2434 4156
39 96 81 136 ,7
387 73 671 115 RET

39 179 57 206 3,
68 174 85 200 6
108 173 205 200 Contra
222 165 390 203 lippitudines
404 168 478 190 retro
496 171 572 189 aures
591 161 687 189 fricare
704 157 816 194 prodest.
919 156 1001 197 Retro
1014 156 1048 184 ad

42 209 94 244 lpes
106 208 190 236 versus
203 200 252 231 iter
265 202 331 229 mihi
344 201 438 228 incidit
459 199 514 225 Cic.
530 200 601 225 Fam.
615 203 637 228 8,
651 204 679 230 ις.
783 194 856 220 ldem
871 191 904 218 de
916 193 1009 219 Dium.
1025 201 1045 233 ι,

38 254 48 275 7
70 243 142 271 Tum
162 241 240 269 visam
254 238 357 265 beluam
380 235 487 267 vastam,
501 242 546 261 etc.
569 231 772 269 praecepiffeque
787 236 814 256 vt
828 234 946 264 pergeret
963 235 1046 269 proti-

38 289 64 306 us
76 289 82 305 :
116 276 178 312 quid
191 282 276 306 retr0‚
295 280 373 308 atque
384 281 399 299 a
412 277 486 305 tergo
500 270 584 300 fieret,
601 277 634 295 ne
646 266 799 307 laboraret..
881 264 962 290 Retro
977 264 1046 290 inhi-

37 315 71 341 ita
82 312 155 339 nauis
173 311 233 338 Liu.
247 318 287 342 30,
303 319 337 335 ιο.
435 308 539 334 Vocare
551 310 621 332 retro
634 303 749 338 aliquem
766 299 1044 341 Virg.Georg.4,495,
1069 300 1084 327 ς

39 350 71 376 ic.
82 347 164 375 Tusc.
176 354 200 380 5,
211 352 239 377 87
278 346 312 371 Vt
329 343 419 370 omnia
438 351 505 377 quae
523 341 574 369 fine
588 348 617 366 ea
629 338 690 369 sint,
709 337 787 376 longe
799 343 824 362 et
840 341 911 362 rctro
925 335 1046 368 ponenda

37 384 121 410 :nseat.
134 388 142 390 “
226 380 291 408 Ibid.
305 382 322 406 6
361 379 441 412 Quod
461 385 514 405 tam
533 377 609 409 longe
625 379 698 400 retro
720 373 847 412 respicere
865 380 920 397 non
935 371 1045 405 potsunt.

39 418 153 445 bduxere
184 422 256 444 retro
285 416 363 450 longe
399 415 483 449 capita
514 412 595 445 ardua
620 409 654 436 ab
686 408 740 436 fietu
783 408 856 441 Virg.
872 408 934 446 Aen,
949 414 976 439 ς,
989 412 1046 439 4²8·

38 454 157 480 bscedcre
169 459 257 484 retro,
283 451 338 478 vid.
359 456 506 478 ABsCFDO.
611 443 755 472 Ambulare
768 449 858 470 retro.
881 442 946 469 Plin.
964 450 991 476 7,
1005 450 1046 475 45·

37 489 214 520 edereffcetro,
225 487 277 521 fiue
290 497 339 513 vna
353 486 477 518 ilic‘h'one,
496 490 524 510 vt
537 476 700 516 aliis'placet,
720 478 902 505 Retrocedere.
940 478 999 505 Liu.
1024 485 1048 510 8,
1072 482 1101 501 ιο
1110 475 1187 502 hatur
1212 473 1303 500 lustin.
1318 474 1384 501 Cod.
1398 483 1417 508 4
1429 479 1447 500 t.
1461 479 1489 503 28
1504 473 1520 500 l.
1534 480 1560 506 7.

47 525 74 552 Si
97 523 188 551 hastati
208 522 349 557 protiigare
375 522 473 548 hostem
495 527 547 544 non
567 517 679 551 poffem,
698 514 763 549 pede
777 516 861 549 press'o
876 522 921 540 eos
934 520 1048 540 retroce-

35 566 101 586 :ntes
113 559 141 586 in
155 559 294 589 interualla
306 558 432 585 ordinum
446 554 572 592 principes
585 550 757 585 recipiebant.
865 549 965 589 Cedens
974 556 1047 589 retro

37 596 84 630 irg.
99 596 163 622 Aen.
178 596 270 626 3,496.
340 594 396 621 Cic.
410 593 440 619 de
453 591 514 618 Nat.
529 589 605 615 Deor.
619 595 641 619 3,
654 595 678 619 31
699 587 821 620 Cumque
833 585 924 611 eadem
938 585 1047 612 vicissim

35 638 84 657 ττι-ο
102 631 265 656 Commeant.
375 630 441 656 Dare
458 632 529 653 retro
539 643 547 657 ,
563 630 589 650 et
605 623 686 649 Retro
701 621 811 648 reddere
830 621 969 647 Marcellus
983 622 1012 648 in
1027 621 1046 648 l.

35 689 39 692 ,
51 666 109 701 quis
120 665 187 692 duos
208 666 239 692 D.
251 666 283 691 de
297 665 419 692 solution.
485 659 622 686 Discedere
635 664 708 684 retro
728 657 832 684 Lucret.
848 666 876 690 4,
890 665 939 689 911.

35 711 50 729 r.
85 701 243 735 Eloquentia
257 707 329 728 retro
342 702 367 728 se
380 698 438 726 tulit
455 696 512 723 Seri.
527 696 680 734 Controu31
695 693 776 728 praef.
816 728 822 732 Π
873 693 966 719 Fluere
973 700 1046 720 retro

36 746 99 764 unes
113 738 198 764 nostra
211 736 279 764 vidit
293 743 360 763 aetas
378 734 473 764 Plim,
484 739 534 763 103.
604 730 682 764 Fugit
696 735 769 756 retro
787 728 863 768 Virgt
872 730 934 756 Aen,
947 735 1046 761 ¹¹:405·

35 782 56 799 ·e
69 778 142 800 retro
162 774 229 800 Hor.
245 773 362 804 Carm.3,
374 778 410 802 ιο,
420 777 457 795 ιο.
560 766 703 799 Properate
717 772 789 791 retro
810 765 978 799 OmaAEpist.
986 772 1008 796 ς,
1016 772 1048 795 31.

35 809 76 834 lin.
88 809 117 834 in
133 809 224 844 Paneg.
238 813 264 840 38
284 809 338 835 Cur
349 805 418 833 enim
430 802 538 839 posteris
550 802 665 836 amplior
677 800 778 831 honor,
799 809 878 834 quam
898 799 1047 827 maioribus

35 844 178 871 aberetur3
214 852 294 870 curue
315 849 385 870 retro
407 847 512 875 quoque
536 843 683 864 recurreret
702 837 820 871 aequitas
833 836 947 862 eadem?
983 838 1001 861 ι’.
1015 834 1049 860 ad
1055 837 1089 855 20

230 880 294 906 Inde
305 877 336 905 ad
348 876 416 903 hunc
428 874 521 901 orbem
534 871 704 906 Redii,Vnde
716 878 789 899 retro
804 881 882 898 nemo
903 872 958 898 Sen.
967 872 1048 897 Herc.

28 886 168 949 ‘'siffridi-48.
239 913 340 942 Referri
357 917 428 940 retro
459 911 535 944 Virg.
548 909 645 943 Georg.
661 917 687 942 1,
703 916 764 935 200.
873 908 959 934 Ruere
971 912 1047 933 retro

35 958 73 978 at.
87 950 180 977 Theb.
193 959 229 983 12,
243 958 278 985 ¹9·
381 945 509 980 Qiine'fil.
524 954 561 976 10,
574 954 596 977 3,
610 948 626 971 6
645 944 783 978 Expulsuri
797 943 847 970 tela
860 951 957 969 neruos
972 948 1046 968 retro

35 985 173 1013 'endimum
277 983 355 1011 Versa
367 988 439 1009 retro
456 982 530 1017 Virg.
545 983 607 1007 Aen.
623 989 659 1011 ιο,
673 982 699 1007 6.
792 980 924 1013 Retroago
936 984 960 1004 et
968 978 1046 1014 plura

35 1022 41 1048 l
58 1032 133 1058 gemas
144 1022 229 1048 damus
234 1018 340 1058 seorsim.
533 1015 555 1054 ff
574 1026 589 1043 z
617 1017 764 1052 Frequenter
777 1015 811 1041 ad
821 1021 913 1050 tempus
921 1016 1046 1050 praeteri-
1054 1012 1083 1038 ¹5

36 1068 64 1083 1771
77 1057 196 1094 refertur.
265 1057 320 1082 Huc
326 1056 438 1090 pertinet
451 1055 517 1080 Iocus
531 1055 626 1085 Plinii,
645 1061 713 1087 quem
728 1051 796 1078 modo
817 1050 927 1077 dedimus
947 1053 975 1076 in
997 1049 1047 1075 Re-

39 1103 120 1120 u·rere
134 1099 213 1120 retro.
313 1091 354 1118 sic
367 1089 417 1116 Iul.
431 1089 544 1126 Capitol.
559 1089 586 1115 in
598 1088 732 1114 Pertinace
749 1098 754 1113 ε
789 1085 933 1121 Stipendia,
948 1085 1048 1119 inquit,

35 1129 134 1156 lurimis
145 1134 214 1155 retro
228 1125 314 1154 debita
329 1125 450 1152 exsoluit.
556 1125 660 1151 Pacatu·
681 1123 708 1150 in
727 1123 818 1157 Paneg.
840 1121 990 1149 Theodosii
1001 1128 1044 1161 pr.

39 1174 81 1191 um
97 1171 121 1191 te
133 1164 230 1197 semper
248 1158 314 1188 vltra
327 1171 417 1188 omnes
431 1166 503 1187 retro
517 1160 648 1195 principes
663 1159 763 1186 laudari
776 1158 934 1193 oportuerit.
976 1156 1043 1183 le.

35 1200 89 1234 pist.
104 1208 140 1231 10,
156 1207 195 1231 119
231 1198 282 1224 Hic
301 1206 424 1232 quoque,
442 1197 494 1230 ait,
514 1205 567 1223 non
586 1195 758 1222 mediocriter
775 1195 887 1225 haereo,
907 1202 941 1220 ne
961 1193 1046 1219 cuius·
1059 1195 1094 1220 30

35 1244 90 1261 uani
114 1240 184 1261 retro
205 1233 331 1260 habeatur
353 1233 440 1265 ratio,
459 1231 624 1267 dandumque
647 1231 719 1267 quod
732 1237 792 1257 tune
806 1239 887 1265 quum
901 1230 1047 1261 vincerent,

36 1280 65 1296 an
79 1269 230 1296 debebatur.
332 1270 421 1303 Quini
435 1267 461 1294 id
474 1268 506 1294 ab
520 1268 579 1294 aliis
592 1274 663 1294 retro
675 1267 775 1294 saelum
789 1265 943 1292 recordarer
974 1265 1046 1292 Ter-

35 1306 69 1332 111.
84 1305 115 1332 ad
132 1306 181 1332 Vx.
191 1313 215 1337 2,
230 1314 253 1332 2.
323 1305 379 1337 Sic,
399 1304 572 1335 Retro-anui,
592 1302 800 1335 Retro-saecula,
821 1309 866 1328 etc.
888 1309 935 1336 per
949 1300 1046 1336 hyphen

39 1348 136 1368 cuntur.
176 1341 233 1367 lftd.
252 1341 373 1368 Borrich.
387 1340 475 1374 Cogit.
488 1339 547 1366 adu.
559 1340 663 1373 Sciopp.
677 1348 701 1373 p.
716 1345 773 1367 282.
807 1344 831 1364 ct
845 1338 950 1364 Gruter.
965 1336 1044 1363 inser.

35 1397 38 1403 .
54 1382 94 1406 281
107 1386 133 1402 n.
146 1387 173 1410 4.
209 1383 232 1402 ct
251 1386 274 1410 p.
287 1382 331 1408 283
346 1385 371 1402 n.
385 1384 414 1402 ιι,
609 1373 630 1410 ἢ
658 1383 670 1407 3
707 1374 803 1404 Retro,
818 1380 865 1408 pro
879 1374 989 1404 Contra,
1008 1373 1082 1403 vcl35

36 1412 156 1447 conuersi).
209 1411 249 1437 Ab
271 1413 326 1438 imo
341 1411 372 1437 ad
387 1412 514 1436 summum
527 1419 555 1436 ac
569 1415 656 1442 retro,
675 1409 751 1435 inulti
765 1410 822 1435 sunt
837 1408 930 1443 gradus
960 1408 1046 1441 Qiin-

35 1448 68 1474 ιἰΙ.
83 1456 114 1477 ιι,
128 1455 150 1479 3,
164 1454 195 1479 ις.
299 1447 435 1473 Africanus
448 1446 476 1472 in
491 1446 506 1472 l.
521 1446 546 1472 Si
561 1445 591 1472 de
605 1454 637 1471 eo
661 1446 691 1471 D.
706 1444 737 1471 de
749 1453 822 1480 aequ.
838 1445 880 1470 vel
892 1444 977 1470 amitt.
991 1445 1047 1477 pos-

36 1484 67 1508 ⁴sl‘.
89 1482 151 1509 Non
168 1482 229 1509 idco
239 1482 320 1516 magis
333 1482 382 1508 hoc
395 1488 512 1516 tempore
525 1481 589 1508 clam
605 1479 729 1516 possidere
740 1490 782 1506 me
795 1480 882 1507 videri
895 1481 941 1506 ait.
975 1480 1046 1506 Nam

36 1525 89 1544 :tro
102 1526 217 1552 quoque,
230 1517 246 1544 fi
261 1519 339 1544 sciens
353 1524 426 1544 tuum
439 1526 493 1543 nou
506 1526 519 1543 a
532 1517 642 1543 domino
655 1518 777 1547 emerim,
796 1522 842 1541 etc.

51 1560 68 1579 R
80 1559 124 1578 1va
133 1560 150 1579 R
162 1558 181 1578 0
192 1553 238 1580 λ’(ῑ
249 1562 276 1588 υ,
290 1553 340 1588 egi,
352 1553 446 1584 aetum,
460 1555 512 1579 ere.
549 1551 729 1586 [dvoexam-c'g‘w,
743 1548 892 1584 ivanoellg'w]
929 1549 956 1576 Si
968 1555 1049 1575 tamen
1059 1555 1096 1579 40

36 1585 117 1612 vnc'lim
132 1587 324 1624 efflanda-jhu!
335 1590 406 1615 talia.
456 1588 521 1615 Plin.
536 1595 563 1622 7,
581 1598 619 1622 44
645 1588 696 1614 Aut
711 1595 776 1621 quos
789 1594 842 1610 non
859 1585 974 1612 honores
990 1594 1048 1610 cur-

38 1630 108 1656 isque
127 1623 173 1648 illa
193 1623 236 1650 sua
258 1624 386 1650 violentia
405 1624 511 1651 fortuna
524 1623 666 1654 τεῑιοέεἰῐ,
688 1631 734 1656 per
749 1620 861 1647 mediam
875 1620 967 1646 vrbem
979 1620 1048 1645 Cen-

36 1666 70 1683 ·re
83 1656 166 1682 trafto
183 1659 192 1683 3
261 1660 376 1693 Capillos
389 1667 540 1692 retroagcre
563 1653 691 1690 Qi‘nc'tss.
706 1665 736 1688 ιι,
752 1666 773 1688 3,
787 1657 839 1682 163.
943 1653 1048 1687 Exposi-

36 1701 111 1760 pcrligng
132 1691 218 1754 ¹Idem
234 1701 259 1726 2,
279 1704 306 1726 4,
322 1702 354 1726 ις.
460 1693 589 1721 Ordinem
630 1692 759 1726 Qiinch'l.
773 1700 810 1724 12,
824 1700 849 1723 2,
866 1698 903 1716 ιο.
974 1689 1088 1749 Confi&

109 1750 115 1761 ,
145 1747 150 1753 .

47 1770 118 1790 RET
131 1768 267 1790 ROACT
281 1768 333 1794 vs,
347 1771 370 1796 a,
384 1772 437 1790 um.

36 1799 84 1826 stus
99 1804 206 1825 vocatur
224 1798 387 1833 Anapaestus.

52 1841 71 1862 R
82 1840 97 1860 Ε
106 1841 126 1860 Τ
134 1841 152 1861 R
160 1841 179 1861 o
187 1841 204 1862 c
215 1835 231 1861 1'3
240 1841 257 1861 D
265 1841 294 1867 o,
307 1836 360 1861 e're.
395 1834 453 1861 Liu.
466 1839 490 1869 8,
504 1840 518 1866 8
537 1834 603 1862 Pede
618 1835 700 1870 presso
716 1832 920 1862 retrocedentes.

51 1877 67 1897 R
76 1877 121 1897 ET
130 1876 150 1896 R
160 1876 202 1908 O'C
211 1875 227 1896 Ε
239 1877 251 1898 s
261 1878 273 1897 s
283 1877 302 1896 v
312 1877 335 1904 S,
349 1869 386 1899 fis.
419 1880 454 1900 m.
491 1872 567 1907 Apul.
582 1871 673 1899 Doctr.
685 1870 749 1899 Plat.
765 1880 773 1898 1
789 1880 813 1906 p.
830 1879 855 1903 53
873 1869 1003 1896 Proceffus
1020 1873 1046 1895 et

36 1906 176 1939 rtroccss'us‚
191 1914 236 1934 etc.
1056 1905 1088 1930 50

49 1944 319 1975 ιιιῑτκσσιτνς,
344 1950 374 1975 a,
393 1951 447 1969 um.
512 1943 615 1970 Lucret.
632 1952 665 1976 4,
678 1944 728 1977 546
776 1942 827 1968 Aut
845 1941 958 1968 reboant
983 1948 1045 1966 rau-

39 1988 73 2005 ιιιι
93 1979 215 2005 retrocita
234 1987 331 2005 cornua
349 1979 485 2006 b6mbum.
506 1979 697 2015 1'.r‹‘trostexa,
718 1984 907 2010 retrocuruam,
927 1986 986 2013 quae
992 1974 1049 2008 sta-

37 2024 59 2040 m
72 2014 181 2040 dabimus
194 2023 221 2040 ex
235 2016 326 2041 Plinio.

51 2056 68 2075 R
78 2056 94 2076 Ε
105 2055 127 2075 Τ
139 2056 157 2076 R
167 2055 185 2076 Ο
195 2056 211 2077 C
220 2056 239 2075 v
249 2057 266 2076 R
276 2057 295 2076 v
306 2056 327 2075 Α
337 2055 358 2076 Τ
368 2057 387 2076 v
396 2057 408 2077 s
417 2070 425 2083 ‚
457 2059 471 2076 a
479 2069 486 2081 ‚
518 2059 572 2077 um.
626 2050 722 2077 Pontus
748 2048 866 2076 Euxinus
879 2056 974 2082 magno
989 2046 1049 2073 lito-

34 2094 75 2111 um
89 2085 158 2111 flexu
170 2092 364 2112 retrocuruatus
380 2086 407 2112 in
420 2094 517 2112 cornua
534 2086 599 2112 Ptin.
612 2095 638 2118 4,
654 2094 690 2113 ιι.

53 2126 127 2181 {ET
138 2126 157 2146 R
168 2127 187 2148 ο
196 2126 214 2147 D
223 2122 267 2148 s'c
278 2127 297 2148 0
306 2141 314 2153 ‚
338 2123 390 2148 ere.
427 2121 532 2148 Vitruu.
548 2130 586 2154 10,
600 2124 616 2148 6
630 2128 694 2148 extr.
721 2120 827 2147 Necesse
839 2124 894 2146 erat
908 2119 997 2146 rursus
1012 2126 1051 2145 re-

34 2164 57 2181 ὀ
77 2164 161 2182 utere.

50 2198 67 2217 R
77 2197 92 2218 Ε
102 2197 123 2217 T
132 2198 151 2218 R
160 2198 179 2218 ο
190 2193 233 2219 1'3'0
243 2212 251 2225 ,
268 2193 306 2219 iui
315 2211 321 2223 ‚
334 2195 382 2219 ire.
419 2191 585 2228 [οἷναχωρέυ]
622 2192 688 2219 Plin.
703 2194 763 2223 2,16
781 2191 907 2218 Rctroire
920 2190 1051 2224 incipiunt

38 2226 111 2254 ellae.
219 2228 282 2254 md.
318 2228 348 2254 Et
361 2228 474 2254 retroire
486 2229 557 2263 cogit
570 2238 654 2263 vapor
673 2229 836 2261 repercutias.

52 2268 70 2287 R
82 2268 152 2289 ETR
163 2268 181 2289 0
194 2268 210 2288 F
221 2262 236 2289 ἔ
246 2270 262 2289 R
275 2269 306 2295 0,
321 2263 381 2293 fers,
395 2264 456 2296 tuli,
469 2264 557 2290 litum.
595 2264 750 2290 Retroserre
766 2263 805 2290 sc,
822 2269 869 2294 pro
884 2257 1050 2296 Reti-oretirre.
1061 2251 1095 2274 60

33 2306 106 2324 :neca
120 2298 146 2324 iu
162 2299 240 2332 praef.
253 2299 324 2325 Deci.
363 2299 461 2325 Nescio
482 2309 533 2332 qua
554 2299 696 2330 iniquitate
717 2303 741 2321 ct
755 2295 786 2320 ad
805 2295 903 2320 malum
919 2298 1051 2326 pronitate

33 2339 119 2360 mirae
132 2333 279 2368 eloquentia
295 2335 319 2360 se
332 2334 506 2359 retrotulerit.

51 2376 68 2396 R
78 2376 93 2396 [Ξ
103 2375 124 2395 Τ
134 2377 181 2396 Ro
190 2377 205 2395 1.
217 2370 236 2395 ,ἆ
247 2376 266 2393 Τ
278 2377 295 2393 ν
305 2378 329 2399 s,
344 2376 426 2398 a,um.
450 2366 544 2392 Partic.

32 2404 176 2431 metianum
190 2403 341 2429 auftoritas.

48 2447 67 2466 R
79 2446 93 2465 Ε
105 2445 126 2464 Τ
139 2445 156 2464 R
168 2444 187 2463 O
201 2443 215 2463 F
227 2444 243 2463 1.
254 2444 270 2463 Ε
282 2443 298 2463 C
309 2444 328 2464 ‘r
337 2444 366 2469 O,
384 2438 436 2463 erc.
471 2437 574 2462 Petron.
595 2437 642 2460 126
674 2435 755 2460 Frons
773 2432 874 2460 radices
892 2430 1049 2466 capillorum
1065 2425 1097 2458 65

32 2475 202 2500 :tronexcrat

52 2513 356 2536 R13TROFLEXVS,
389 2515 422 2536 a,

36 2553 78 2570 unt
94 2543 207 2577 effligere
220 2540 305 2575 lapide
324 2540 408 2574 gestit.

52 2586 69 2605 R
78 2585 94 2604 E
104 2585 124 2604 T
133 2585 151 2604 R
161 2584 179 2603 ο
187 2583 206 2603 G
217 2584 233 2602 R
243 2583 263 2602 Α
275 2583 292 2602 ι)
304 2583 340 2602 10
351 2583 368 2602 R
376 2596 383 2608 ,
401 2574 467 2605 eris,
499 2575 592 2608 gressus
625 2575 696 2604 sum,
727 2572 811 2608 gradi.
847 2571 1049 2607 [οἷγαχάξομαι]

34 2614 78 2639 lin.
92 2621 116 2643 2,
130 2620 154 2645 ις
175 2611 215 2639 Ab
229 2612 270 2638 his
282 2610 510 2646 retrogradiuntur
524 2610 554 2636 ad
569 2609 667 2641 solem,
688 2616 713 2636 et
733 2610 823 2636 occasu
839 2609 990 2643 vespertino
1006 2607 1049 2634 de·
1060 2612 1094 2638 70

35 2649 140 2676 tescunt.
209 2647 281 2674 ldem
295 2653 316 2678 8,
329 2656 353 2679 ις
371 2646 413 2673 Ob
428 2646 455 2672 id
470 2645 661 2679 retrograditur
678 2645 705 2671 in
719 2645 854 2678 pascendo.

50 2690 234 2711 RETROGR
246 2682 348 2713 Nox-s,
363 2691 386 2716 a,
402 2691 456 2708 um.
497 2681 557 2707 Adi.

31 2718 166 2754 :ograduiu
180 2719 238 2745 ficri
251 2718 413 2745 Mercurium
431 2716 497 2744 Plin.
512 2725 538 2749 2,
552 2725 588 2751 17.

53 2756 91 2781 ist.
107 2759 119 2784 8
145 2763 176 2781 ιι.

35 2765 71 2851 pit}
83 2774 130 2816 13¹1³
140 2795 158 2816 R
169 2795 216 2817 OG
226 2797 244 2816 R
254 2788 272 2816 X
281 2797 299 2817 D
308 2796 336 2821 ο,
348 2792 401 2815 arc.
437 2788 516 2816 Mart.
531 2787 631 2823 Capell.
645 2793 658 2818 8
671 2797 696 2822 p.
708 2796 758 2820 300
766 2787 795 2824 f.
824 2787 871 2814 Eas
885 2786 1050 2821 retrograda·
1067 2787 1098 2815 75

31 2835 43 2852 ⁵:
68 2830 126 2852 acu.
225 2851 230 2854 .

50 2868 68 2887 R
77 2867 122 2888 ET
134 2866 150 2887 R
161 2867 180 2887 o
190 2866 210 2886 G
221 2867 239 2887 R
251 2867 270 2887 A
280 2867 298 2887 n
308 2867 358 2887 AT
367 2867 376 2885 1
386 2865 414 2889 0.
432 2858 498 2885 anis.
520 2859 541 2886 f.
577 2859 656 2886 Mart.
669 2859 732 2894 Cap.
747 2864 760 2889 8
777 2868 801 2893 p.
810 2863 858 2892 298
877 2857 1051 2893 Retrograda-

31 2897 89 2923 ione
103 2895 141 2923 sui
156 2896 268 2925 viciniae
281 2896 342 2922 solis
356 2895 483 2921 admotus.

53 2937 216 2959 RETROG
231 2937 385 2963 nrssvs‚
418 2929 456 2956 us.

31 2968 124 2997 sessum
137 2967 199 3002 agit.
422 2992 427 2997 ,

23 3035 28 3046 '
55 3001 294 3064 Rri'rRoLY-,Go
308 3022 316 3033 ‚
345 3004 399 3031 dre.
441 3000 571 3034 Quinem.
590 3000 662 3027 Decl.
683 3003 700 3027 6
728 3010 754 3038 p.
781 3006 813 3032 80
849 3001 939 3028 Curua
972 3000 1053 3028 litora

31 3044 91 3064 etro
102 3047 116 3064 e
134 3047 159 3064 o.

58 3047 134 3100 Reti·
147 3080 162 3098 R
174 3079 193 3099 o
206 3079 221 3098 r
233 3069 424 3105 rnnlevs,
437 3081 459 3103 a,
473 3081 526 3099 um.
548 3071 607 3098 Adi.
641 3071 720 3106 Apul.
735 3072 799 3098 Met.
814 3079 836 3105 ς.

57 3113 290 3135 κιε-Τιὶοιιςνς
320 3109 359 3134 vel
384 3114 458 3134 RE‘r
471 3115 488 3134 R
502 3113 598 3134 oRsv
610 3113 641 3133 Μ.
664 3107 730 3134 Adu.
766 3107 868 3140 [o'm'm‚
882 3106 912 3132 εἰς
924 3106 948 3132 τ’
960 3105 1074 3141 o'm'aw]'

489 1762 620 1794 Quinctil.
639 1771 671 1796 9,
691 1772 725 1798 4,
745 1768 769 1792 81
807 1760 933 1794 Dac‘tylut
957 1766 1044 1788 retro-

1058 2086 1086 2112 55

581 2364 761 2392 Cod.Theod.
776 2373 810 2396 ¹3,
825 2373 834 2390 1
855 2362 1049 2390 Reti-elatarum

447 2513 500 2531 um.
555 2503 632 2538 Apul.
645 2503 707 2530 Met.
722 2511 734 2534 3
748 2511 772 2537 p.
790 2510 880 2535 131‚4o
920 2501 1050 2528 Retroste.

593 2678 759 2715 [olvxnodi'g‘wv.
774 2680 892 2716 ἇῶοξροε]
937 2681 981 2712 Vt,
1002 2680 1052 2706 Re-

679 2716 786 2743 Firmic.
803 2725 812 2743 1
828 2726 849 2742 c.
866 2725 886 2742 2.
921 2748 923 2756 ἔ
961 2715 1052 2742 Sidon.

496 2939 532 2956 m.
569 2929 686 2957 Macrob.
701 2929 802 2957 Saturn.
818 2939 838 2963 1,
854 2938 882 2965 17
909 2929 952 2956 Sol
967 2935 1051 2956 retro·
1068 2966 1080 2992 8

1083 2970 1099 2986 0

1500 65 1773 105 REV

1107 163 1139 191 pe
1152 155 1267 183 retrorsa
1280 152 1421 188 respiciens
1436 152 1555 180 substitit.
1573 155 1592 179 i.
1611 152 1721 187 Reflexa,
1733 153 1865 189 obliquata.
1905 157 2042 184 viridem
2054 164 2082 190 4,
2097 163 2152 190 ¹43·

1110 193 1222 227 Compar,
1259 189 1435 217 Retrorfiores
1449 188 1611 223 primoribus
1624 189 1717 215 vestris
1732 189 1892 223 sapientibus
1911 191 2029 219 Termll,
2044 192 2153 227 Apol,c.

1112 236 1147 260 19.
1168 231 1186 253 ι’.
1207 224 1359 259 vetustiores.
1396 224 1575 251 Retrorfiores
1590 223 1690 251 videtur
1702 224 1785 252 deberi
1801 224 1916 258 Meueyio.
1967 229 2036 255 Editi
2045 249 2054 261 ‚
2070 227 2154 261 credo,
2180 254 2184 256 ,

1109 272 1189 290 omnes
1202 261 1364 289 Retrofiores
1377 270 1392 285 a
1405 266 1486 287 retro.

1145 306 1164 325 R
1174 305 1191 325 E
1200 303 1223 324 Τ
1234 303 1252 323 R
1264 305 1283 324 o
1293 295 1360 330 SEC
1370 303 1390 322 V
1399 303 1422 322 S.
1464 295 1532 322 Adu.
1569 294 1661 321 Tacit.
1675 295 1766 321 Germ.
1784 299 1821 327 38,
1836 303 1849 327 3
1870 294 1943 328 Apud
1957 296 2056 324 Sueuos
2070 307 2155 333 vsque

1109 334 1142 361 ad
1156 332 1282 360 canitiem
1296 333 1448 359 horrentem
1464 330 1589 365 capillum
1603 331 1758 357 retrosecus.
1795 330 1869 365 Conf.
1884 329 1948 363 lio-[7]
1959 333 2036 365 Etym.
2046 339 2133 366 p.461.

1148 376 1168 396 R
1179 374 1195 394 E
1204 375 1225 394 T
1235 374 1253 394 R
1264 375 1282 395 ο
1292 376 1304 395 s
1314 366 1377 395 P'ic
1387 373 1435 400 10,
1448 368 1502 393 ere.
1540 367 1645 393 Vitruu.
1660 373 1685 398 9,
1699 365 1832 402 4subfin.
1869 366 1987 392 Orientis
2002 367 2094 394 orbem
2108 369 2153 395 Sol

1111 403 1307 437 retrospiciens.
1665 428 1669 433 ,

1146 446 1165 466 R
1174 445 1191 465 E
1200 444 1221 464 T
1231 445 1249 464 R
1257 445 1277 464 Ο
1286 446 1307 465 Τ
1319 445 1339 465 R
1349 446 1370 466 A
1379 444 1401 464 Η
1410 444 1429 465 0
1439 458 1448 470 ,
1466 439 1520 464 ere.
1557 438 1626 464 Cum
1640 437 1727 463 omnis
1741 435 1898 463 ratihabitio
1912 437 2016 472 prorsus
2031 443 2154 465 retrotra-

1633 473 1711 499 Idem
1724 472 1794 505 quali
1808 473 1908 499 sursum
1924 473 2012 499 versus
2031 480 2156 507 retroque

1109 511 1228 538 trahatur
1251 510 1306 536 Cic.
1323 510 1411 537 Partit.
1424 510 1498 536 Orat.
1514 517 1550 542 24
1562 518 1584 534 c.
1597 516 1623 543 7.
1660 510 1693 534 αΙ.
1712 508 1824 533 dicatur.

1147 551 1166 571 R
1178 551 1195 571 ε
1206 550 1228 571 Τ
1239 551 1343 571 RoTR
1355 553 1363 571 1
1374 543 1525 577 Μί-Ξτεκ,
1539 544 1584 571 tri.
1625 553 1660 569 m.
1697 542 1827 576 Qiinc'til.
1842 551 1867 575 9,
1883 552 1910 575 4,
1924 552 1958 575 90
1975 542 2018 569 Sol
2033 543 2099 569 adeo
2113 543 2156 569 ad-

1110 582 1201 644 itcilngat
1223 581 1442 608 retrotrimetros.
1513 579 1561 608 Sed
1577 579 1675 613 diunim
1695 576 1761 605 recle
1773 580 1867 614 legitur
1882 589 1890 603 .·
1922 582 2034 615 pertinet
2047 583 2110 605 enim
2124 577 2158 606 ad

1108 626 1123 644 a
1144 623 1242 649 iungat.

2085 74 2154 118 198

984 658 1046 684 fer-
1075 658 1101 684 ις
1144 659 1163 678 R
1173 658 1190 678 E
1198 657 1220 676 T
1228 658 1246 677 R
1256 657 1275 677 o
1285 657 1305 676 v
1313 657 1330 677 E
1339 657 1359 676 ιι
1368 657 1403 682 o,
1417 654 1470 678 ere.
1505 650 1592 677 Senec.
1606 650 1686 676 Herc.
1703 648 1754 676 fur.
1770 655 1824 683 8¹7·

1145 694 1163 714 R
1173 693 1219 713 ET
1232 693 1251 712 R
1265 693 1284 712 0
1296 693 1316 712 v
1327 692 1343 711 E
1354 693 1372 711 R
1382 693 1394 711 s
1405 694 1422 711 x·
1433 695 1455 719 s,
1468 696 1492 719 a,
1507 695 1561 713 um.
1582 685 1644 712 Adi.
1681 685 1834 712 OuidMet.
1847 694 1875 718 4,
1889 686 1935 718 653
1955 685 2011 719 lpse
2024 692 2158 714 retrouer-

1110 724 1151 750 sus
1165 722 1320 757 squallentia
1335 721 1451 756 prodidit
1466 731 1523 749 ora.
1594 721 1669 756 Conf.
1682 720 1766 747 Solin.
1778 729 1805 753 4.
1840 728 1862 746 et
1877 721 1992 747 Laetant.
2009 725 2071 751 1,16.

1148 764 1281 785 RETRO
1294 763 1312 781 v
1326 764 1342 783 E
1354 763 1455 787 Rsvs‚
1480 764 1496 783 R
1508 763 1746 784 ETRovistv
1757 763 1790 782 M.
1811 755 1879 782 Adu.
1917 757 1988 783 Hace
2003 758 2157 784 coloniare-

1109 795 1243 822 trouersus
1257 793 1357 821 crescit.
1371 799 1494 827 tanquam
1508 791 1573 819 coda
1586 793 1666 820 vituli
1694 793 1797 818 Petron.
1812 801 1833 817 c.
1849 801 1895 824 44.
1968 793 2158 820 Retrouersum

1111 830 1199 857 cedam
1219 829 1299 856 Plaut.
1314 835 1354 864 ap.
1371 828 1444 854 Non.
1458 837 1483 860 2,
1497 837 1552 860 592.
1642 828 1765 855 Numero
1778 827 1956 854 retrouersum
1969 828 2076 855 cedente
2101 831 2158 856 Ma-

1110 865 1183 892 crob.
1196 865 1247 892 Sat.
1262 873 1281 896 1,
1296 872 1334 898 17.
1404 864 1527 895 Rursum,
1541 864 1577 890 est
1591 864 1772 891 retrouersuru
1786 874 1793 890 :
1829 869 1857 890 vt
1868 865 2003 898 prorsum,
2017 865 2090 900 prius
2100 873 2157 892 ver-

1109 903 1167 928 sum
1188 902 1284 928 Donat.
1298 899 1332 926 ad
1345 899 1413 926 Ter.
1429 898 1539 933 Adelph.
1557 909 1576 932 ι,
1592 908 1610 926 ι.

1148 944 1168 964 R
1176 944 1193 964 E
1203 943 1224 962 Τ
1235 943 1253 962 R
1264 942 1284 962 o
1295 943 1315 962 v
1323 942 1340 962 ιε
1350 942 1368 961 R
1379 943 1390 962 s
1400 943 1408 961 1
1421 942 1458 961 M.
1481 933 1548 961 Adu.
1585 934 1764 961 Retrouerfim
1780 933 1872 961 cedere
1891 933 1930 961 Cl.
1945 935 2068 962 Mamert.
2083 945 2102 968 1,
2112 944 2138 971 7.

1146 979 1166 999 R
1178 979 1194 999 E
1204 978 1226 999 T
1236 979 1256 999 R
1265 973 1312 997 VD
1322 978 1351 1004 O,
1366 970 1393 1003 si,
1409 972 1472 1000 ssim,
1494 973 1546 997 ere.
1584 970 1716 1005 [deSe'w]
1753 971 1828 996 Retro
1842 970 1948 996 trudere.
1987 972 2067 998 Plaut.
2080 971 2158 1006 Epid.

1109 1017 1135 1041 2,
1149 1018 1171 1041 2,
1184 1011 1221 1042 64
1238 1007 1321 1042 Coepi
1335 1008 1438 1033 rursum
1453 1007 1559 1032 vorsum
1574 1005 1605 1032 ad
1622 1006 1679 1033 illas
1693 1005 1859 1041 pauxillatim
1875 1007 2012 1040 accedere,
2033 1008 2103 1048 quasi
2117 1017 2158 1035 re—

1110 1045 1228 1071 truderet
1244 1043 1383 1070 hominum
1398 1051 1441 1068 me
1454 1042 1494 1068 vis
1510 1041 1636 1068 inuitum.
1742 1042 1812 1076 Sulp.
1826 1041 1914 1069 Seuer.
1929 1042 1992 1068 Vita
2006 1044 2114 1071 Martin.
2135 1053 2160 1071 c.

1109 1090 1129 1114 4
1148 1080 1259 1107 Retrudi
1273 1079 1302 1105 in
1317 1078 1461 1105 custodiam
1477 1077 1592 1103 iubetur.
1616 1088 1617 1091 ¹

1113 1131 1117 1134 ·
1148 1122 1167 1142 R
1178 1123 1194 1142 Ε
1203 1123 1224 1143 Τ
1234 1122 1253 1142 R
1262 1116 1304 1142 Vs
1313 1122 1366 1147 vs,
1381 1123 1405 1146 a,
1418 1122 1472 1140 um.
1494 1112 1588 1139 Partic.
1626 1111 1682 1138 Cic.
1696 1112 1773 1138 Verr.
1789 1119 1809 1143 1,
1821 1118 1839 1145 7
1852 1121 1873 1138 c.
1882 1120 1894 1144 3
1913 1113 2057 1141 Simulacra
2074 1113 2159 1143 iacent

1110 1150 1143 1178 ab
1160 1152 1209 1178 isto
1223 1151 1323 1178 retrusa
1337 1156 1416 1184 atque
1431 1148 1530 1175 abdita.
1636 1148 1693 1173 Cic.
1708 1148 1739 1172 de
1752 1147 1826 1172 Orat.
1842 1155 1867 1179 1,
1882 1152 1913 1181 87
1927 1158 1947 1173 c.
1965 1157 1991 1180 ¹9
2032 1151 2102 1178 Haec
2114 1160 2160 1177 au.

1111 1195 1165 1214 tem
1182 1188 1229 1214 else
1243 1187 1347 1222 penitus
1360 1186 1388 1212 in
1403 1184 1490 1211 media
1506 1181 1677 1217 Philosophia
1691 1184 1790 1209 retrusa
1805 1188 1883 1216 atque
1898 1184 2005 1217 abdita,
2036 1194 2103 1220 quae
2116 1187 2160 1213 isti

1110 1223 1230 1250 rhetores
1245 1231 1277 1249 ne
1291 1220 1455 1257 primoribus
1470 1219 1583 1255 quidem
1595 1219 1676 1245 labris
1695 1218 1844 1252 attigissent.

1146 1266 1166 1286 R
1176 1266 1192 1286 E
1202 1266 1224 1286 T
1237 1265 1255 1283 V
1267 1266 1289 1285 N
1299 1265 1317 1285 D
1327 1265 1356 1291 O,
1370 1256 1439 1290 tudi,
1453 1256 1550 1287 tusum,
1564 1257 1617 1287 ere.
1655 1253 1812 1289 [ἐπιχέῃ-τω,
1826 1253 1960 1288 οἷμβλύιω]
2014 1256 2160 1291 Repercute.

1108 1305 1152 1328 νε,
1171 1294 1292 1330 cuspidem
1305 1296 1346 1321 oe!
1356 1297 1432 1320 aciem
1448 1288 1558 1319 ati'cuius
1571 1292 1609 1317 rei
1622 1291 1667 1326 vsu
1683 1293 1759 1316 nimio
1778 1291 1818 1316 uel
1836 1292 1885 1316 alio
1905 1291 1961 1326 casu
1981 1291 2161 1328 perstringere,

1109 1339 1181 1367 atque
1195 1332 1315 1357 hebetare.
1353 1329 1420 1356 Ptin.
1435 1331 1473 1362 16,
1487 1337 1524 1361 40
1545 1327 1737 1361 Argumentum
1750 1325 1871 1356 afferunt,
1881 1326 1952 1360 quod
1965 1327 2083 1354 citillime
2098 1330 2162 1355 asci-

1108 1376 1135 1394 as
1148 1365 1279 1393 retundat.
1398 1366 1509 1392 Ferrum
1524 1361 1664 1390 retundere
1677 1362 1774 1395 iugulis
1794 1362 1889 1387 Lucan.
1902 1364 1928 1393 6,
1942 1364 1980 1387 61.
2060 1364 2116 1390 Cic.
2131 1365 2162 1391 in

1111 1402 1191 1429 Catil.
1207 1412 1228 1433 3,
1241 1410 1256 1428 2
1268 1411 1290 1428 c.
1306 1411 1314 1427 1
1335 1400 1473 1434 iidemque
1487 1399 1588 1433 gladios
1601 1398 1628 1423 in
1638 1395 1779 1430 Rcmpubl.
1793 1396 1926 1423 districios
1940 1396 2095 1430 retudimus,
2103 1409 2162 1427 mu-

1111 1446 1256 1471 croucsque
1268 1446 1362 1463 eorum
1376 1445 1389 1461 a
1406 1435 1503 1469 iugulis
1517 1433 1610 1460 vestris
1628 1433 1778 1459 reiecimus.
1896 1432 1969 1458 ldem
1990 1442 2038 1466 pro
2052 1435 2161 1462 Cluent.

1113 1481 1154 1504 123
1169 1482 1190 1499 c.
1206 1482 1243 1505 44
1261 1472 1304 1499 Ne
1318 1472 1477 1498 Censorium
1491 1470 1580 1496 stilum
1590 1488 1597 1500 ,
1617 1469 1690 1494 cuius
1704 1475 1856 1493 mucronem
1871 1468 1962 1493 multis
1976 1469 2162 1497 remediisma-

1113 1509 1184 1535 iores
1197 1508 1280 1534 nostri
1293 1507 1478 1537 retrudet-unt,
1497 1513 1579 1539 aeque
1594 1503 1700 1538 posthac
1713 1508 1791 1536 atque
1812 1501 1889 1527 illum
1908 1503 2089 1530 Diciatorium
2108 1507 2162 1539 gla-

1113 1543 1189 1570 dium
1211 1544 1434 1576 pertimescamus.
1551 1537 1754 1572 Irnprobitatem
1772 1537 1884 1563 alicuius
1897 1539 2051 1569 retundere,
2071 1541 2162 1576 Repri.

1112 1586 1175 1605 mer‘e
1195 1577 1325 1611 Qiinftil.
1340 1580 1367 1608 6,
1380 1585 1407 1610 4.
1493 1575 1624 1608 Linguam
1639 1579 1664 1600 et
1679 1574 1810 1599 sermones
1824 1574 1992 1606 quorundam
2013 1575 2072 1601 Liu.
2082 1585 2161 1609 3333.

1111 1613 1186 1649 Conf.
1209 1613 1281 1640 Cael.
1296 1612 1329 1639 ad
1343 1612 1399 1639 Cic.
1415 1611 1486 1637 Fam.
1501 1615 1524 1642 8,
1539 1612 1564 1636 6.
1674 1609 1729 1635 Cic.
1747 1617 1796 1643 pro
1810 1608 1898 1634 Domo
1913 1612 1942 1640 63
1973 1610 2003 1635 ln
2016 1619 2058 1637 me
2071 1613 2162 1640 omnia

1113 1658 1178 1682 quae
1194 1658 1243 1683 ego
1257 1648 1390 1682 quondam
1403 1645 1565 1678 retuderam,
1579 1644 1772 1670 coniurationis
1787 1643 1888 1670 nefaria
1909 1644 1960 1671 tela
1979 1645 2161 1676 adhaeserunt.

1113 1685 1168 1711 Cic.
1185 1686 1238 1711 Att.
1253 1687 1291 1718 16,
1307 1693 1337 1719 ¹4
1369 1685 1399 1710 Iu
1412 1681 1556 1717 praesentia
1569 1679 1638 1707 belle
1653 1680 1699 1707 iste
1713 1689 1778 1715 puer
1790 1680 1909 1707 retundit
1924 1682 2087 1716 Antonium,
2101 1685 2126 1711 h.
2140 1693 2162 1712 e,

1111 1722 1146 1748 Re
1164 1723 1246 1746 rimit.

1142 1728 1193 1782 ’ξε
1203 1763 1224 1783 Τ
1234 1756 1255 1782 ιῖ
1263 1761 1276 1782 s
1285 1762 1305 1781 v
1315 1762 1328 1781 s
1351 1755 1392 1781 vel
1409 1759 1428 1779 R
1439 1760 1456 1780 Ε
1465 1759 1486 1779 Τ
1494 1759 1515 1778 ν
1526 1758 1548 1778 Ν
1561 1759 1574 1779 s
1583 1759 1604 1778 v
1613 1759 1637 1784 s,
1651 1760 1673 1783 a,
1687 1761 1740 1778 um.
1759 1752 1853 1778 Partic.
1880 1750 2074 1788 [ἐμβλωθᾰς]
2109 1756 2161 1782 Co-

1112 1792 1202 1819 lumel.
1215 1801 1243 1826 4,
1258 1800 1293 1824 24
1307 1797 1371 1817 extr.
1392 1789 1472 1822 Qlod
1487 1788 1577 1814 euenit
1592 1788 1620 1814 in
1638 1788 1726 1814 retuso
1734 1793 1760 1814 et
1774 1789 1854 1815 crasso
1868 1788 2036 1816 ferramento.
2110 1793 2163 1818 Au-

1111 1837 1172 1855 rum
1186 1828 1302 1854 retusum
1316 1825 1405 1852 hebeti
1419 1833 1546 1851 mucrone
1566 1824 1671 1850 Lucret.
1687 1832 1708 1856 ς,
1724 1831 1788 1857 1273.
1859 1824 1971 1850 Ferrum
1990 1824 2057 1852 Hor.
2072 1826 2163 1855 Carm.

1112 1873 1132 1896 1,
1147 1873 1182 1896 ὃς,
1198 1872 1235 1896 39.
1353 1862 1436 1888 Plaut.
1452 1859 1541 1887 Pseud.
1558 1868 1578 1892 1,
1593 1868 1613 1891 2,
1628 1862 1661 1886 26
1700 1861 1734 1885 At
1755 1860 1816 1886 haec
1835 1860 1969 1891 (securis)
1988 1863 2092 1888 retunsa
2117 1863 2163 1890 est.

1114 1906 1159 1926 LF..
1180 1900 1240 1926 Sine
1255 1898 1301 1925 liet
1316 1909 1321 1924 :
1358 1897 1452 1924 itidem
1466 1905 1513 1923 vos
1527 1904 1635 1931 quoque
1648 1894 1707 1921 eslis
1723 1896 1803 1929 plagis
1816 1903 1907 1921 omnes
1928 1896 2030 1931 (nempe
2042 1898 2163 1933 retunsi)

1112 1935 1186 1962 Tela
1204 1934 1286 1962 Ouid.
1300 1934 1365 1960 Met.
1381 1942 1416 1965 12,
1429 1935 1484 1965 456.
1579 1932 1660 1958 Plaut.
1675 1931 1765 1957 Pseud.
1780 1941 1807 1964 4,
1815 1937 1864 1965 4,8
1885 1931 1953 1957 Mihi
1968 1941 2014 1958 cor
2027 1936 2163 1961 retunsum

1112 1970 1147 1997 est
1161 1969 1336 2005 oppugnando
1352 1969 1470 2004 pectore.
1529 1969 1570 1994 Ita
1578 1967 1742 2003 solisitudine
1755 1973 1778 1993 et
1791 1969 1917 1992 anxietate
1925 1969 2064 2002 palpitant}
2078 1976 2100 1995 ct
2113 1977 2163 1996 tre-

1106 2007 1210 2042 pidauit
1223 2007 1285 2032 mihi
1297 2015 1348 2037 cor,
1356 2012 1385 2031 vt
1391 2005 1525 2039 frequenti
1538 2003 1571 2029 ad
1579 2002 1669 2038 peHur
1681 2003 1784 2037 appulsu
1796 2003 1930 2028 retunsum
1946 2003 2068 2029 videatur.
2106 2006 2163 2031 Cic.

1114 2043 1146 2068 de
1161 2042 1253 2069 Diuin.
1270 2050 1290 2074 ι,
1305 2049 1339 2075 79
1354 2050 1375 2066 c.
1392 2043 1423 2072 36
1463 2040 1492 2065 Et
1512 2040 1569 2064 sunt
1590 2044 1674 2071 partes
1693 2046 1817 2070 agrorum
1832 2037 1899 2062 aliae
1912 2037 2074 2071 pestilentes,
2093 2040 2163 2067 aliae

1114 2078 1239 2110 salubres,
1253 2077 1319 2103 aliae
1333 2084 1398 2110 quae
1412 2081 1485 2102 acuta
1500 2074 1607 2107 Ingenia
1622 2073 1746 2106 gignant,
1765 2072 1833 2097 aliae
1852 2079 1917 2104 quae
1931 2075 2024 2098 retusa.
2115 2076 2162 2103 Sil,

1115 2116 1153 2146 16,
1168 2122 1194 2140 21
1231 2127 1277 2132 -—-
1313 2111 1453 2144 Rebusque
1467 2108 1558 2134 retusis
1593 2108 1669 2132 Fidas
1690 2107 1808 2132 due‘toris
1827 2107 1914 2133 tenuit
1927 2109 2077 2135 reuerentia
2089 2119 2163 2137 men-

1114 2156 1159 2176 tes.
1178 2152 1196 2174 i.
1216 2145 1325 2176 fractis,
1341 2154 1362 2171 ει
1377 2142 1652 2179 adzaerfhutesortuua.

1151 2190 1170 2208 R
1182 2189 1197 2208 E
1211 2188 1231 2206 T
1243 2183 1261 2205 ῡ
1271 2187 1288 2205 R
1298 2186 1317 2206 o
1326 2199 1334 2211 ,
1365 2183 1417 2205 Ere.
1455 2177 1602 2208 Recludcrc,
1619 2182 1731 2203 contrar.
1752 2176 1875 2202 obturare.
1912 2177 2000 2204 Varro
2016 2179 2163 2214 Agathone,

1116 2217 1194 2243 Pueri
1215 2215 1334 2242 obscenis
1358 2213 1446 2240 verbis
1471 2221 1557 2239 nouae
1578 2217 1674 2245 nuptae
1693 2219 1769 2236 aures
1790 2216 1917 2237 returant.
1990 2213 2062 2241 Non.
2078 2217 2162 2245 Marc,

1114 2262 1140 2284 4,
1155 2259 1210 2283 330-
1319 2251 1410 2283 Nempe
1420 2255 1477 2273 ante
1490 2248 1536 2275 hoc
1549 2253 1642 2282 tempus
1657 2246 1739 2273 verbis
1754 2246 1828 2272 nudis
1838 2253 1863 2273 et
1876 2247 1984 2282 obscenis
1996 2259 2067 2277 aures
2081 2255 2163 2289 virgi-

1114 2296 1170 2312 num
1182 2286 1309 2312 obturatae
1320 2290 1344 2310 et
1363 2283 1478 2318 occlusae.

1494 2354 1522 2387 R
1627 2355 1654 2387 E
1751 2355 1780 2387 V

1151 2430 1170 2450 R
1182 2431 1198 2451 E
1208 2431 1230 2451 v
1240 2431 1261 2451 A
1271 2431 1287 2450 r
1296 2431 1313 2452 E
1323 2430 1353 2457 o,
1368 2428 1421 2451 ere.
1438 2424 1478 2451 vel
1494 2430 1513 2450 R
1523 2429 1538 2450 Ε
1548 2430 1570 2451 ν
1578 2431 1599 2451 Α
1610 2431 1626 2450 L
1637 2430 1654 2451 Ε
1662 2431 1674 2452 s
1685 2431 1701 2452 c
1712 2430 1745 2457 o,
1760 2425 1800 2458 ui,
1814 2427 1867 2453 ete.
1877 2425 2078 2464 [ἐγαρῤώννυμαι]
2090 2432 2163 2459 Vale.

1113 2461 1221 2487 tudinem
1233 2464 1350 2496 recipere.
1388 2460 1455 2487 Geli.
1469 2462 1506 2492 16,
1522 2468 1546 2492 13
1567 2460 1647 2494 Quod
1663 2460 1690 2486 in
1706 2470 1800 2487 eorum
1815 2461 1913 2489 finibus
1927 2461 1973 2489 sub
1988 2465 2044 2498 ipso
2061 2468 2163 2501 oppido

1112 2505 1144 2522 ex
1158 2496 1264 2531 capitali
1277 2495 1374 2523 morbo
1387 2496 1545 2523 reualuifl'et.
1625 2495 1706 2522 Ouid.
1719 2497 1798 2531 Epist.
1814 2507 1852 2531 21,
1867 2507 1908 2530 231
1930 2499 1972 2526 Ne
1986 2507 2072 2528 tamen
2087 2512 2163 2538 igno-

1113 2541 1153 2559 res
1170 2541 1221 2567 ope
1234 2541 1286 2567 qua
1300 2531 1460 2559 reualescere
1472 2531 1557 2567 poss'is.
1628 2532 1702 2567 Conf.
1717 2532 1733 2558 l.
1748 2539 1777 2563 28
1789 2531 1813 2570 §.
1830 2542 1841 2565 3
1857 2535 1882 2559 fl:
1900 2535 1930 2561 de
1945 2536 2013 2562 vsur.

1149 2574 1168 2595 R
1178 2575 1194 2594 E
1204 2575 1224 2594 V
1237 2576 1258 2594 A
1272 2574 1294 2594 N
1305 2576 1322 2595 E
1332 2575 1345 2595 S
1354 2575 1370 2595 C
1380 2574 1408 2599 O,
1423 2571 1476 2594 erc.
1512 2568 1525 2602 [
1535 2566 1733 2603 ἐναφανίζομαι]
1770 2571 1862 2596 lterum
1874 2574 2027 2606 wanesheim,
2048 2579 2072 2599 et
2084 2576 2111 2599 in
2123 2578 2162 2601 ni-

1112 2603 1189 2631 hilum
1203 2604 1294 2640 redigi.
1336 2604 1418 2630 Ouid.
1432 2605 1523 2630 Amor.
1538 2612 1563 2635 2,
1575 2611 1602 2635 9,
1617 2611 1647 2637 27
1665 2604 1754 2636 Qum
1768 2604 1834 2631 bene
1849 2609 1993 2640 pertaesum
2009 2608 2055 2641 est,
2069 2610 2163 2637 animi.

1116 2649 1167 2675 que
1182 2641 1305 2666 reuanuit
1318 2639 1414 2672 ardor,
1451 2639 1549 2666 Nescio
1563 2647 1616 2672 quo
1629 2640 1740 2666 miserae
1754 2641 1861 2668 turbine
1875 2644 1969 2669 mentis
1985 2652 2056 2678 agor.

1152 2682 1170 2701 R
1181 2682 1196 2702 Ε
1207 2683 1226 2701 ν
1236 2675 1253 2702 ἕ
1263 2683 1282 2702 Η
1292 2682 1328 2708 O,
1349 2676 1394 2707 xi,
1411 2676 1482 2701 &um
1492 2694 1500 2706 ,
1520 2677 1573 2701 ere.
1594 2675 1725 2701 Rcducere.
1763 2676 1845 2704 Plaut.
1860 2678 1951 2704 Bacch.
1969 2689 1986 2711 1,
2001 2688 2020 2711 1,
2035 2688 2050 2711 9
2070 2681 2106 2707 Vt
2115 2681 2163 2709 vbi

1116 2711 1258 2738 emeritum
1280 2711 1329 2738 fibi
1351 2711 1397 2744 lit,
1416 2712 1441 2737 se
1467 2710 1575 2737 reuehat
1595 2710 1713 2737 domum.
1832 2714 1891 2739 Liu.
1904 2723 1927 2746 3,
1940 2723 1975 2750 70
1995 2716 2163 2744 Conficerent

1117 2755 1199 2782 equos
1215 2748 1359 2783 virosque,
1383 2756 1415 2773 ne
1435 2747 1494 2779 quis
1517 2746 1658 2774 veheretur
1671 2746 1733 2773 inde
1748 2747 1779 2774 ad
1793 2749 1940 2783 praelium,
1961 2758 2006 2778 aut
2019 2752 2164 2788 integraret

1117 2792 1240 2818 pugnam.
1335 2783 1397 2810 Stat.
1412 2783 1504 2809 Theb.
1519 2791 1543 2813 2,
1557 2790 1608 2816 734
1935 2789 1940 2796 ¹

1510 2818 1653 2852 Figatnque
1674 2818 1793 2852 superbis

1312 2853 1505 2916 {era'tholiffi
1523 2862 1644 2889 quaeque
1654 2853 1709 2888 ipse
1723 2864 1782 2881 mco
1797 2854 1911 2889 quaesita
1923 2857 2016 2883 reue-xi

1329 2898 1452 2924 anguine.

1118 2924 1242 2959 Aliquem
1256 2924 1363 2951 domum
1381 2925 1509 2952 reuehere
1531 2925 1599 2951 Hor.
1612 2924 1694 2959 Epod.
1712 2935 1744 2958 13,
1760 2928 1798 2953 16.
1906 2927 1935 2953 In
1949 2927 2029 2954 castra
2043 2929 2164 2956 re11e6tus

1117 2961 1216 2987 Consul
1238 2961 1296 2987 Liu.
1311 2970 1333 2992 2,
1346 2970 1388 2994 47.
1431 2963 1517 2988 Curru
1532 2961 1652 2987 reueelus
1666 2961 1701 2988 est
1716 2961 1871 2996 triumphali
1892 2963 1957 2989 Plin.
1975 2973 1996 2996 Τ,
2012 2966 2050 2990 ῑ6.
2089 2966 2165 3000 Equo

1116 2997 1209 3023 reuehi
1233 2997 1293 3023 Liu.
1310 3006 1351 3030 34,
1365 3004 1439 3032 tffpr.
1507 2997 1614 3023 Famam
1627 2997 1755 3023 reuehere
1776 2999 1840 3024 Plin.
1853 2998 1930 3032 Epist.
1942 3007 1996 3033 177.
2068 3001 2164 3027 Manus

1117 3032 1261 3065 tenebere,
1282 3033 1416 3059 Reducere
1429 3033 1576 3059 exercitum
1615 3033 1704 3059 Senec.
1719 3035 1788 3059 Med.
1802 3041 1827 3067 7.
1930 3034 2067 3060 Pecuniam
2089 3045 2119 3061 ex
2134 3046 2163 3063 re

1116 3069 1223 3095 vendita
1235 3068 1379 3100 reticuere,
1395 3076 1444 3104 pro
1465 3068 1600 3103 Colligere
1621 3069 1681 3094 Liu.
1700 3077 1733 3101 35.
1804 3069 1926 3095 Praedam
1942 3065 2068 3096 reuehere
2089 3071 2164 3099 Idem

1302 3105 1444 3139 Metaphor.
1481 3105 1536 3130 Cic.
1552 3105 1584 3129 de
1598 3104 1668 3130 Clar.
1682 3105 1755 3131 Orat.
1769 3113 1816 3137 225
1837 3104 1884 3131 Sed
1897 3105 1928 3130 ad
1943 3106 2031 3139 paullo
2046 3107 2164 3140 superlo-

1119 3113 1138 3136 ι,
1152 3112 1185 3137 ³5-

31 3145 96 3170 Zuro
110 3143 210 3178 versum.
244 3142 309 3169 Plin.
322 3146 348 3182 6,
360 3151 384 3176 ις
400 3143 439 3170 Ab
453 3152 482 3170 ea
494 3149 569 3177 gente
582 3144 708 3170 retrorsus
721 3142 752 3169 ad
767 3143 866 3175 Cyrum
881 3152 982 3169 amnem
993 3152 1053 3176 pro·
1079 3142 1172 3171 83re1n
1186 3145 1296 3166 aetatem
1311 3140 1413 3167 renecti
1426 3141 1527 3172 sumus,
1545 3148 1614 3166 nunc
1635 3139 1667 3166 ad
1689 3148 1762 3173 eam,
1783 3139 1815 3166 de
1835 3149 1885 3174 qua
1901 3140 2063 3175 aliquantum
2077 3143 2164 3171 locuti

31 3180 120 3206 luntur
134 3179 240 3204 ducenta
256 3178 350 3212 viginti
364 3179 454 3205 millia.
542 3178 596 3206 Cic.
611 3178 641 3205 de
657 3179 719 3206 Nat.
734 3179 812 3206 Deor.
827 3188 852 3212 2,
867 3184 899 3211 84
936 3179 1005 3204 Nam
1021 3187 1052 3204 ex

34 3224 106 3245 erra,
124 3223 189 3248 aqua
205 3224 209 3238 :
246 3222 276 3239 ex
289 3223 353 3248 aqua
366 3214 453 3240 oritur
466 3216 510 3240 aEr
522 3225 527 3240 :
564 3223 595 3241 ex
609 3217 683 3247 aere,
699 3214 790 3241 aether
804 3225 809 3240 z
846 3213 940 3240 deinde
954 3220 1052 3240 retror-

31 3251 78 3276 ‘uiu
99 3249 225 3281 viciffim,
244 3258 275 3274 cx
296 3249 414 3281 aethere,
431 3251 491 3282 aiir,
511 3249 570 3276 inde
588 3259 652 3284 aqua
668 3261 673 3276 :
709 3259 740 3276 ex
759 3259 841 3285 aqua,
863 3256 932 3276 terra
953 3249 1052 3275 intima.

32 3287 89 3312 lor.
105 3285 183 3319 Epist.
202 3294 220 3319 1,
235 3293 254 3316 1,
268 3292 299 3318 75
315 3285 384 3318 Qiia
397 3294 438 3312 me
450 3285 557 3319 vestigia
571 3291 669 3312 terrent
703 3287 801 3313 Omnia
814 3293 839 3312 te
852 3285 989 3312 aduersum]
1000 3286 1053 3318 spe-

31 3321 136 3353 stanssa,
153 3320 224 3346 nulla
238 3321 387 3346 retrorsum.
466 3321 539 3357 Cous.
552 3323 636 3348 Varro
649 3322 678 3348 Ι..
693 3321 722 3348 L.
739 3331 766 3355 4,
782 3332 819 3354 30·
909 3321 1052 3347 Cedentem
1062 3326 1098 3351 90

37 3357 137 3391 mpellit
150 3356 277 3387 retrorsus
291 3356 318 3381 in
333 3364 442 3390 aequora
456 3365 564 3390 pontum
598 3357 643 3383 Sil.
659 3366 692 3390 ιι,
713 3366 765 3390 5¹2·
845 3357 999 3384 Retrorsum
1020 3355 1052 3382 ad

36 3392 50 3418 d
71 3399 171 3426 tempus
193 3391 393 3424 conuentionem
412 3390 532 3419 reducere
551 3393 674 3426 emotis,
695 3402 750 3428 quo
769 3392 893 3419 venditor
911 3399 1055 3418 conuentus

32 3427 53 3454 it
88 3427 192 3463 leian.
208 3428 235 3453 in
252 3427 269 3453 l.
284 3427 310 3453 Si
324 3435 356 3452 ex
369 3425 469 3453 duobus
489 3428 520 3454 D.
535 3428 566 3454 de
579 3429 691 3463 peculio.
775 3429 929 3455 Retrorsuni
945 3429 968 3454 se
983 3427 1053 3454 aetio

31 3463 105 3489 refert
141 3462 244 3497 leian.
260 3463 287 3488 in
304 3462 320 3488 l.
335 3463 400 3487 ltem
414 3461 465 3493 illa,
477 3460 499 3498 §.
515 3472 524 3489 1
539 3464 570 3490 D.
584 3463 615 3490 de
628 3464 767 3491 constituta
786 3464 906 3499 pecunia.
978 3464 1053 3489 Reie-

31 3498 82 3525 Stae
95 3499 236 3526 retrorsum
256 3497 410 3524 Hannibalis
423 3497 507 3524 minae
531 3500 597 3526 Hor.
612 3501 698 3527 Carm.
714 3510 741 3532 4,
756 3506 777 3531 8.
792 3503 826 3526 16.
900 3500 1053 3526 Retrorsum
1062 3504 1094 3530 95

31 3541 106 3560 aomo
124 3534 192 3560 mihi
211 3533 297 3560 veniit
333 3533 468 3558 Africanus
481 3533 508 3559 in
522 3533 536 3561 l.
554 3535 580 3561 Si
594 3535 694 3563 duobus
716 3537 747 3562 D.
764 3536 795 3562 de
808 3535 915 3561 diuersis
930 3534 1053 3569 praescri-

31 3568 168 3607 ptionibus.
276 3569 430 3595 Retrorsum
443 3568 530 3595 valere
548 3570 662 3597 dicuntur
675 3579 836 3607 argumenta,
856 3580 915 3605 quac
929 3574 1055 3605 reciproca

31 3607 89 3630 nuit.
140 3604 268 3638 Quinctil.
283 3613 306 3638 ς,
320 3613 336 3637 9
354 3603 403 3630 Sed
417 3603 541 3637 quaedam
552 3612 577 3631 et
589 3608 732 3633 retrorsum
748 3607 817 3633 idem
830 3607 917 3633 valent
931 3617 936 3632 :

31 3647 87 3665 rere
99 3639 232 3667 hominem
247 3640 293 3675 qui
307 3640 402 3674 spirat,
416 3649 440 3666 et
455 3639 551 3674 spirare
563 3642 608 3675 qui
621 3643 697 3669 viuit.

973 3614 1001 3633 vt
1017 3606 1056 3632 vi-

62 3680 134 3702 RE‘r
143 3682 162 3702 R
171 3681 190 3702 o
199 3682 218 3702 R
228 3683 240 3702 s
252 3682 270 3701 v
279 3681 291 3701 s
306 3677 331 3712 J]
350 3682 367 3701 R
377 3682 393 3702 ιε
403 3682 448 3702 TR
461 3681 481 3701 o
492 3682 504 3701 s
516 3681 567 3708 vs,
580 3685 601 3707 a,
613 3686 666 3704 um.
687 3678 747 3704 Adi.
767 3676 955 3711 [ὀπιθοφκιὴς]
991 3676 1056 3702 Plin.
1066 3684 1113 3702 100
1159 3682 1177 3701 R
1191 3682 1206 3701 E
1218 3682 1238 3700 v
1247 3683 1263 3702 E
1274 3683 1289 3702 ι
1302 3682 1318 3701 L
1330 3684 1359 3708 ο,
1375 3675 1438 3700 velli
1452 3683 1476 3700 ct
1491 3675 1565 3705 vulfi,
1579 3673 1692 3705 vultum,
1706 3674 1759 3699 ere.

31 3710 70 3741 26,
81 3717 97 3738 9
117 3720 170 3737 cum
191 3714 246 3747 agit
259 3711 286 3737 dc
297 3711 410 3738 rsmediis
423 3710 539 3745 aduersus
547 3717 640 3746 panos,
656 3714 762 3748 Experti
777 3712 942 3740 afflrmauere
951 3732 958 3744 ,
977 3712 1059 3747 pluri-

32 3745 212 3785 nuunnreferre
226 3746 243 3772 fi
257 3747 446 3783 (inguinariam
459 3747 564 3777 herl-am,
576 3749 641 3782 etc.)
659 3750 736 3784 virgo
750 3749 867 3783 imponat
887 3748 972 3779 nuda,
992 3748 1058 3774 ieiu-

32 3788 61 3805 na
76 3788 178 3812 lemno,
195 3787 219 3807 et
231 3791 307 3808 manu
329 3783 419 3818 supina
441 3790 546 3816 tangens
561 3781 643 3814 dicat,
660 3784 745 3819 Negat
762 3784 858 3819 Apollo
874 3784 968 3818 pestem
991 3784 1058 3818 poffe

32 3815 159 3854 crescere,
177 3825 264 3854 ‚quam
282 3817 350 3845 nuda
367 3818 445 3851 virgo
458 3818 600 3852 restinguat
614 3817 620 3842 !
653 3827 729 3854 atque
744 3821 781 3847 ita
796 3821 910 3847 retrorsa
923 3828 1002 3846 manu
1018 3826 1057 3845 ter

32 3850 112 3882 dicat,
135 3856 263 3886 totiesque
283 3853 361 3881 ambo
374 3853 505 3890 despuant.

576 3853 653 3888 Apul.
665 3855 727 3884 Met.
741 3865 758 3883 2
770 3865 797 3892 p.
811 3864 851 3892 117
871 3856 993 3891 Denique
1005 3855 1056 3882 sae·
1071 3859 1115 3884 105
1123 3853 1213 3884 vellit,
1233 3860 1312 3888 atque
1324 3852 1439 3880 abstulit.

1115 3176 1211 3207 sumuS,
1223 3183 1396 3202 reuertamur.

1152 3218 1195 3238 RE
1205 3218 1223 3237 V
1234 3213 1251 3237 E
1261 3218 1276 3237 L
1286 3218 1322 3244 O,
1349 3216 1405 3238 are.
1441 3210 1648 3246 [οἱποκαλύπτω]
1697 3211 1856 3238 Contrarium
1874 3209 1908 3243 est
1914 3212 1961 3248 suo
1967 3211 2079 3248 simplici
2095 3215 2164 3248 Vela,

1115 3247 1178 3282 quod
1197 3249 1263 3283 Tege
1272 3248 1412 3284 significat.
1486 3248 1611 3273 Frontem
1626 3246 1747 3274 reuelare
1767 3247 1857 3274 Tacit.
1869 3247 1958 3274 Germ.
1972 3257 2006 3281 31,
2021 3257 2042 3275 2.
2079 3250 2164 3277 Tem-

1119 3292 1166 3317 pus
1179 3284 1269 3309 omnia
1285 3284 1386 3310 reuelat
1402 3283 1519 3310 Tertull.
1534 3283 1611 3317 Apol.
1625 3292 1645 3309 c.
1658 3290 1684 3316 7.

1152 3326 1171 3345 R
1181 3326 1196 3345 Ε
1206 3326 1225 3344 v
1234 3326 1249 3345 Ε
1259 3326 1275 3345 L
1285 3322 1304 3345 Ᾱ
1312 3325 1332 3344 Τ
1344 3326 1362 3344 v
1373 3327 1396 3351 s,
1404 3328 1428 3350 a,
1438 3328 1491 3345 um.
1514 3319 1606 3345 Partic.
1650 3319 1692 3350 Vt,
1701 3318 1737 3344 Os
1746 3317 1891 3344 reuelatum
1912 3317 1994 3344 Ouid.
2004 3318 2068 3345 Fast.
2075 3321 2100 3351 6,
2108 3323 2164 3354 619.

1156 3361 1173 3381 R
1184 3361 1201 3381 E
1210 3361 1228 3379 V
1241 3362 1256 3381 E
1268 3361 1284 3380 L
1295 3362 1317 3381 A
1328 3361 1350 3381 Τ
1365 3361 1374 3380 1
1387 3362 1405 3380 Ο
1414 3374 1423 3387 ,
1438 3355 1505 3380 bnis.
1544 3355 1564 3380 f.
1602 3354 1753 3387 [En-wimar,
1766 3352 1917 3382 εἶποκάλυῷις
1931 3353 2010 3379 Glofl'.
2025 3355 2079 3382 Las.
2096 3357 2165 3391 Gr.]

1126 3390 1176 3422 Vt,
1196 3391 1334 3417 Reuclatio
1347 3390 1531 3425 pudendorum
1555 3389 1656 3416 Arnob.
1672 3397 1683 3421 ς
1696 3397 1721 3423 ρ,
1739 3394 1787 3418 182.
1897 3389 2034 3423 Augustin.
2049 3392 2163 3419 Confeff.

1118 3434 1144 3458 9,
1159 3434 1186 3451 10
1207 3427 1314 3452 Somnia
1330 3434 1355 3452 et
1368 3426 1541 3460 imaginariae
1555 3425 1741 3452 reuelationes.
1812 3423 1885 3460 Conf-
1907 3424 2021 3452 Hieron.
2036 3427 2115 3462 Epist.
2125 3437 2164 3461 ες,

1117 3469 1141 3487 2.
1213 3462 1331 3488 Tertull.
1346 3462 1405 3489 adu.
1420 3463 1501 3488 Marc.
1515 3471 1543 3495 ς,
1556 3471 1583 3495 4.

1153 3502 1171 3523 R
1181 3504 1197 3524 Ε
1207 3504 1226 3523 v
1235 3505 1250 3524 Ε
1261 3504 1277 3524 ι
1288 3506 1309 3524 Α
1319 3505 1343 3524 Μ
1354 3506 1369 3524 ιε
1379 3505 1409 3528 N,
1425 3498 1485 3524 inis.
1504 3507 1530 3524 n.
1567 3499 1638 3523 Zeno
1651 3496 1750 3521 Veron.

1153 3539 1172 3558 R
1181 3539 1197 3558 E
1207 3540 1226 3559 v
1237 3541 1251 3560 E
1263 3540 1278 3558 L
1287 3541 1308 3560 A
1320 3540 1341 3560 Τ
1353 3540 1371 3560 o
1381 3540 1410 3565 R,
1431 3534 1495 3559 oris.
1522 3542 1557 3559 m.
1591 3533 1648 3559 Nec
1663 3531 1796 3557 reuelator
1810 3529 1864 3564 ipse
1877 3531 1945 3564 erit,
1965 3532 2013 3566 qui
2025 3533 2163 3560 abscondi-

1118 3572 1161 3595 tor
1173 3577 1227 3595 non
1241 3570 1293 3596 fuit
1315 3569 1432 3596 Tertull.
1448 3575 1538 3595 contra
1552 3569 1633 3595 Marc.
1643 3576 1670 3598 4,
1686 3574 1724 3598 23.

1155 3603 1174 3630 'R
1183 3611 1199 3630 E
1208 3611 1228 3629 v
1241 3611 1256 3630 R
1266 3611 1281 3630 ι
1290 3612 1311 3631 Α
1321 3611 1341 3630 Τ
1351 3612 1369 3631 o
1380 3612 1397 3630 R
1410 3612 1414 3629 1
1429 3611 1446 3628 v
1457 3611 1480 3636 s,
1493 3613 1517 3637 a,
1533 3613 1588 3631 um.
1608 3601 1668 3628 Adi.
1706 3600 1871 3636 Prophetica,
1883 3603 2044 3630 reuelatoria
2053 3623 2061 3636 ‚
2072 3603 2162 3631 aedifi-

1121 3640 1220 3666 catoria
1240 3640 1359 3667 Tertull.
1376 3640 1407 3665 de
1421 3640 1515 3666 Anima
1530 3649 1551 3666 c.
1565 3647 1610 3672 47.
2128 3635 2132 3638 ’

2109 3675 2165 3701 Vel-

1122 3711 1190 3736 tendo
1199 3711 1333 3746 sipararc,
1352 3718 1379 3737 at
1397 3720 1423 3736 ne
1438 3711 1496 3736 adeo
1508 3710 1618 3745 nufias,
1633 3708 1768 3734 detrahere.
1839 3708 1970 3735 Columel.
1986 3718 2000 3735 2
2010 3729 2016 3739 ,
2031 3717 2043 3741 3
2080 3710 2165 3737 Boues

1123 3754 1204 3779 quum
1224 3746 1256 3772 ab
1275 3756 1355 3781 opere
1374 3720 1548 3777 dlisiunxerit,
1567 3743 1718 3770 fin'ustrietos
1739 3743 1885 3775 confricet‚
1903 3744 2077 3778 manibusque
2096 3755 2166 3772 coni-

1124 3782 1221 3815 primat
1244 3782 1367 3814 dorsum,
1388 3790 1412 3807 et
1439 3781 1534 3814 pellem
1557 3780 1683 3812 reuellat,
1703 3788 1749 3805 nec
1765 3780 1880 3814 patiatur
1892 3781 1999 3813 corpori
2014 3781 2165 3808 adhaerere.

1124 3817 1179 3843 Cic.
1196 3819 1270 3843 Verr.
1285 3827 1312 3850 4,
1327 3827 1373 3850 124
1395 3817 1528 3850 Gorgonis
1542 3824 1571 3842 os
1583 3815 1806 3851 pulcherrimum,
1827 3814 1943 3841 cinetum
1961 3817 2105 3849 anguibus,
2125 3825 2164 3843 re-

1424 3887 1443 3913 Β
1457 3886 1475 3912 b
1499 3851 1577 3878 Acies
1588 3851 1720 3880 reuellunt
1733 3850 1803 3885 signa
1822 3851 1920 3876 Lucan.
1934 3859 1961 3885 7,
1974 3858 2018 3886 77.
2087 3852 2165 3878 Clau-

1510 3895 1527 3913 2
2114 3887 2166 3914 stra

1781 3672 1925 3707 [a'nwna'ffi
1944 3673 2077 3708 οἶνατπᾰω]
