<?xml version="1.0" encoding="UTF-8"?>
<!DOCTYPE html PUBLIC "-//W3C//DTD XHTML 1.0 Transitional//EN"
    "http://www.w3.org/TR/xhtml1/DTD/xhtml1-transitional.dtd">
<html xmlns="http://www.w3.org/1999/xhtml" xml:lang="en" lang="en">
 <head>
  <title>
</title>
<meta http-equiv="Content-Type" content="text/html;charset=utf-8" />
  <meta name='ocr-system' content='tesseract 3.04.00' />
  <meta name='ocr-capabilities' content='ocr_page ocr_carea ocr_par ocr_line ocrx_word'/>
</head>
<body>
  <div class='ocr_page' id='page_1' title='image "./novuslinguaeeter04gesn_0015.png"; bbox 0 0 2434 4156; ppageno 0'>
   <div class='ocr_carea' id='block_1_1' title="bbox 514 71 794 129">
    <p class='ocr_par' dir='ltr' id='par_1_1' title="bbox 514 71 794 129">
     <span class='ocr_line' id='line_1_1' title="bbox 514 71 794 129; baseline 0 -20"><span class='ocrx_word' id='word_1_1' title='bbox 514 71 794 129; x_wconf 64' lang='lat' dir='ltr'>QVA</span> 
     </span>
    </p>
   </div>
   <div class='ocr_carea' id='block_1_2' title="bbox 124 156 1185 835">
    <p class='ocr_par' dir='ltr' id='par_1_2' title="bbox 137 156 1182 379">
     <span class='ocr_line' id='line_1_2' title="bbox 142 156 1182 204; baseline -0.013 -9"><span class='ocrx_word' id='word_1_2' title='bbox 142 168 226 204; x_wconf 80' lang='lat' dir='ltr'>pulos,</span> <span class='ocrx_word' id='word_1_3' title='bbox 242 174 276 192; x_wconf 84' lang='lat' dir='ltr'>an</span> <span class='ocrx_word' id='word_1_4' title='bbox 287 164 428 200; x_wconf 83' lang='lat' dir='ltr'>probemus</span> <span class='ocrx_word' id='word_1_5' title='bbox 463 160 595 189; x_wconf 84' lang='lat' dir='ltr'>Columel.</span> <span class='ocrx_word' id='word_1_6' title='bbox 604 166 625 191; x_wconf 81' lang='lat'>8,</span> <span class='ocrx_word' id='word_1_7' title='bbox 640 169 676 195; x_wconf 84' lang='lat'>¹7·</span> <span class='ocrx_word' id='word_1_8' title='bbox 779 157 898 192; x_wconf 79' lang='lat' dir='ltr'>Qialitas</span> <span class='ocrx_word' id='word_1_9' title='bbox 910 158 1036 184; x_wconf 85' lang='lat' dir='ltr'>materiae</span> <span class='ocrx_word' id='word_1_10' title='bbox 1050 156 1182 191; x_wconf 83' lang='lat' dir='ltr'>excipien-</span> 
     </span>
     <span class='ocr_line' id='line_1_3' title="bbox 142 192 1181 232; baseline -0.012 -2"><span class='ocrx_word' id='word_1_11' title='bbox 142 205 176 231; x_wconf 77' lang='lat' dir='ltr'>tis</span> <span class='ocrx_word' id='word_1_12' title='bbox 203 201 304 231; x_wconf 77' lang='lat' dir='ltr'>Plin-z,</span> <span class='ocrx_word' id='word_1_13' title='bbox 317 205 356 230; x_wconf 85' lang='lat'>80·</span> <span class='ocrx_word' id='word_1_14' title='bbox 451 197 589 232; x_wconf 83' lang='lat' dir='ltr'>Papaueris</span> <span class='ocrx_word' id='word_1_15' title='bbox 604 196 756 232; x_wconf 74' lang='lat' dir='ltr'>qualitatem</span> <span class='ocrx_word' id='word_1_16' title='bbox 770 194 965 228; x_wconf 85' lang='lat' dir='ltr'>repraesentare</span> <span class='ocrx_word' id='word_1_17' title='bbox 998 192 1181 221; x_wconf 81' lang='lat' dir='ltr'>Scribon.180.</span> 
     </span>
     <span class='ocr_line' id='line_1_4' title="bbox 140 227 1182 270; baseline -0.012 -5"><span class='ocrx_word' id='word_1_18' title='bbox 140 239 249 267; x_wconf 85' lang='lat' dir='ltr'>Plurima</span> <span class='ocrx_word' id='word_1_19' title='bbox 261 237 364 263; x_wconf 79' lang='lat' dir='ltr'>aliorum</span> <span class='ocrx_word' id='word_1_20' title='bbox 377 234 406 262; x_wconf 81' lang='lat' dir='ltr'>de</span> <span class='ocrx_word' id='word_1_21' title='bbox 421 234 520 270; x_wconf 74' lang='lat' dir='ltr'>physico</span> <span class='ocrx_word' id='word_1_22' title='bbox 535 233 578 259; x_wconf 78' lang='lat' dir='ltr'>hoc</span> <span class='ocrx_word' id='word_1_23' title='bbox 589 231 733 269; x_wconf 71' lang='lat' dir='ltr'>Jignificam</span> <span class='ocrx_word' id='word_1_24' title='bbox 752 230 858 265; x_wconf 76' lang='lat' dir='ltr'>exempla</span> <span class='ocrx_word' id='word_1_25' title='bbox 879 239 894 255; x_wconf 85' lang='lat' dir='ltr'>a</span> <span class='ocrx_word' id='word_1_26' title='bbox 906 228 1001 255; x_wconf 70' lang='lat' dir='ltr'>Rhodio</span> <span class='ocrx_word' id='word_1_27' title='bbox 1021 227 1134 264; x_wconf 72' lang='lat' dir='ltr'>congesta</span> <span class='ocrx_word' id='word_1_28' title='bbox 1154 231 1182 254; x_wconf 82' lang='lat' dir='ltr'>in</span> 
     </span>
     <span class='ocr_line' id='line_1_5' title="bbox 138 262 1182 303; baseline -0.011 -3"><span class='ocrx_word' id='word_1_29' title='bbox 138 271 197 301; x_wconf 63' lang='lat' dir='ltr'>Lele.</span> <span class='ocrx_word' id='word_1_30' title='bbox 210 271 328 299; x_wconf 87' lang='lat' dir='ltr'>Scribon.</span> <span class='ocrx_word' id='word_1_31' title='bbox 435 269 578 303; x_wconf 85' lang='lat' dir='ltr'>Qialitatis</span> <span class='ocrx_word' id='word_1_32' title='bbox 593 277 674 295; x_wconf 79' lang='lat' dir='ltr'>nomen</span> <span class='ocrx_word' id='word_1_33' title='bbox 687 266 753 302; x_wconf 74' lang='lat' dir='ltr'>apud</span> <span class='ocrx_word' id='word_1_34' title='bbox 766 265 944 302; x_wconf 75' lang='lat' dir='ltr'>Iurecmifidtos</span> <span class='ocrx_word' id='word_1_35' title='bbox 957 266 1069 301; x_wconf 68' lang='lat' dir='ltr'>generale</span> <span class='ocrx_word' id='word_1_36' title='bbox 1084 262 1131 297; x_wconf 62' lang='lat' dir='ltr'>ist,</span> <span class='ocrx_word' id='word_1_37' title='bbox 1152 271 1182 289; x_wconf 78' lang='lat' dir='ltr'>vt</span> 
     </span>
     <span class='ocr_line' id='line_1_6' title="bbox 137 299 1180 342; baseline -0.011 -7"><span class='ocrx_word' id='word_1_38' title='bbox 137 317 204 336; x_wconf 80' lang='lat' dir='ltr'>omne</span> <span class='ocrx_word' id='word_1_39' title='bbox 216 307 340 339; x_wconf 77' lang='lat' dir='ltr'>accidens,</span> <span class='ocrx_word' id='word_1_40' title='bbox 357 305 478 342; x_wconf 80' lang='lat' dir='ltr'>quidquid</span> <span class='ocrx_word' id='word_1_41' title='bbox 491 304 524 338; x_wconf 72' lang='lat' dir='ltr'>est</span> <span class='ocrx_word' id='word_1_42' title='bbox 534 311 633 340; x_wconf 71' lang='lat' dir='ltr'>praeter</span> <span class='ocrx_word' id='word_1_43' title='bbox 639 301 805 339; x_wconf 69' lang='lat' dir='ltr'>ficbliaiitiam</span> <span class='ocrx_word' id='word_1_44' title='bbox 818 304 864 331; x_wconf 76' lang='lat' dir='ltr'>rei,</span> <span class='ocrx_word' id='word_1_45' title='bbox 884 300 1080 335; x_wconf 72' lang='lat' dir='ltr'>comprehendat.</span> <span class='ocrx_word' id='word_1_46' title='bbox 1123 299 1144 325; x_wconf 85' lang='lat' dir='ltr'>C</span> <span class='ocrx_word' id='word_1_47' title='bbox 1147 299 1180 324; x_wconf 91' lang='lat' dir='ltr'>el-</span> 
     </span>
     <span class='ocr_line' id='line_1_7' title="bbox 139 335 1180 379; baseline -0.01 -9"><span class='ocrx_word' id='word_1_48' title='bbox 139 344 180 370; x_wconf 88' lang='lat' dir='ltr'>sus</span> <span class='ocrx_word' id='word_1_49' title='bbox 195 343 252 374; x_wconf 81' lang='lat' dir='ltr'>l.s6</span> <span class='ocrx_word' id='word_1_50' title='bbox 266 351 309 379; x_wconf 81' lang='lat' dir='ltr'>pr.</span> <span class='ocrx_word' id='word_1_51' title='bbox 326 342 358 368; x_wconf 90' lang='lat' dir='ltr'>de</span> <span class='ocrx_word' id='word_1_52' title='bbox 372 341 560 376; x_wconf 82' lang='lat' dir='ltr'>verb.fignific.</span> <span class='ocrx_word' id='word_1_53' title='bbox 595 339 741 373; x_wconf 82' lang='lat' dir='ltr'>Qialitates</span> <span class='ocrx_word' id='word_1_54' title='bbox 753 343 840 364; x_wconf 88' lang='lat' dir='ltr'>autem</span> <span class='ocrx_word' id='word_1_55' title='bbox 855 335 1033 371; x_wconf 83' lang='lat' dir='ltr'>praediorum,</span> <span class='ocrx_word' id='word_1_56' title='bbox 1053 335 1180 370; x_wconf 87' lang='lat' dir='ltr'>quoniam</span> 
     </span>
    </p>

    <p class='ocr_par' dir='ltr' id='par_1_3' title="bbox 124 370 1184 699">
     <span class='ocr_line' id='line_1_8' title="bbox 158 370 1181 412; baseline -0.01 -6"><span class='ocrx_word' id='word_1_57' title='bbox 158 378 210 406; x_wconf 81' lang='lat' dir='ltr'>uafi</span> <span class='ocrx_word' id='word_1_58' title='bbox 222 388 237 406; x_wconf 88' lang='lat' dir='ltr'>a</span> <span class='ocrx_word' id='word_1_59' title='bbox 249 385 340 406; x_wconf 90' lang='lat' dir='ltr'>natura</span> <span class='ocrx_word' id='word_1_60' title='bbox 354 377 455 408; x_wconf 87' lang='lat' dir='ltr'>insunt,</span> <span class='ocrx_word' id='word_1_61' title='bbox 478 386 524 403; x_wconf 85' lang='lat' dir='ltr'>nec</span> <span class='ocrx_word' id='word_1_62' title='bbox 538 376 636 412; x_wconf 84' lang='lat' dir='ltr'>possunt</span> <span class='ocrx_word' id='word_1_63' title='bbox 647 374 680 400; x_wconf 84' lang='lat' dir='ltr'>ab</span> <span class='ocrx_word' id='word_1_64' title='bbox 694 374 751 408; x_wconf 87' lang='lat' dir='ltr'>ipso</span> <span class='ocrx_word' id='word_1_65' title='bbox 767 372 850 399; x_wconf 85' lang='lat' dir='ltr'>fundo</span> <span class='ocrx_word' id='word_1_66' title='bbox 865 372 992 405; x_wconf 84' lang='lat' dir='ltr'>separari,</span> <span class='ocrx_word' id='word_1_67' title='bbox 1016 378 1042 397; x_wconf 90' lang='lat' dir='ltr'>et</span> <span class='ocrx_word' id='word_1_68' title='bbox 1061 371 1107 405; x_wconf 90' lang='lat' dir='ltr'>qui</span> <span class='ocrx_word' id='word_1_69' title='bbox 1121 370 1181 396; x_wconf 89' lang='lat' dir='ltr'>fun-</span> 
     </span>
     <span class='ocr_line' id='line_1_9' title="bbox 139 389 1182 443; baseline -0.01 -2"><span class='ocrx_word' id='word_1_70' title='bbox 139 389 203 442; x_wconf 66' lang='lat' dir='ltr'>dum</span> <span class='ocrx_word' id='word_1_71' title='bbox 217 415 307 442; x_wconf 86' lang='lat' dir='ltr'>vendit</span> <span class='ocrx_word' id='word_1_72' title='bbox 320 422 378 440; x_wconf 91' lang='lat' dir='ltr'>cuin</span> <span class='ocrx_word' id='word_1_73' title='bbox 394 414 438 440; x_wconf 88' lang='lat' dir='ltr'>sua</span> <span class='ocrx_word' id='word_1_74' title='bbox 452 413 529 439; x_wconf 88' lang='lat' dir='ltr'>illum</span> <span class='ocrx_word' id='word_1_75' title='bbox 542 411 668 442; x_wconf 85' lang='lat' dir='ltr'>bonitate,</span> <span class='ocrx_word' id='word_1_76' title='bbox 687 416 857 443; x_wconf 87' lang='lat' dir='ltr'>quaecunque</span> <span class='ocrx_word' id='word_1_77' title='bbox 871 407 916 438; x_wconf 89' lang='lat' dir='ltr'>est,</span> <span class='ocrx_word' id='word_1_78' title='bbox 940 407 1108 438; x_wconf 79' lang='lat' dir='ltr'>salubritate,</span> <span class='ocrx_word' id='word_1_79' title='bbox 1129 415 1182 432; x_wconf 83' lang='lat' dir='ltr'>am-</span> 
     </span>
     <span class='ocr_line' id='line_1_10' title="bbox 124 442 1181 486; baseline -0.009 -9"><span class='ocrx_word' id='word_1_80' title='bbox 124 450 321 486; x_wconf 64' lang='lat' dir='ltr'>‚pliciidineque</span> <span class='ocrx_word' id='word_1_81' title='bbox 334 448 477 475; x_wconf 75' lang='lat' dir='ltr'>vendidiss&#39;e</span> <span class='ocrx_word' id='word_1_82' title='bbox 490 449 618 475; x_wconf 85' lang='lat' dir='ltr'>censetur:</span> <span class='ocrx_word' id='word_1_83' title='bbox 639 446 723 472; x_wconf 90' lang='lat' dir='ltr'>immo</span> <span class='ocrx_word' id='word_1_84' title='bbox 738 444 786 471; x_wconf 91' lang='lat' dir='ltr'>illo</span> <span class='ocrx_word' id='word_1_85' title='bbox 800 443 920 474; x_wconf 86' lang='lat' dir='ltr'>vendito,</span> <span class='ocrx_word' id='word_1_86' title='bbox 933 443 1002 469; x_wconf 88' lang='lat' dir='ltr'>nihil</span> <span class='ocrx_word' id='word_1_87' title='bbox 1018 443 1049 468; x_wconf 89' lang='lat' dir='ltr'>de</span> <span class='ocrx_word' id='word_1_88' title='bbox 1065 442 1119 469; x_wconf 81' lang='lat' dir='ltr'>istis</span> <span class='ocrx_word' id='word_1_89' title='bbox 1134 442 1181 468; x_wconf 83' lang='lat' dir='ltr'>sibi</span> 
     </span>
     <span class='ocr_line' id='line_1_11' title="bbox 137 478 1182 520; baseline -0.01 -7"><span class='ocrx_word' id='word_1_90' title='bbox 137 487 254 514; x_wconf 83' lang='lat' dir='ltr'>retinere</span> <span class='ocrx_word' id='word_1_91' title='bbox 273 485 363 520; x_wconf 83' lang='lat' dir='ltr'>potest.</span> <span class='ocrx_word' id='word_1_92' title='bbox 417 485 480 511; x_wconf 85' lang='lat' dir='ltr'>Ideo</span> <span class='ocrx_word' id='word_1_93' title='bbox 499 483 619 512; x_wconf 82' lang='lat' dir='ltr'>videntur</span> <span class='ocrx_word' id='word_1_94' title='bbox 639 478 707 507; x_wconf 83' lang='lat' dir='ltr'>nihil</span> <span class='ocrx_word' id='word_1_95' title='bbox 729 480 800 507; x_wconf 88' lang='lat' dir='ltr'>aliud</span> <span class='ocrx_word' id='word_1_96' title='bbox 818 480 882 511; x_wconf 79' lang='lat' dir='ltr'>esl&#39;e,</span> <span class='ocrx_word' id='word_1_97' title='bbox 909 488 987 513; x_wconf 90' lang='lat' dir='ltr'>quam</span> <span class='ocrx_word' id='word_1_98' title='bbox 1006 479 1059 513; x_wconf 90' lang='lat' dir='ltr'>ipsa</span> <span class='ocrx_word' id='word_1_99' title='bbox 1076 479 1182 512; x_wconf 82' lang='lat' dir='ltr'>praedia</span> 
     </span>
     <span class='ocr_line' id='line_1_12' title="bbox 138 513 1181 556; baseline -0.008 -9"><span class='ocrx_word' id='word_1_100' title='bbox 138 521 254 556; x_wconf 86' lang='lat' dir='ltr'>qualiter</span> <span class='ocrx_word' id='word_1_101' title='bbox 273 522 297 547; x_wconf 88' lang='lat' dir='ltr'>se</span> <span class='ocrx_word' id='word_1_102' title='bbox 311 520 450 553; x_wconf 84' lang='lat' dir='ltr'>habentia,</span> <span class='ocrx_word' id='word_1_103' title='bbox 472 521 498 547; x_wconf 90' lang='lat' dir='ltr'>id</span> <span class='ocrx_word' id='word_1_104' title='bbox 513 518 592 546; x_wconf 85' lang='lat' dir='ltr'>estiis</span> <span class='ocrx_word' id='word_1_105' title='bbox 605 516 778 551; x_wconf 84' lang='lat' dir='ltr'>qualitatibus</span> <span class='ocrx_word' id='word_1_106' title='bbox 793 515 919 549; x_wconf 81' lang='lat' dir='ltr'>praedita.</span> <span class='ocrx_word' id='word_1_107' title='bbox 978 515 1082 544; x_wconf 74' lang='lat' dir='ltr'>Celsus.</span> <span class='ocrx_word' id='word_1_108' title='bbox 1109 513 1181 548; x_wconf 67' lang='lat' dir='ltr'>Quid</span> 
     </span>
     <span class='ocr_line' id='line_1_13' title="bbox 138 549 1184 590; baseline -0.007 -8"><span class='ocrx_word' id='word_1_109' title='bbox 138 557 211 584; x_wconf 77' lang='lat' dir='ltr'>aliud</span> <span class='ocrx_word' id='word_1_110' title='bbox 231 557 288 583; x_wconf 90' lang='lat' dir='ltr'>sunt</span> <span class='ocrx_word' id='word_1_111' title='bbox 311 557 368 582; x_wconf 84' lang='lat' dir='ltr'>iura</span> <span class='ocrx_word' id='word_1_112' title='bbox 389 556 568 590; x_wconf 82' lang='lat' dir='ltr'>praediorum,</span> <span class='ocrx_word' id='word_1_113' title='bbox 588 561 667 588; x_wconf 83' lang='lat' dir='ltr'>quain</span> <span class='ocrx_word' id='word_1_114' title='bbox 688 551 792 586; x_wconf 86' lang='lat' dir='ltr'>praedia</span> <span class='ocrx_word' id='word_1_115' title='bbox 806 551 858 585; x_wconf 83' lang='lat' dir='ltr'>&#39;ipsa</span> <span class='ocrx_word' id='word_1_116' title='bbox 877 550 992 585; x_wconf 78' lang='lat' dir='ltr'>qualiter</span> <span class='ocrx_word' id='word_1_117' title='bbox 1006 551 1030 576; x_wconf 88' lang='lat' dir='ltr'>se</span> <span class='ocrx_word' id='word_1_118' title='bbox 1044 549 1184 576; x_wconf 78' lang='lat' dir='ltr'>habentia?</span> 
     </span>
     <span class='ocr_line' id='line_1_14' title="bbox 137 586 1182 626; baseline -0.008 -7"><span class='ocrx_word' id='word_1_119' title='bbox 137 600 184 619; x_wconf 77' lang='lat' dir='ltr'>erc.</span> <span class='ocrx_word' id='word_1_120' title='bbox 290 592 456 626; x_wconf 52' lang='lat' dir='ltr'>Qiinftilq,</span> <span class='ocrx_word' id='word_1_121' title='bbox 470 601 494 624; x_wconf 91' lang='lat'>2,</span> <span class='ocrx_word' id='word_1_122' title='bbox 507 592 523 617; x_wconf 93' lang='lat'>6</span> <span class='ocrx_word' id='word_1_123' title='bbox 558 589 703 622; x_wconf 71' lang='lat' dir='ltr'>Quaeritur</span> <span class='ocrx_word' id='word_1_124' title='bbox 717 597 764 622; x_wconf 90' lang='lat' dir='ltr'>per</span> <span class='ocrx_word' id='word_1_125' title='bbox 777 586 957 613; x_wconf 67' lang='lat' dir='ltr'>conii-&amp;uram</span> <span class='ocrx_word' id='word_1_126' title='bbox 971 593 996 612; x_wconf 86' lang='lat' dir='ltr'>ct</span> <span class='ocrx_word' id='word_1_127' title='bbox 1011 587 1142 621; x_wconf 75' lang='lat' dir='ltr'>quantitas</span> <span class='ocrx_word' id='word_1_128' title='bbox 1157 591 1182 610; x_wconf 90' lang='lat' dir='ltr'>ct</span> 
     </span>
     <span class='ocr_line' id='line_1_15' title="bbox 137 623 1184 663; baseline -0.009 -8"><span class='ocrx_word' id='word_1_129' title='bbox 137 628 251 663; x_wconf 75' lang='lat' dir='ltr'>qualitas</span> <span class='ocrx_word' id='word_1_130' title='bbox 277 642 323 648; x_wconf 90' lang='lat'>—-</span> <span class='ocrx_word' id='word_1_131' title='bbox 347 628 440 661; x_wconf 79' lang='lat' dir='ltr'>Qialis</span> <span class='ocrx_word' id='word_1_132' title='bbox 454 627 556 661; x_wconf 85' lang='lat' dir='ltr'>Clipeus</span> <span class='ocrx_word' id='word_1_133' title='bbox 571 623 692 650; x_wconf 83' lang='lat' dir='ltr'>Achillis.</span> <span class='ocrx_word' id='word_1_134' title='bbox 777 624 940 649; x_wconf 72' lang='lat' dir='ltr'>peculiariter</span> <span class='ocrx_word' id='word_1_135' title='bbox 954 623 1019 657; x_wconf 79' lang='lat' dir='ltr'>apud</span> <span class='ocrx_word' id='word_1_136' title='bbox 1035 623 1184 648; x_wconf 69' lang='lat' dir='ltr'>&lt;ii-ammuti-</span> 
     </span>
     <span class='ocr_line' id='line_1_16' title="bbox 135 658 1184 699; baseline -0.009 -8"><span class='ocrx_word' id='word_1_137' title='bbox 135 663 247 699; x_wconf 51' lang='grc' dir='ltr'>τοι-[απτ</span> <span class='ocrx_word' id='word_1_138' title='bbox 265 663 402 698; x_wconf 82' lang='lat' dir='ltr'>qualitates</span> <span class='ocrx_word' id='word_1_139' title='bbox 424 662 494 690; x_wconf 86' lang='lat' dir='ltr'>modi</span> <span class='ocrx_word' id='word_1_140' title='bbox 507 660 650 688; x_wconf 88' lang='lat' dir='ltr'>verborum</span> <span class='ocrx_word' id='word_1_141' title='bbox 672 660 712 686; x_wconf 76' lang='lat' dir='ltr'>vc!</span> <span class='ocrx_word' id='word_1_142' title='bbox 723 659 812 691; x_wconf 82' lang='lat' dir='ltr'>status,</span> <span class='ocrx_word' id='word_1_143' title='bbox 848 658 900 685; x_wconf 78' lang='lat' dir='ltr'>vid.</span> <span class='ocrx_word' id='word_1_144' title='bbox 916 658 1048 691; x_wconf 58' lang='lat' dir='ltr'>Qninciil.</span> <span class='ocrx_word' id='word_1_145' title='bbox 1063 667 1083 690; x_wconf 90' lang='lat'>1,</span> <span class='ocrx_word' id='word_1_146' title='bbox 1102 665 1125 690; x_wconf 80' lang='grc' dir='ltr'>ς,</span> <span class='ocrx_word' id='word_1_147' title='bbox 1143 665 1184 689; x_wconf 73' lang='lat'>41.</span> 
     </span>
    </p>

    <p class='ocr_par' dir='ltr' id='par_1_4' title="bbox 135 691 1185 835">
     <span class='ocr_line' id='line_1_17' title="bbox 172 691 1183 738; baseline -0.009 -12"><span class='ocrx_word' id='word_1_148' title='bbox 172 705 221 738; x_wconf 34' lang='grc' dir='ltr'>ἦν</span> <span class='ocrx_word' id='word_1_149' title='bbox 233 706 252 725; x_wconf 84' lang='grc' dir='ltr'>Λ</span> <span class='ocrx_word' id='word_1_150' title='bbox 263 699 357 726; x_wconf 74' lang='grc' dir='ltr'>ι.ι“Τι-;</span> <span class='ocrx_word' id='word_1_151' title='bbox 368 706 395 725; x_wconf 78' lang='lat' dir='ltr'>R.</span> <span class='ocrx_word' id='word_1_152' title='bbox 420 698 484 725; x_wconf 87' lang='lat' dir='ltr'>Adu.</span> <span class='ocrx_word' id='word_1_153' title='bbox 557 696 679 730; x_wconf 77' lang='lat' dir='ltr'>Qualiter</span> <span class='ocrx_word' id='word_1_154' title='bbox 700 694 789 721; x_wconf 86' lang='lat' dir='ltr'>datum</span> <span class='ocrx_word' id='word_1_155' title='bbox 828 694 947 720; x_wconf 83' lang='lat' dir='ltr'>Scribon.</span> <span class='ocrx_word' id='word_1_156' title='bbox 963 699 994 726; x_wconf 82' lang='lat'>98</span> <span class='ocrx_word' id='word_1_157' title='bbox 1020 695 1053 720; x_wconf 87' lang='lat' dir='ltr'>sc.</span> <span class='ocrx_word' id='word_1_158' title='bbox 1070 691 1183 719; x_wconf 86' lang='lat' dir='ltr'>medica-</span> 
     </span>
     <span class='ocr_line' id='line_1_18' title="bbox 138 728 1184 770; baseline -0.008 -9"><span class='ocrx_word' id='word_1_159' title='bbox 138 743 264 765; x_wconf 81' lang='lat' dir='ltr'>mentum,</span> <span class='ocrx_word' id='word_1_160' title='bbox 300 738 318 761; x_wconf 82' lang='lat' dir='ltr'>i.</span> <span class='ocrx_word' id='word_1_161' title='bbox 340 745 385 770; x_wconf 77' lang='lat' dir='ltr'>quo</span> <span class='ocrx_word' id='word_1_162' title='bbox 399 733 472 760; x_wconf 88' lang='lat' dir='ltr'>modo.</span> <span class='ocrx_word' id='word_1_163' title='bbox 579 731 676 762; x_wconf 81' lang='lat' dir='ltr'>l&#39;liu.8,</span> <span class='ocrx_word' id='word_1_164' title='bbox 692 736 725 763; x_wconf 81' lang='lat'>48</span> <span class='ocrx_word' id='word_1_165' title='bbox 762 730 886 764; x_wconf 83' lang='lat' dir='ltr'>Autiquis</span> <span class='ocrx_word' id='word_1_166' title='bbox 905 731 978 756; x_wconf 88' lang='lat' dir='ltr'>enim</span> <span class='ocrx_word' id='word_1_167' title='bbox 1000 736 1074 756; x_wconf 85' lang='lat' dir='ltr'>torus</span> <span class='ocrx_word' id='word_1_168' title='bbox 1096 737 1110 754; x_wconf 87' lang='lat' dir='ltr'>e</span> <span class='ocrx_word' id='word_1_169' title='bbox 1124 728 1184 753; x_wconf 82' lang='lat' dir='ltr'>stra-</span> 
     </span>
     <span class='ocr_line' id='line_1_19' title="bbox 137 764 1185 805; baseline -0.008 -8"><span class='ocrx_word' id='word_1_170' title='bbox 137 777 228 797; x_wconf 85' lang='lat' dir='ltr'>mento</span> <span class='ocrx_word' id='word_1_171' title='bbox 240 776 305 803; x_wconf 83' lang='lat' dir='ltr'>erat,</span> <span class='ocrx_word' id='word_1_172' title='bbox 327 770 439 805; x_wconf 81' lang='lat' dir='ltr'>qualiter</span> <span class='ocrx_word' id='word_1_173' title='bbox 451 777 518 794; x_wconf 88' lang='lat' dir='ltr'>nunc</span> <span class='ocrx_word' id='word_1_174' title='bbox 531 768 610 794; x_wconf 87' lang='lat' dir='ltr'>etiam</span> <span class='ocrx_word' id='word_1_175' title='bbox 625 768 653 793; x_wconf 90' lang='lat' dir='ltr'>in</span> <span class='ocrx_word' id='word_1_176' title='bbox 666 766 754 793; x_wconf 84' lang='lat' dir='ltr'>castris</span> <span class='ocrx_word' id='word_1_177' title='bbox 768 767 886 801; x_wconf 80' lang='lat' dir='ltr'>gausape.</span> <span class='ocrx_word' id='word_1_178' title='bbox 966 765 1088 799; x_wconf 76' lang='lat' dir='ltr'>Qualiter</span> <span class='ocrx_word' id='word_1_179' title='bbox 1104 764 1130 790; x_wconf 90' lang='lat' dir='ltr'>in</span> <span class='ocrx_word' id='word_1_180' title='bbox 1145 764 1185 789; x_wconf 84' lang='lat' dir='ltr'>so.</span> 
     </span>
     <span class='ocr_line' id='line_1_20' title="bbox 135 800 1183 835; baseline -0.009 -2"><span class='ocrx_word' id='word_1_181' title='bbox 135 814 168 833; x_wconf 87' lang='lat' dir='ltr'>ro</span> <span class='ocrx_word' id='word_1_182' title='bbox 186 806 332 833; x_wconf 79' lang='lat' dir='ltr'>decolletur</span> <span class='ocrx_word' id='word_1_183' title='bbox 802 802 925 835; x_wconf 82' lang='lat' dir='ltr'>Qialiter</span> <span class='ocrx_word' id='word_1_184' title='bbox 943 811 975 827; x_wconf 86' lang='lat' dir='ltr'>ex</span> <span class='ocrx_word' id='word_1_185' title='bbox 997 801 1048 827; x_wconf 90' lang='lat' dir='ltr'>alta</span> <span class='ocrx_word' id='word_1_186' title='bbox 1067 809 1126 826; x_wconf 93' lang='lat' dir='ltr'>cum</span> <span class='ocrx_word' id='word_1_187' title='bbox 1142 800 1183 825; x_wconf 92' lang='lat' dir='ltr'>lu-</span> 
     </span>
    </p>
   </div>
   <div class='ocr_carea' id='block_1_3' title="bbox 138 88 177 129">
    <p class='ocr_par' dir='ltr' id='par_1_5' title="bbox 138 88 177 129">
     <span class='ocr_line' id='line_1_21' title="bbox 138 88 177 129; baseline 0 0"><span class='ocrx_word' id='word_1_188' title='bbox 138 88 177 129; x_wconf 73' lang='lat'>1⁶7</span> 
     </span>
    </p>
   </div>
   <div class='ocr_carea' id='block_1_4' title="bbox 376 804 671 836">
    <p class='ocr_par' dir='ltr' id='par_1_6' title="bbox 376 804 671 836">
     <span class='ocr_line' id='line_1_22' title="bbox 376 804 671 836; baseline -0.01 -4"><span class='ocrx_word' id='word_1_189' title='bbox 376 806 410 832; x_wconf 90' lang='lat' dir='ltr'>M.</span> <span class='ocrx_word' id='word_1_190' title='bbox 418 805 475 832; x_wconf 87' lang='lat' dir='ltr'>Sen.</span> <span class='ocrx_word' id='word_1_191' title='bbox 489 804 619 830; x_wconf 87' lang='lat' dir='ltr'>Controu.</span> <span class='ocrx_word' id='word_1_192' title='bbox 633 811 671 836; x_wconf 79' lang='lat'>25.</span> 
     </span>
    </p>
   </div>
   <div class='ocr_carea' id='block_1_5' title="bbox 137 837 1188 952">
    <p class='ocr_par' dir='ltr' id='par_1_7' title="bbox 137 837 1188 952">
     <span class='ocr_line' id='line_1_23' title="bbox 137 837 1185 883; baseline -0.007 -15"><span class='ocrx_word' id='word_1_193' title='bbox 137 842 208 876; x_wconf 88' lang='lat' dir='ltr'>piter</span> <span class='ocrx_word' id='word_1_194' title='bbox 219 842 411 883; x_wconf 56' lang='lat' dir='ltr'>arceroruscat</span> <span class='ocrx_word' id='word_1_195' title='bbox 445 839 529 866; x_wconf 83' lang='lat' dir='ltr'>Flacc.</span> <span class='ocrx_word' id='word_1_196' title='bbox 538 849 564 873; x_wconf 82' lang='lat'>4,</span> <span class='ocrx_word' id='word_1_197' title='bbox 576 847 636 872; x_wconf 80' lang='lat'>304.</span> <span class='ocrx_word' id='word_1_198' title='bbox 692 837 753 865; x_wconf 70' lang='lat' dir='ltr'>add.</span> <span class='ocrx_word' id='word_1_199' title='bbox 774 838 922 865; x_wconf 83' lang='lat' dir='ltr'>Ouid.Ani.</span> <span class='ocrx_word' id='word_1_200' title='bbox 934 846 953 870; x_wconf 91' lang='lat' dir='ltr'>i,</span> <span class='ocrx_word' id='word_1_201' title='bbox 967 845 992 872; x_wconf 91' lang='lat'>7,</span> <span class='ocrx_word' id='word_1_202' title='bbox 1006 842 1043 870; x_wconf 83' lang='lat'>58.</span> <span class='ocrx_word' id='word_1_203' title='bbox 1085 837 1185 863; x_wconf 84' lang='lat' dir='ltr'>Lucan.</span> 
     </span>
     <span class='ocr_line' id='line_1_24' title="bbox 141 877 1188 952; baseline -0.008 -13"><span class='ocrx_word' id='word_1_204' title='bbox 141 885 162 910; x_wconf 62' lang='grc' dir='ltr'>Ι,</span> <span class='ocrx_word' id='word_1_205' title='bbox 175 886 224 952; x_wconf 48' lang='grc' dir='ltr'>ἕξιν</span> <span class='ocrx_word' id='word_1_206' title='bbox 235 921 254 939; x_wconf 79' lang='grc' dir='ltr'>Λ</span> <span class='ocrx_word' id='word_1_207' title='bbox 268 877 362 940; x_wconf 43' lang='lat' dir='ltr'>Lbiss&#39;ii</span> <span class='ocrx_word' id='word_1_208' title='bbox 369 883 479 938; x_wconf 49' lang='grc' dir='ltr'>τῖ’(ἰιξῗικτ</span> <span class='ocrx_word' id='word_1_209' title='bbox 488 917 538 949; x_wconf 60' lang='lat' dir='ltr'>qv</span> <span class='ocrx_word' id='word_1_210' title='bbox 546 917 573 937; x_wconf 84' lang='lat' dir='ltr'>E.</span> <span class='ocrx_word' id='word_1_211' title='bbox 608 908 689 936; x_wconf 82' lang='lat' dir='ltr'>Aliud</span> <span class='ocrx_word' id='word_1_212' title='bbox 707 908 824 936; x_wconf 86' lang='lat' dir='ltr'>Aduerb.</span> <span class='ocrx_word' id='word_1_213' title='bbox 840 909 975 945; x_wconf 68' lang='lat' dir='ltr'>Vtcumque.</span> <span class='ocrx_word' id='word_1_214' title='bbox 1054 905 1188 934; x_wconf 85' lang='lat' dir='ltr'>Coluriiel.</span> 
     </span>
    </p>
   </div>
   <div class='ocr_carea' id='block_1_6' title="bbox 134 943 1192 1376">
    <p class='ocr_par' dir='ltr' id='par_1_8' title="bbox 138 943 1188 1016">
     <span class='ocr_line' id='line_1_25' title="bbox 138 943 1188 980; baseline -0.007 -5"><span class='ocrx_word' id='word_1_215' title='bbox 138 957 171 980; x_wconf 86' lang='grc' dir='ltr'>ιι,</span> <span class='ocrx_word' id='word_1_216' title='bbox 188 957 199 980; x_wconf 80' lang='lat'>3</span> <span class='ocrx_word' id='word_1_217' title='bbox 236 948 318 976; x_wconf 83' lang='lat' dir='ltr'>Potest</span> <span class='ocrx_word' id='word_1_218' title='bbox 330 947 409 974; x_wconf 88' lang='lat' dir='ltr'>etiam</span> <span class='ocrx_word' id='word_1_219' title='bbox 422 947 487 974; x_wconf 85' lang='lat' dir='ltr'>citra</span> <span class='ocrx_word' id='word_1_220' title='bbox 500 947 566 973; x_wconf 89' lang='lat' dir='ltr'>hanc</span> <span class='ocrx_word' id='word_1_221' title='bbox 581 954 689 980; x_wconf 84' lang='lat' dir='ltr'>operam</span> <span class='ocrx_word' id='word_1_222' title='bbox 705 945 762 972; x_wconf 84' lang='lat' dir='ltr'>ficri</span> <span class='ocrx_word' id='word_1_223' title='bbox 775 945 898 979; x_wconf 82' lang='lat' dir='ltr'>crispum,</span> <span class='ocrx_word' id='word_1_224' title='bbox 918 943 1138 979; x_wconf 80' lang='lat' dir='ltr'>qualitercunque</span> <span class='ocrx_word' id='word_1_225' title='bbox 1154 943 1188 968; x_wconf 88' lang='lat' dir='ltr'>sa-</span> 
     </span>
     <span class='ocr_line' id='line_1_26' title="bbox 139 979 1188 1016; baseline -0.006 -6"><span class='ocrx_word' id='word_1_226' title='bbox 139 990 206 1011; x_wconf 82' lang='lat' dir='ltr'>tum.</span> <span class='ocrx_word' id='word_1_227' title='bbox 319 983 546 1016; x_wconf 84' lang='lat' dir='ltr'>Qialitercunque</span> <span class='ocrx_word' id='word_1_228' title='bbox 559 980 749 1016; x_wconf 82' lang='lat' dir='ltr'>praeliantibus</span> <span class='ocrx_word' id='word_1_229' title='bbox 763 979 908 1007; x_wconf 87' lang='lat' dir='ltr'>cadendum</span> <span class='ocrx_word' id='word_1_230' title='bbox 921 980 956 1007; x_wconf 79' lang='lat' dir='ltr'>est</span> <span class='ocrx_word' id='word_1_231' title='bbox 984 979 1074 1005; x_wconf 86' lang='lat' dir='ltr'>lustin.</span> <span class='ocrx_word' id='word_1_232' title='bbox 1082 988 1105 1011; x_wconf 89' lang='lat'>2,</span> <span class='ocrx_word' id='word_1_233' title='bbox 1116 987 1147 1008; x_wconf 89' lang='lat' dir='ltr'>ii,</span> <span class='ocrx_word' id='word_1_234' title='bbox 1156 987 1188 1004; x_wconf 89' lang='lat' dir='ltr'>ii.</span> 
     </span>
    </p>

    <p class='ocr_par' dir='ltr' id='par_1_9' title="bbox 134 1013 1190 1231">
     <span class='ocr_line' id='line_1_27' title="bbox 173 1013 1189 1059; baseline -0.007 -13"><span class='ocrx_word' id='word_1_235' title='bbox 173 1026 222 1059; x_wconf 55' lang='lat' dir='ltr'>Qv</span> <span class='ocrx_word' id='word_1_236' title='bbox 230 1025 251 1046; x_wconf 77' lang='lat' dir='ltr'>A</span> <span class='ocrx_word' id='word_1_237' title='bbox 259 1025 293 1046; x_wconf 75' lang='lat' dir='ltr'>Li</span> <span class='ocrx_word' id='word_1_238' title='bbox 304 1025 325 1046; x_wconf 80' lang='lat' dir='ltr'>&#39;r</span> <span class='ocrx_word' id='word_1_239' title='bbox 336 1026 351 1046; x_wconf 81' lang='lat' dir='ltr'>E</span> <span class='ocrx_word' id='word_1_240' title='bbox 361 1025 379 1045; x_wconf 80' lang='lat' dir='ltr'>R</span> <span class='ocrx_word' id='word_1_241' title='bbox 388 1025 408 1052; x_wconf 88' lang='lat' dir='ltr'><strong>Q</strong></span> <span class='ocrx_word' id='word_1_242' title='bbox 417 1025 488 1046; x_wconf 78' lang='lat' dir='ltr'>VAL</span> <span class='ocrx_word' id='word_1_243' title='bbox 498 1018 512 1045; x_wconf 71' lang='grc' dir='ltr'><em>ἴ</em></span> <span class='ocrx_word' id='word_1_244' title='bbox 521 1024 542 1044; x_wconf 80' lang='lat' dir='ltr'>&#39;r</span> <span class='ocrx_word' id='word_1_245' title='bbox 552 1025 568 1045; x_wconf 82' lang='lat' dir='ltr'><strong>E</strong></span> <span class='ocrx_word' id='word_1_246' title='bbox 579 1024 596 1043; x_wconf 84' lang='lat' dir='ltr'><strong>R</strong></span> <span class='ocrx_word' id='word_1_247' title='bbox 608 1037 615 1048; x_wconf 95' lang='lat'>,</span> <span class='ocrx_word' id='word_1_248' title='bbox 642 1026 691 1052; x_wconf 79' lang='lat' dir='ltr'>pro</span> <span class='ocrx_word' id='word_1_249' title='bbox 708 1018 924 1052; x_wconf 71' lang='lat' dir='ltr'>Qalitercunque.</span> <span class='ocrx_word' id='word_1_250' title='bbox 996 1015 1100 1049; x_wconf 81' lang='lat' dir='ltr'>leian.</span> <span class='ocrx_word' id='word_1_251' title='bbox 1122 1014 1150 1040; x_wconf 89' lang='lat' dir='ltr'>in</span> <span class='ocrx_word' id='word_1_252' title='bbox 1172 1013 1189 1039; x_wconf 80' lang='lat' dir='ltr'>i.</span> 
     </span>
     <span class='ocr_line' id='line_1_28' title="bbox 139 1050 1188 1088; baseline -0.006 -7"><span class='ocrx_word' id='word_1_253' title='bbox 139 1064 192 1088; x_wconf 88' lang='lat' dir='ltr'>quo</span> <span class='ocrx_word' id='word_1_254' title='bbox 207 1055 284 1082; x_wconf 84' lang='lat' dir='ltr'>enini.</span> <span class='ocrx_word' id='word_1_255' title='bbox 298 1054 324 1080; x_wconf 92' lang='lat' dir='ltr'>in</span> <span class='ocrx_word' id='word_1_256' title='bbox 339 1053 398 1080; x_wconf 80' lang='lat' dir='ltr'>fine.</span> <span class='ocrx_word' id='word_1_257' title='bbox 413 1051 444 1080; x_wconf 84' lang='lat' dir='ltr'>D.</span> <span class='ocrx_word' id='word_1_258' title='bbox 460 1063 516 1081; x_wconf 90' lang='lat' dir='ltr'>rem</span> <span class='ocrx_word' id='word_1_259' title='bbox 530 1060 612 1081; x_wconf 89' lang='lat' dir='ltr'>ratam</span> <span class='ocrx_word' id='word_1_260' title='bbox 628 1052 738 1085; x_wconf 88' lang='lat' dir='ltr'>haberi,</span> <span class='ocrx_word' id='word_1_261' title='bbox 786 1053 856 1079; x_wconf 87' lang='lat' dir='ltr'>Nam</span> <span class='ocrx_word' id='word_1_262' title='bbox 878 1050 1109 1087; x_wconf 75' lang='lat' dir='ltr'>qualiterqualiter</span> <span class='ocrx_word' id='word_1_263' title='bbox 1129 1050 1188 1084; x_wconf 91' lang='lat' dir='ltr'>quis</span> 
     </span>
     <span class='ocr_line' id='line_1_29' title="bbox 138 1086 1189 1125; baseline -0.006 -8"><span class='ocrx_word' id='word_1_264' title='bbox 138 1091 249 1117; x_wconf 88' lang='lat' dir='ltr'>eundem</span> <span class='ocrx_word' id='word_1_265' title='bbox 260 1089 344 1118; x_wconf 63' lang='lat' dir='ltr'>astum</span> <span class='ocrx_word' id='word_1_266' title='bbox 358 1091 499 1123; x_wconf 64' lang='lat' dir='ltr'>remrein,</span> <span class='ocrx_word' id='word_1_267' title='bbox 519 1090 566 1125; x_wconf 91' lang='lat' dir='ltr'>qui</span> <span class='ocrx_word' id='word_1_268' title='bbox 583 1099 597 1116; x_wconf 92' lang='lat' dir='ltr'>a</span> <span class='ocrx_word' id='word_1_269' title='bbox 613 1096 787 1124; x_wconf 77' lang='lat' dir='ltr'>procuratore</span> <span class='ocrx_word' id='word_1_270' title='bbox 799 1088 873 1115; x_wconf 69' lang='lat' dir='ltr'>aelus</span> <span class='ocrx_word' id='word_1_271' title='bbox 886 1087 938 1119; x_wconf 85' lang='lat' dir='ltr'>est,</span> <span class='ocrx_word' id='word_1_272' title='bbox 959 1087 1092 1113; x_wconf 82' lang='lat' dir='ltr'>committi</span> <span class='ocrx_word' id='word_1_273' title='bbox 1109 1086 1189 1119; x_wconf 81' lang='lat' dir='ltr'>ilipu-</span> 
     </span>
     <span class='ocr_line' id='line_1_30' title="bbox 138 1122 1190 1161; baseline -0.005 -9"><span class='ocrx_word' id='word_1_274' title='bbox 138 1126 262 1153; x_wconf 86' lang='lat' dir='ltr'>lationem</span> <span class='ocrx_word' id='word_1_275' title='bbox 281 1132 394 1160; x_wconf 81' lang='lat' dir='ltr'>oportet.</span> <span class='ocrx_word' id='word_1_276' title='bbox 431 1127 464 1153; x_wconf 89' lang='lat' dir='ltr'>al.</span> <span class='ocrx_word' id='word_1_277' title='bbox 482 1126 596 1161; x_wconf 73' lang='lat' dir='ltr'>qualiter</span> <span class='ocrx_word' id='word_1_278' title='bbox 608 1125 685 1160; x_wconf 77' lang='lat' dir='ltr'>finiri</span> <span class='ocrx_word' id='word_1_279' title='bbox 695 1131 800 1151; x_wconf 80' lang='lat' dir='ltr'>tantum.</span> <span class='ocrx_word' id='word_1_280' title='bbox 909 1123 1019 1149; x_wconf 80' lang='lat' dir='ltr'>Gestum</span> <span class='ocrx_word' id='word_1_281' title='bbox 1039 1122 1072 1148; x_wconf 81' lang='lat' dir='ltr'>iic</span> <span class='ocrx_word' id='word_1_282' title='bbox 1093 1122 1190 1156; x_wconf 80' lang='lat' dir='ltr'>accipi-</span> 
     </span>
     <span class='ocr_line' id='line_1_31' title="bbox 135 1157 1187 1195; baseline -0.005 -7"><span class='ocrx_word' id='word_1_283' title='bbox 135 1170 192 1188; x_wconf 87' lang='lat' dir='ltr'>nius</span> <span class='ocrx_word' id='word_1_284' title='bbox 209 1159 452 1195; x_wconf 77' lang='lat' dir='ltr'>qualiterqualiter,</span> <span class='ocrx_word' id='word_1_285' title='bbox 474 1162 527 1189; x_wconf 85' lang='lat' dir='ltr'>iiue</span> <span class='ocrx_word' id='word_1_286' title='bbox 545 1161 694 1188; x_wconf 65' lang='lat' dir='ltr'>contrassus</span> <span class='ocrx_word' id='word_1_287' title='bbox 707 1160 752 1193; x_wconf 80' lang='lat' dir='ltr'>sit,</span> <span class='ocrx_word' id='word_1_288' title='bbox 779 1159 833 1187; x_wconf 77' lang='lat' dir='ltr'>siue</span> <span class='ocrx_word' id='word_1_289' title='bbox 849 1159 914 1194; x_wconf 91' lang='lat' dir='ltr'>quid</span> <span class='ocrx_word' id='word_1_290' title='bbox 927 1159 1000 1185; x_wconf 89' lang='lat' dir='ltr'>aliud</span> <span class='ocrx_word' id='word_1_291' title='bbox 1019 1158 1132 1193; x_wconf 78' lang='lat' dir='ltr'>contigit</span> <span class='ocrx_word' id='word_1_292' title='bbox 1150 1157 1187 1190; x_wconf 91' lang='lat' dir='ltr'>l.7</span> 
     </span>
     <span class='ocr_line' id='line_1_32' title="bbox 134 1195 384 1231; baseline 0.004 -8"><span class='ocrx_word' id='word_1_293' title='bbox 134 1206 174 1231; x_wconf 83' lang='lat' dir='ltr'>pr.</span> <span class='ocrx_word' id='word_1_294' title='bbox 194 1197 224 1223; x_wconf 90' lang='lat' dir='ltr'>D.</span> <span class='ocrx_word' id='word_1_295' title='bbox 242 1195 274 1222; x_wconf 90' lang='lat' dir='ltr'>de</span> <span class='ocrx_word' id='word_1_296' title='bbox 286 1197 384 1224; x_wconf 85' lang='lat' dir='ltr'>minor.</span> 
     </span>
    </p>

    <p class='ocr_par' dir='ltr' id='par_1_10' title="bbox 134 1229 1192 1376">
     <span class='ocr_line' id='line_1_33' title="bbox 169 1229 1192 1272; baseline -0.004 -14"><span class='ocrx_word' id='word_1_297' title='bbox 169 1233 269 1272; x_wconf 60' lang='lat' dir='ltr'>QVAL</span> <span class='ocrx_word' id='word_1_298' title='bbox 278 1239 330 1265; x_wconf 79' lang='lat' dir='ltr'>VS,</span> <span class='ocrx_word' id='word_1_299' title='bbox 339 1233 356 1259; x_wconf 94' lang='lat' dir='ltr'>i.</span> <span class='ocrx_word' id='word_1_300' title='bbox 366 1242 399 1259; x_wconf 89' lang='lat' dir='ltr'>m.</span> <span class='ocrx_word' id='word_1_301' title='bbox 419 1232 567 1268; x_wconf 64' lang='grc' dir='ltr'><strong>[κέλαθος]</strong></span> <span class='ocrx_word' id='word_1_302' title='bbox 589 1233 668 1258; x_wconf 78' lang='lat' dir='ltr'>Geniis</span> <span class='ocrx_word' id='word_1_303' title='bbox 680 1241 748 1258; x_wconf 86' lang='lat' dir='ltr'>omne</span> <span class='ocrx_word' id='word_1_304' title='bbox 760 1229 919 1265; x_wconf 75' lang='lat' dir='ltr'>instrumenti</span> <span class='ocrx_word' id='word_1_305' title='bbox 937 1233 1042 1257; x_wconf 81' lang='lat' dir='ltr'>viminci</span> <span class='ocrx_word' id='word_1_306' title='bbox 1054 1236 1077 1255; x_wconf 73' lang='lat' dir='ltr'>rt</span> <span class='ocrx_word' id='word_1_307' title='bbox 1086 1229 1192 1264; x_wconf 73' lang='lat' dir='ltr'>pkxilis</span> 
     </span>
     <span class='ocr_line' id='line_1_34' title="bbox 135 1264 1188 1304; baseline -0.003 -11"><span class='ocrx_word' id='word_1_308' title='bbox 135 1268 327 1302; x_wconf 67' lang='lat' dir='ltr'>comprehendit,</span> <span class='ocrx_word' id='word_1_309' title='bbox 345 1278 391 1304; x_wconf 81' lang='lat' dir='ltr'>quo</span> <span class='ocrx_word' id='word_1_310' title='bbox 404 1268 438 1296; x_wconf 69' lang='lat' dir='ltr'>ad</span> <span class='ocrx_word' id='word_1_311' title='bbox 451 1268 587 1300; x_wconf 69' lang='lat' dir='ltr'>colondum,</span> <span class='ocrx_word' id='word_1_312' title='bbox 601 1268 753 1303; x_wconf 76' lang='lat' dir='ltr'>portandum</span> <span class='ocrx_word' id='word_1_313' title='bbox 765 1274 810 1294; x_wconf 73' lang='lat' dir='ltr'>etc.</span> <span class='ocrx_word' id='word_1_314' title='bbox 849 1270 889 1293; x_wconf 81' lang='lat' dir='ltr'>uti</span> <span class='ocrx_word' id='word_1_315' title='bbox 902 1268 977 1293; x_wconf 84' lang='lat' dir='ltr'>licet:</span> <span class='ocrx_word' id='word_1_316' title='bbox 1006 1273 1035 1291; x_wconf 81' lang='lat' dir='ltr'>vt</span> <span class='ocrx_word' id='word_1_317' title='bbox 1050 1264 1121 1296; x_wconf 62' lang='lat' dir='ltr'>jumi,</span> <span class='ocrx_word' id='word_1_318' title='bbox 1142 1273 1188 1299; x_wconf 82' lang='lat' dir='ltr'>quo</span> 
     </span>
     <span class='ocr_line' id='line_1_35' title="bbox 134 1299 1184 1339; baseline -0.003 -10"><span class='ocrx_word' id='word_1_319' title='bbox 134 1306 289 1337; x_wconf 73' lang='lat' dir='ltr'>continetur,</span> <span class='ocrx_word' id='word_1_320' title='bbox 314 1304 370 1330; x_wconf 86' lang='lat' dir='ltr'>dum</span> <span class='ocrx_word' id='word_1_321' title='bbox 381 1306 493 1331; x_wconf 74' lang='lat' dir='ltr'>calcatur</span> <span class='ocrx_word' id='word_1_322' title='bbox 506 1314 565 1337; x_wconf 78' lang='lat' dir='ltr'>uua,</span> <span class='ocrx_word' id='word_1_323' title='bbox 592 1304 677 1330; x_wconf 73' lang='lat' dir='ltr'>demde</span> <span class='ocrx_word' id='word_1_324' title='bbox 685 1304 741 1339; x_wconf 84' lang='lat' dir='ltr'>sola</span> <span class='ocrx_word' id='word_1_325' title='bbox 755 1306 858 1330; x_wconf 77' lang='lat' dir='ltr'>vinacea</span> <span class='ocrx_word' id='word_1_326' title='bbox 873 1300 983 1336; x_wconf 73' lang='lat' dir='ltr'>effluente</span> <span class='ocrx_word' id='word_1_327' title='bbox 1001 1299 1086 1333; x_wconf 79' lang='lat' dir='ltr'>musto.</span> <span class='ocrx_word' id='word_1_328' title='bbox 1125 1301 1184 1326; x_wconf 88' lang='lat' dir='ltr'>Vet.</span> 
     </span>
     <span class='ocr_line' id='line_1_36' title="bbox 136 1337 1188 1376; baseline -0.004 -11"><span class='ocrx_word' id='word_1_329' title='bbox 136 1338 214 1365; x_wconf 66' lang='lat' dir='ltr'>Giofl‘.</span> <span class='ocrx_word' id='word_1_330' title='bbox 227 1339 318 1372; x_wconf 68' lang='grc' dir='ltr'>η’θμός,</span> <span class='ocrx_word' id='word_1_331' title='bbox 337 1337 454 1376; x_wconf 42' lang='lat' dir='ltr'>‹buxis-2530,</span> <span class='ocrx_word' id='word_1_332' title='bbox 473 1349 536 1376; x_wconf 74' lang='lat' dir='ltr'>quae</span> <span class='ocrx_word' id='word_1_333' title='bbox 549 1341 624 1366; x_wconf 75' lang='lat' dir='ltr'>coliem</span> <span class='ocrx_word' id='word_1_334' title='bbox 639 1346 745 1371; x_wconf 66' lang='lat' dir='ltr'>notant,</span> <span class='ocrx_word' id='word_1_335' title='bbox 767 1348 826 1374; x_wconf 74' lang='lat' dir='ltr'>quae</span> <span class='ocrx_word' id='word_1_336' title='bbox 840 1348 888 1364; x_wconf 74' lang='lat' dir='ltr'>vox</span> <span class='ocrx_word' id='word_1_337' title='bbox 901 1348 917 1364; x_wconf 77' lang='lat' dir='ltr'>a</span> <span class='ocrx_word' id='word_1_338' title='bbox 933 1337 1045 1363; x_wconf 65' lang='grc' dir='ltr'>κοίλαθος</span> <span class='ocrx_word' id='word_1_339' title='bbox 1059 1343 1082 1362; x_wconf 78' lang='lat' dir='ltr'>et</span> <span class='ocrx_word' id='word_1_340' title='bbox 1095 1347 1110 1362; x_wconf 80' lang='lat' dir='ltr'>a</span> <span class='ocrx_word' id='word_1_341' title='bbox 1124 1345 1188 1371; x_wconf 87' lang='lat' dir='ltr'>qua-</span> 
     </span>
    </p>
   </div>
   <div class='ocr_carea' id='block_1_7' title="bbox 136 1373 1190 1480">
    <p class='ocr_par' dir='ltr' id='par_1_11' title="bbox 136 1373 1190 1480">
     <span class='ocr_line' id='line_1_37' title="bbox 137 1373 1190 1411; baseline -0.003 -11"><span class='ocrx_word' id='word_1_342' title='bbox 137 1374 164 1401; x_wconf 93' lang='lat' dir='ltr'>lo</span> <span class='ocrx_word' id='word_1_343' title='bbox 181 1382 269 1409; x_wconf 78' lang='lat' dir='ltr'>parum</span> <span class='ocrx_word' id='word_1_344' title='bbox 288 1375 419 1411; x_wconf 75' lang='lat' dir='ltr'>discrepat.</span> <span class='ocrx_word' id='word_1_345' title='bbox 494 1375 592 1408; x_wconf 79' lang='lat' dir='ltr'>Vir-gil.</span> <span class='ocrx_word' id='word_1_346' title='bbox 610 1376 744 1408; x_wconf 71' lang='lat' dir='ltr'>Gem·g.2‚</span> <span class='ocrx_word' id='word_1_347' title='bbox 759 1383 805 1408; x_wconf 80' lang='lat'>24¹</span> <span class='ocrx_word' id='word_1_348' title='bbox 842 1374 890 1399; x_wconf 91' lang='lat' dir='ltr'>Tu</span> <span class='ocrx_word' id='word_1_349' title='bbox 909 1374 986 1407; x_wconf 77' lang='lat' dir='ltr'>spisso</span> <span class='ocrx_word' id='word_1_350' title='bbox 1003 1373 1106 1399; x_wconf 86' lang='lat' dir='ltr'>vimine</span> <span class='ocrx_word' id='word_1_351' title='bbox 1126 1381 1190 1406; x_wconf 89' lang='lat' dir='ltr'>qua-</span> 
     </span>
     <span class='ocr_line' id='line_1_38' title="bbox 136 1408 1189 1445; baseline -0.003 -9"><span class='ocrx_word' id='word_1_352' title='bbox 136 1410 186 1442; x_wconf 87' lang='lat' dir='ltr'>los,</span> <span class='ocrx_word' id='word_1_353' title='bbox 205 1410 324 1444; x_wconf 75' lang='lat' dir='ltr'>Colaqne</span> <span class='ocrx_word' id='word_1_354' title='bbox 338 1411 488 1445; x_wconf 81' lang='lat' dir='ltr'>praelorum</span> <span class='ocrx_word' id='word_1_355' title='bbox 501 1410 609 1436; x_wconf 79' lang='lat' dir='ltr'>fumosis</span> <span class='ocrx_word' id='word_1_356' title='bbox 625 1410 711 1443; x_wconf 77' lang='lat' dir='ltr'>diripe</span> <span class='ocrx_word' id='word_1_357' title='bbox 725 1410 808 1436; x_wconf 64' lang='lat' dir='ltr'>tediis.</span> <span class='ocrx_word' id='word_1_358' title='bbox 843 1408 896 1434; x_wconf 81' lang='lat' dir='ltr'>vid.</span> <span class='ocrx_word' id='word_1_359' title='bbox 910 1408 1041 1435; x_wconf 82' lang='lat' dir='ltr'>Seru.h.!.</span> <span class='ocrx_word' id='word_1_360' title='bbox 1122 1408 1189 1434; x_wconf 87' lang='lat' dir='ltr'>Plin.</span> 
     </span>
     <span class='ocr_line' id='line_1_39' title="bbox 139 1444 1189 1480; baseline -0.001 -9"><span class='ocrx_word' id='word_1_361' title='bbox 139 1453 176 1479; x_wconf 86' lang='lat'>17,</span> <span class='ocrx_word' id='word_1_362' title='bbox 192 1454 220 1472; x_wconf 81' lang='grc' dir='ltr'>ιο</span> <span class='ocrx_word' id='word_1_363' title='bbox 257 1447 312 1472; x_wconf 88' lang='lat' dir='ltr'>Alii</span> <span class='ocrx_word' id='word_1_364' title='bbox 332 1446 360 1471; x_wconf 90' lang='lat' dir='ltr'>in</span> <span class='ocrx_word' id='word_1_365' title='bbox 370 1445 454 1480; x_wconf 83' lang='lat' dir='ltr'>qualo</span> <span class='ocrx_word' id='word_1_366' title='bbox 473 1444 582 1479; x_wconf 85' lang='lat' dir='ltr'>pedibus</span> <span class='ocrx_word' id='word_1_367' title='bbox 596 1445 624 1470; x_wconf 88' lang='lat' dir='ltr'>in</span> <span class='ocrx_word' id='word_1_368' title='bbox 644 1445 792 1478; x_wconf 80' lang='lat' dir='ltr'>profluente</span> <span class='ocrx_word' id='word_1_369' title='bbox 805 1444 950 1476; x_wconf 64' lang='lat' dir='ltr'>deculcans,</span> <span class='ocrx_word' id='word_1_370' title='bbox 963 1452 1009 1471; x_wconf 81' lang='lat' dir='ltr'>etc.</span> <span class='ocrx_word' id='word_1_371' title='bbox 1117 1445 1189 1477; x_wconf 77' lang='lat' dir='ltr'>Qia-</span> 
     </span>
    </p>
   </div>
   <div class='ocr_carea' id='block_1_8' title="bbox 140 1479 1190 1550">
    <p class='ocr_par' dir='ltr' id='par_1_12' title="bbox 140 1479 1190 1550">
     <span class='ocr_line' id='line_1_40' title="bbox 140 1479 1189 1515; baseline -0.002 -9"><span class='ocrx_word' id='word_1_372' title='bbox 140 1480 190 1512; x_wconf 85' lang='lat' dir='ltr'>ius,</span> <span class='ocrx_word' id='word_1_373' title='bbox 210 1481 240 1506; x_wconf 86' lang='lat' dir='ltr'>In</span> <span class='ocrx_word' id='word_1_374' title='bbox 254 1489 308 1514; x_wconf 89' lang='lat' dir='ltr'>quo</span> <span class='ocrx_word' id='word_1_375' title='bbox 322 1481 432 1515; x_wconf 79' lang='lat' dir='ltr'>gallinae</span> <span class='ocrx_word' id='word_1_376' title='bbox 444 1489 495 1506; x_wconf 92' lang='lat' dir='ltr'>oua</span> <span class='ocrx_word' id='word_1_377' title='bbox 509 1479 599 1512; x_wconf 84' lang='lat' dir='ltr'>edunt,</span> <span class='ocrx_word' id='word_1_378' title='bbox 619 1480 687 1515; x_wconf 78' lang='lat' dir='ltr'>apud</span> <span class='ocrx_word' id='word_1_379' title='bbox 698 1480 860 1512; x_wconf 71' lang='lat' dir='ltr'>Cohnnel-g,</span> <span class='ocrx_word' id='word_1_380' title='bbox 876 1488 897 1511; x_wconf 74' lang='lat'>3.</span> <span class='ocrx_word' id='word_1_381' title='bbox 1006 1479 1111 1511; x_wconf 80' lang='lat' dir='ltr'>Id.9,i;</span> <span class='ocrx_word' id='word_1_382' title='bbox 1147 1480 1189 1504; x_wconf 87' lang='lat' dir='ltr'>Sa-</span> 
     </span>
     <span class='ocr_line' id='line_1_41' title="bbox 140 1514 1190 1550; baseline -0.003 -9"><span class='ocrx_word' id='word_1_383' title='bbox 140 1515 242 1549; x_wconf 77' lang='lat' dir='ltr'>ligneus</span> <span class='ocrx_word' id='word_1_384' title='bbox 253 1515 360 1550; x_wconf 81' lang='lat' dir='ltr'>qualus,</span> <span class='ocrx_word' id='word_1_385' title='bbox 384 1516 426 1542; x_wconf 89' lang='lat' dir='ltr'>vel</span> <span class='ocrx_word' id='word_1_386' title='bbox 441 1517 513 1542; x_wconf 87' lang='lat' dir='ltr'>tenui</span> <span class='ocrx_word' id='word_1_387' title='bbox 527 1516 629 1543; x_wconf 85' lang='lat' dir='ltr'>vimine</span> <span class='ocrx_word' id='word_1_388' title='bbox 643 1516 728 1542; x_wconf 86' lang='lat' dir='ltr'>rarius</span> <span class='ocrx_word' id='word_1_389' title='bbox 743 1522 882 1542; x_wconf 81' lang='lat' dir='ltr'>contextus</span> <span class='ocrx_word' id='word_1_390' title='bbox 902 1516 987 1540; x_wconf 82' lang='lat' dir='ltr'>saccus</span> <span class='ocrx_word' id='word_1_391' title='bbox 1002 1514 1121 1540; x_wconf 87' lang='lat' dir='ltr'>inuersae</span> <span class='ocrx_word' id='word_1_392' title='bbox 1136 1522 1190 1539; x_wconf 86' lang='lat' dir='ltr'>me-</span> 
     </span>
    </p>
   </div>
   <div class='ocr_carea' id='block_1_9' title="bbox 1208 305 1221 331">
    <p class='ocr_par' dir='ltr' id='par_1_13' title="bbox 1208 305 1221 331">
     <span class='ocr_line' id='line_1_42' title="bbox 1208 305 1221 331; baseline 0 0"><span class='ocrx_word' id='word_1_393' title='bbox 1208 305 1221 331; x_wconf 86' lang='grc'><em>5</em></span> 
     </span>
    </p>
   </div>
   <div class='ocr_carea' id='block_1_10' title="bbox 1200 485 1227 503">
    <p class='ocr_par' dir='ltr' id='par_1_14' title="bbox 1200 485 1227 503">
     <span class='ocr_line' id='line_1_43' title="bbox 1200 485 1227 503; baseline -0.037 0"><span class='ocrx_word' id='word_1_394' title='bbox 1200 485 1227 503; x_wconf 86' lang='grc' dir='ltr'>ΙΟ</span> 
     </span>
    </p>
   </div>
   <div class='ocr_carea' id='block_1_11' title="bbox 1202 657 1227 682">
    <p class='ocr_par' dir='ltr' id='par_1_15' title="bbox 1202 657 1227 682">
     <span class='ocr_line' id='line_1_44' title="bbox 1202 657 1227 682; baseline 0 0"><span class='ocrx_word' id='word_1_395' title='bbox 1202 657 1227 682; x_wconf 80' lang='lat'>¹5</span> 
     </span>
    </p>
   </div>
   <div class='ocr_carea' id='block_1_12' title="bbox 1197 846 1233 864">
    <p class='ocr_par' dir='ltr' id='par_1_16' title="bbox 1197 846 1233 864">
     <span class='ocr_line' id='line_1_45' title="bbox 1197 846 1233 864; baseline 0 0"><span class='ocrx_word' id='word_1_396' title='bbox 1197 846 1233 864; x_wconf 88' lang='lat'>20</span> 
     </span>
    </p>
   </div>
   <div class='ocr_carea' id='block_1_13' title="bbox 1200 1020 1231 1046">
    <p class='ocr_par' dir='ltr' id='par_1_17' title="bbox 1200 1020 1231 1046">
     <span class='ocr_line' id='line_1_46' title="bbox 1200 1020 1231 1046; baseline 0 0"><span class='ocrx_word' id='word_1_397' title='bbox 1200 1020 1231 1046; x_wconf 81' lang='lat'>25</span> 
     </span>
    </p>
   </div>
   <div class='ocr_carea' id='block_1_14' title="bbox 1202 1201 1234 1225">
    <p class='ocr_par' dir='ltr' id='par_1_18' title="bbox 1202 1201 1234 1225">
     <span class='ocr_line' id='line_1_47' title="bbox 1202 1201 1234 1225; baseline 0 -6"><span class='ocrx_word' id='word_1_398' title='bbox 1202 1201 1234 1225; x_wconf 79' lang='lat'>30</span> 
     </span>
    </p>
   </div>
   <div class='ocr_carea' id='block_1_15' title="bbox 1205 1383 1234 1409">
    <p class='ocr_par' dir='ltr' id='par_1_19' title="bbox 1205 1383 1234 1409">
     <span class='ocr_line' id='line_1_48' title="bbox 1205 1383 1234 1409; baseline 0 0"><span class='ocrx_word' id='word_1_399' title='bbox 1205 1383 1234 1409; x_wconf 75' lang='grc'>3)·</span> 
     </span>
    </p>
   </div>
   <div class='ocr_carea' id='block_1_16' title="bbox 138 1549 1235 1589">
    <p class='ocr_par' dir='ltr' id='par_1_20' title="bbox 138 1549 1235 1589">
     <span class='ocr_line' id='line_1_49' title="bbox 138 1549 1235 1589; baseline -0.002 -14"><span class='ocrx_word' id='word_1_400' title='bbox 138 1558 181 1576; x_wconf 87' lang='lat' dir='ltr'>tae</span> <span class='ocrx_word' id='word_1_401' title='bbox 195 1550 299 1583; x_wconf 83' lang='lat' dir='ltr'>liniilis,</span> <span class='ocrx_word' id='word_1_402' title='bbox 319 1552 403 1586; x_wconf 89' lang='lat' dir='ltr'>qualis</span> <span class='ocrx_word' id='word_1_403' title='bbox 421 1551 456 1585; x_wconf 80' lang='lat' dir='ltr'>est</span> <span class='ocrx_word' id='word_1_404' title='bbox 470 1561 524 1586; x_wconf 88' lang='lat' dir='ltr'>quo</span> <span class='ocrx_word' id='word_1_405' title='bbox 538 1552 633 1581; x_wconf 85' lang='lat' dir='ltr'>vinum</span> <span class='ocrx_word' id='word_1_406' title='bbox 647 1552 782 1586; x_wconf 77' lang='lat' dir='ltr'>liquatur,</span> <span class='ocrx_word' id='word_1_407' title='bbox 808 1550 921 1577; x_wconf 86' lang='lat' dir='ltr'>obscuro</span> <span class='ocrx_word' id='word_1_408' title='bbox 936 1550 995 1576; x_wconf 86' lang='lat' dir='ltr'>loco</span> <span class='ocrx_word' id='word_1_409' title='bbox 1015 1549 1189 1589; x_wconf 81' lang='lat' dir='ltr'>suspenditur.</span> <span class='ocrx_word' id='word_1_410' title='bbox 1197 1561 1235 1585; x_wconf 88' lang='lat'>40</span> 
     </span>
    </p>
   </div>
   <div class='ocr_carea' id='block_1_17' title="bbox 134 1585 1193 2368">
    <p class='ocr_par' dir='ltr' id='par_1_21' title="bbox 134 1585 1193 2120">
     <span class='ocr_line' id='line_1_50' title="bbox 136 1585 1193 1624; baseline -0.008 -7"><span class='ocrx_word' id='word_1_411' title='bbox 136 1585 267 1617; x_wconf 73' lang='lat' dir='ltr'>Q¹³l¹¹1112</span> <span class='ocrx_word' id='word_1_412' title='bbox 297 1589 391 1614; x_wconf 80' lang='lat' dir='ltr'>Neutro</span> <span class='ocrx_word' id='word_1_413' title='bbox 402 1597 486 1624; x_wconf 72' lang='lat' dir='ltr'>genere</span> <span class='ocrx_word' id='word_1_414' title='bbox 494 1599 501 1613; x_wconf 92' lang='lat'>.·</span> <span class='ocrx_word' id='word_1_415' title='bbox 571 1588 639 1614; x_wconf 89' lang='lat' dir='ltr'>Cato</span> <span class='ocrx_word' id='word_1_416' title='bbox 653 1596 674 1613; x_wconf 87' lang='grc' dir='ltr'>ιι</span> <span class='ocrx_word' id='word_1_417' title='bbox 712 1586 843 1614; x_wconf 82' lang='lat' dir='ltr'>Corbulas</span> <span class='ocrx_word' id='word_1_418' title='bbox 858 1586 988 1611; x_wconf 86' lang='lat' dir='ltr'>ainerinas</span> <span class='ocrx_word' id='word_1_419' title='bbox 1001 1585 1110 1617; x_wconf 80' lang='lat' dir='ltr'>viginti,</span> <span class='ocrx_word' id='word_1_420' title='bbox 1130 1592 1193 1617; x_wconf 86' lang='lat' dir='ltr'>qua-</span> 
     </span>
     <span class='ocr_line' id='line_1_51' title="bbox 136 1619 1190 1658; baseline -0.003 -12"><span class='ocrx_word' id='word_1_421' title='bbox 136 1619 161 1646; x_wconf 84' lang='lat' dir='ltr'>la</span> <span class='ocrx_word' id='word_1_422' title='bbox 174 1620 266 1646; x_wconf 85' lang='lat' dir='ltr'>sataria</span> <span class='ocrx_word' id='word_1_423' title='bbox 280 1622 387 1654; x_wconf 86' lang='lat' dir='ltr'>septem,</span> <span class='ocrx_word' id='word_1_424' title='bbox 406 1623 496 1650; x_wconf 80' lang='lat' dir='ltr'>alueos</span> <span class='ocrx_word' id='word_1_425' title='bbox 510 1623 691 1658; x_wconf 83' lang='lat' dir='ltr'>quadraginta.</span> <span class='ocrx_word' id='word_1_426' title='bbox 746 1624 809 1649; x_wconf 79' lang='lat' dir='ltr'>Sunt</span> <span class='ocrx_word' id='word_1_427' title='bbox 821 1627 915 1651; x_wconf 69' lang='lat' dir='ltr'>autem,</span> <span class='ocrx_word' id='word_1_428' title='bbox 940 1620 1054 1645; x_wconf 77' lang='lat' dir='ltr'>Tiiriiebo</span> <span class='ocrx_word' id='word_1_429' title='bbox 1067 1623 1190 1653; x_wconf 71' lang='lat' dir='ltr'>interpre-</span> 
     </span>
     <span class='ocr_line' id='line_1_52' title="bbox 135 1654 1188 1693; baseline -0.002 -13"><span class='ocrx_word' id='word_1_430' title='bbox 135 1661 169 1686; x_wconf 69' lang='lat' dir='ltr'>te,</span> <span class='ocrx_word' id='word_1_431' title='bbox 190 1656 276 1690; x_wconf 80' lang='lat' dir='ltr'>quihus</span> <span class='ocrx_word' id='word_1_432' title='bbox 295 1657 328 1681; x_wconf 60' lang='grc' dir='ltr'>..πί</span> <span class='ocrx_word' id='word_1_433' title='bbox 337 1657 468 1691; x_wconf 51' lang='lat' dir='ltr'>sim-ndum</span> <span class='ocrx_word' id='word_1_434' title='bbox 483 1666 543 1693; x_wconf 77' lang='lat' dir='ltr'>opus</span> <span class='ocrx_word' id='word_1_435' title='bbox 561 1657 610 1690; x_wconf 63' lang='lat' dir='ltr'>ist,</span> <span class='ocrx_word' id='word_1_436' title='bbox 630 1658 659 1682; x_wconf 68' lang='lat' dir='ltr'>iil</span> <span class='ocrx_word' id='word_1_437' title='bbox 677 1655 711 1689; x_wconf 63' lang='lat' dir='ltr'>ql?</span> <span class='ocrx_word' id='word_1_438' title='bbox 730 1657 765 1682; x_wconf 75' lang='lat' dir='ltr'>ad</span> <span class='ocrx_word' id='word_1_439' title='bbox 773 1656 911 1691; x_wconf 66' lang='lat' dir='ltr'>finientem.</span> <span class='ocrx_word' id='word_1_440' title='bbox 949 1654 1007 1680; x_wconf 73' lang='lat' dir='ltr'>add.</span> <span class='ocrx_word' id='word_1_441' title='bbox 1027 1655 1093 1680; x_wconf 89' lang='lat' dir='ltr'>Cato</span> <span class='ocrx_word' id='word_1_442' title='bbox 1112 1663 1134 1679; x_wconf 90' lang='lat' dir='ltr'>c.</span> <span class='ocrx_word' id='word_1_443' title='bbox 1150 1662 1188 1686; x_wconf 82' lang='lat'>23.</span> 
     </span>
     <span class='ocr_line' id='line_1_53' title="bbox 135 1689 1189 1726; baseline -0.004 -8"><span class='ocrx_word' id='word_1_444' title='bbox 135 1690 183 1718; x_wconf 61' lang='lat' dir='ltr'>Sed</span> <span class='ocrx_word' id='word_1_445' title='bbox 196 1690 326 1718; x_wconf 83' lang='lat' dir='ltr'>Columei.</span> <span class='ocrx_word' id='word_1_446' title='bbox 341 1701 365 1725; x_wconf 86' lang='lat'>7,</span> <span class='ocrx_word' id='word_1_447' title='bbox 378 1700 399 1723; x_wconf 76' lang='lat'>3,</span> <span class='ocrx_word' id='word_1_448' title='bbox 411 1701 428 1723; x_wconf 92' lang='lat'><em>9</em></span> <span class='ocrx_word' id='word_1_449' title='bbox 463 1694 519 1719; x_wconf 86' lang='lat' dir='ltr'>Sint</span> <span class='ocrx_word' id='word_1_450' title='bbox 538 1693 614 1726; x_wconf 87' lang='lat' dir='ltr'>quala</span> <span class='ocrx_word' id='word_1_451' title='bbox 629 1691 808 1721; x_wconf 78' lang='lat' dir='ltr'>mundiss&#39;ima,</span> <span class='ocrx_word' id='word_1_452' title='bbox 836 1698 868 1715; x_wconf 83' lang='lat' dir='ltr'>ne</span> <span class='ocrx_word' id='word_1_453' title='bbox 882 1698 933 1724; x_wconf 86' lang='lat' dir='ltr'>qua</span> <span class='ocrx_word' id='word_1_454' title='bbox 946 1699 1038 1716; x_wconf 90' lang='lat' dir='ltr'>earum</span> <span class='ocrx_word' id='word_1_455' title='bbox 1054 1689 1189 1722; x_wconf 84' lang='lat' dir='ltr'>valetudo,</span> 
     </span>
     <span class='ocr_line' id='line_1_54' title="bbox 134 1725 1187 1766; baseline 0 -15"><span class='ocrx_word' id='word_1_456' title='bbox 134 1735 200 1766; x_wconf 80' lang='lat' dir='ltr'>quae</span> <span class='ocrx_word' id='word_1_457' title='bbox 214 1733 259 1753; x_wconf 75' lang='lat' dir='ltr'>stc.</span> <span class='ocrx_word' id='word_1_458' title='bbox 311 1728 436 1754; x_wconf 72' lang='lat' dir='ltr'>Sententia</span> <span class='ocrx_word' id='word_1_459' title='bbox 448 1731 492 1754; x_wconf 70' lang='lat' dir='ltr'>vix</span> <span class='ocrx_word' id='word_1_460' title='bbox 505 1727 618 1754; x_wconf 69' lang='lat' dir='ltr'>admittit</span> <span class='ocrx_word' id='word_1_461' title='bbox 631 1727 716 1762; x_wconf 84' lang='lat' dir='ltr'>quala.</span> <span class='ocrx_word' id='word_1_462' title='bbox 755 1726 936 1762; x_wconf 35' lang='lat' dir='ltr'>Qcidaffikbiiu·</span> <span class='ocrx_word' id='word_1_463' title='bbox 950 1727 1035 1762; x_wconf 64' lang='lat' dir='ltr'>legunt</span> <span class='ocrx_word' id='word_1_464' title='bbox 1042 1725 1134 1751; x_wconf 86' lang='lat' dir='ltr'>Caula.</span> <span class='ocrx_word' id='word_1_465' title='bbox 1143 1727 1187 1751; x_wconf 68' lang='grc' dir='ltr'>ΑΙ.</span> 
     </span>
     <span class='ocr_line' id='line_1_55' title="bbox 135 1761 1191 1798; baseline -0.001 -11"><span class='ocrx_word' id='word_1_466' title='bbox 135 1762 192 1793; x_wconf 76' lang='lat' dir='ltr'>Sint</span> <span class='ocrx_word' id='word_1_467' title='bbox 206 1771 283 1796; x_wconf 87' lang='lat' dir='ltr'>quain</span> <span class='ocrx_word' id='word_1_468' title='bbox 298 1762 472 1795; x_wconf 72' lang='lat' dir='ltr'>mundissima,</span> <span class='ocrx_word' id='word_1_469' title='bbox 486 1770 530 1790; x_wconf 78' lang='lat' dir='ltr'>etc.</span> <span class='ocrx_word' id='word_1_470' title='bbox 604 1764 726 1798; x_wconf 76' lang='lat' dir='ltr'>Loquitur</span> <span class='ocrx_word' id='word_1_471' title='bbox 739 1766 802 1789; x_wconf 81' lang='lat' dir='ltr'>enim</span> <span class='ocrx_word' id='word_1_472' title='bbox 816 1761 960 1794; x_wconf 69' lang='lat' dir='ltr'>clestabuli&#39;s</span> <span class='ocrx_word' id='word_1_473' title='bbox 975 1766 1065 1788; x_wconf 80' lang='lat' dir='ltr'>ouium.</span> <span class='ocrx_word' id='word_1_474' title='bbox 1120 1761 1191 1788; x_wconf 71' lang='lat' dir='ltr'>Mihi</span> 
     </span>
     <span class='ocr_line' id='line_1_56' title="bbox 134 1796 1186 1837; baseline 0 -14"><span class='ocrx_word' id='word_1_475' title='bbox 134 1797 264 1837; x_wconf 70' lang='lat' dir='ltr'>videbatur</span> <span class='ocrx_word' id='word_1_476' title='bbox 279 1799 324 1834; x_wconf 78' lang='lat' dir='ltr'>leg.</span> <span class='ocrx_word' id='word_1_477' title='bbox 343 1798 443 1833; x_wconf 83' lang='lat' dir='ltr'>lintqne</span> <span class='ocrx_word' id='word_1_478' title='bbox 460 1799 506 1825; x_wconf 86' lang='lat' dir='ltr'>illa</span> <span class='ocrx_word' id='word_1_479' title='bbox 520 1798 693 1826; x_wconf 81' lang='lat' dir='ltr'>mundissima.</span> <span class='ocrx_word' id='word_1_480' title='bbox 798 1798 1010 1824; x_wconf 83' lang='lat' dir='ltr'>Vindeiniatorii</span> <span class='ocrx_word' id='word_1_481' title='bbox 1032 1796 1103 1831; x_wconf 87' lang='lat' dir='ltr'>quali</span> <span class='ocrx_word' id='word_1_482' title='bbox 1142 1796 1186 1823; x_wconf 91' lang='lat' dir='ltr'>Vl-</span> 
     </span>
     <span class='ocr_line' id='line_1_57' title="bbox 137 1833 1188 1868; baseline -0.001 -9"><span class='ocrx_word' id='word_1_483' title='bbox 137 1841 205 1868; x_wconf 75' lang='lat' dir='ltr'>pran.</span> <span class='ocrx_word' id='word_1_484' title='bbox 219 1834 246 1860; x_wconf 88' lang='lat' dir='ltr'>in</span> <span class='ocrx_word' id='word_1_485' title='bbox 261 1834 277 1860; x_wconf 91' lang='lat' dir='ltr'>l.</span> <span class='ocrx_word' id='word_1_486' title='bbox 294 1833 470 1861; x_wconf 78' lang='lat' dir='ltr'>Instrumento</span> <span class='ocrx_word' id='word_1_487' title='bbox 484 1835 516 1862; x_wconf 90' lang='lat' dir='ltr'>D.</span> <span class='ocrx_word' id='word_1_488' title='bbox 531 1834 563 1862; x_wconf 86' lang='lat' dir='ltr'>de</span> <span class='ocrx_word' id='word_1_489' title='bbox 577 1834 696 1861; x_wconf 54' lang='lat' dir='ltr'>instrueh</span> <span class='ocrx_word' id='word_1_490' title='bbox 717 1834 758 1860; x_wconf 87' lang='lat' dir='ltr'>vel</span> <span class='ocrx_word' id='word_1_491' title='bbox 775 1834 847 1860; x_wconf 86' lang='lat' dir='ltr'>instr.</span> <span class='ocrx_word' id='word_1_492' title='bbox 860 1833 910 1867; x_wconf 85' lang='lat' dir='ltr'>leg.</span> <span class='ocrx_word' id='word_1_493' title='bbox 1022 1833 1138 1866; x_wconf 64' lang='lat' dir='ltr'>(Qialus,</span> <span class='ocrx_word' id='word_1_494' title='bbox 1161 1836 1188 1858; x_wconf 80' lang='lat' dir='ltr'>iii</span> 
     </span>
     <span class='ocr_line' id='line_1_58' title="bbox 137 1868 1187 1906; baseline 0 -12"><span class='ocrx_word' id='word_1_495' title='bbox 137 1878 183 1904; x_wconf 76' lang='lat' dir='ltr'>quo</span> <span class='ocrx_word' id='word_1_496' title='bbox 201 1871 312 1896; x_wconf 65' lang='lat' dir='ltr'>mulieres</span> <span class='ocrx_word' id='word_1_497' title='bbox 332 1871 479 1905; x_wconf 66' lang='lat' dir='ltr'>reponebant</span> <span class='ocrx_word' id='word_1_498' title='bbox 492 1871 586 1906; x_wconf 74' lang='lat' dir='ltr'>pcnfiz:</span> <span class='ocrx_word' id='word_1_499' title='bbox 642 1872 736 1897; x_wconf 86' lang='lat' dir='ltr'>Horat.</span> <span class='ocrx_word' id='word_1_500' title='bbox 752 1871 840 1896; x_wconf 86' lang='lat' dir='ltr'>Carni.</span> <span class='ocrx_word' id='word_1_501' title='bbox 850 1878 870 1901; x_wconf 82' lang='lat'>3,</span> <span class='ocrx_word' id='word_1_502' title='bbox 886 1878 920 1901; x_wconf 70' lang='lat' dir='ltr'>ic,</span> <span class='ocrx_word' id='word_1_503' title='bbox 933 1878 952 1902; x_wconf 85' lang='lat'>4</span> <span class='ocrx_word' id='word_1_504' title='bbox 988 1868 1060 1896; x_wconf 87' lang='lat' dir='ltr'>Tibi</span> <span class='ocrx_word' id='word_1_505' title='bbox 1079 1869 1187 1903; x_wconf 87' lang='lat' dir='ltr'>qualum</span> 
     </span>
     <span class='ocr_line' id='line_1_59' title="bbox 136 1904 1189 1941; baseline 0.001 -11"><span class='ocrx_word' id='word_1_506' title='bbox 136 1904 282 1936; x_wconf 78' lang='lat' dir='ltr'>Cythereae</span> <span class='ocrx_word' id='word_1_507' title='bbox 297 1915 361 1940; x_wconf 87' lang='lat' dir='ltr'>puer</span> <span class='ocrx_word' id='word_1_508' title='bbox 381 1906 442 1932; x_wconf 84' lang='lat' dir='ltr'>ales.</span> <span class='ocrx_word' id='word_1_509' title='bbox 535 1906 653 1939; x_wconf 74' lang='lat' dir='ltr'>Qualus,</span> <span class='ocrx_word' id='word_1_510' title='bbox 677 1906 743 1941; x_wconf 80' lang='lat' dir='ltr'>apud</span> <span class='ocrx_word' id='word_1_511' title='bbox 756 1906 860 1940; x_wconf 84' lang='lat' dir='ltr'>Apulei.</span> <span class='ocrx_word' id='word_1_512' title='bbox 877 1906 969 1938; x_wconf 83' lang='lat' dir='ltr'>Met.4</span> <span class='ocrx_word' id='word_1_513' title='bbox 984 1914 1060 1938; x_wconf 79' lang='lat' dir='ltr'>p.i,·4</span> <span class='ocrx_word' id='word_1_514' title='bbox 1075 1913 1118 1940; x_wconf 84' lang='lat' dir='ltr'>pr.</span> <span class='ocrx_word' id='word_1_515' title='bbox 1141 1913 1189 1939; x_wconf 89' lang='lat' dir='ltr'>pro</span> 
     </span>
     <span class='ocr_line' id='line_1_60' title="bbox 137 1940 1187 1979; baseline -0.001 -12"><span class='ocrx_word' id='word_1_516' title='bbox 137 1940 258 1968; x_wconf 74' lang='lat' dir='ltr'>Canini-0</span> <span class='ocrx_word' id='word_1_517' title='bbox 278 1942 304 1968; x_wconf 91' lang='lat' dir='ltr'>in</span> <span class='ocrx_word' id='word_1_518' title='bbox 319 1951 373 1979; x_wconf 86' lang='lat' dir='ltr'>quo</span> <span class='ocrx_word' id='word_1_519' title='bbox 388 1943 460 1976; x_wconf 81' lang='lat' dir='ltr'>panis</span> <span class='ocrx_word' id='word_1_520' title='bbox 475 1942 601 1969; x_wconf 88' lang='lat' dir='ltr'>seruatur.</span> <span class='ocrx_word' id='word_1_521' title='bbox 674 1944 709 1968; x_wconf 82' lang='lat' dir='ltr'>It.</span> <span class='ocrx_word' id='word_1_522' title='bbox 727 1949 767 1977; x_wconf 79' lang='lat' dir='ltr'>ap.</span> <span class='ocrx_word' id='word_1_523' title='bbox 783 1942 906 1968; x_wconf 87' lang='lat' dir='ltr'>Prudent.</span> <span class='ocrx_word' id='word_1_524' title='bbox 920 1941 1021 1973; x_wconf 81' lang='lat' dir='ltr'>hymno</span> <span class='ocrx_word' id='word_1_525' title='bbox 1037 1941 1125 1967; x_wconf 82' lang='lat' dir='ltr'>omnis</span> <span class='ocrx_word' id='word_1_526' title='bbox 1141 1943 1187 1967; x_wconf 83' lang='lat' dir='ltr'>bo-</span> 
     </span>
     <span class='ocr_line' id='line_1_61' title="bbox 135 1976 1191 2013; baseline -0.002 -9"><span class='ocrx_word' id='word_1_527' title='bbox 135 1985 180 2004; x_wconf 81' lang='lat' dir='ltr'>rae</span> <span class='ocrx_word' id='word_1_528' title='bbox 198 1986 223 2003; x_wconf 88' lang='lat' dir='ltr'>v.</span> <span class='ocrx_word' id='word_1_529' title='bbox 233 1984 269 2009; x_wconf 77' lang='lat'>58.</span> <span class='ocrx_word' id='word_1_530' title='bbox 291 1977 363 2010; x_wconf 72' lang='lat' dir='ltr'>Cloffi</span> <span class='ocrx_word' id='word_1_531' title='bbox 378 1977 498 2004; x_wconf 68' lang='grc' dir='ltr'>κάλαθοε.</span> <span class='ocrx_word' id='word_1_532' title='bbox 617 1978 728 2010; x_wconf 68' lang='lat' dir='ltr'>leus,</span> <span class='ocrx_word' id='word_1_533' title='bbox 758 1979 808 2004; x_wconf 77' lang='lat' dir='ltr'>Vas</span> <span class='ocrx_word' id='word_1_534' title='bbox 822 1987 867 2013; x_wconf 84' lang='lat' dir='ltr'>quo</span> <span class='ocrx_word' id='word_1_535' title='bbox 879 1976 1100 2011; x_wconf 69' lang='lat' dir='ltr'>caemcnmri&#39;i&#39;siuc</span> <span class='ocrx_word' id='word_1_536' title='bbox 1111 1979 1191 2003; x_wconf 75' lang='lat' dir='ltr'>calca-</span> 
     </span>
     <span class='ocr_line' id='line_1_62' title="bbox 134 2012 1190 2051; baseline 0 -13"><span class='ocrx_word' id='word_1_537' title='bbox 134 2015 172 2039; x_wconf 80' lang='lat' dir='ltr'>rii</span> <span class='ocrx_word' id='word_1_538' title='bbox 186 2020 292 2039; x_wconf 82' lang='lat' dir='ltr'>utuntur</span> <span class='ocrx_word' id='word_1_539' title='bbox 311 2014 344 2040; x_wconf 75' lang='lat' dir='ltr'>ad</span> <span class='ocrx_word' id='word_1_540' title='bbox 353 2014 502 2048; x_wconf 67' lang='lat' dir='ltr'>portandam</span> <span class='ocrx_word' id='word_1_541' title='bbox 515 2014 603 2040; x_wconf 76' lang='lat' dir='ltr'>calcem</span> <span class='ocrx_word' id='word_1_542' title='bbox 615 2015 654 2040; x_wconf 67' lang='lat' dir='ltr'>vel</span> <span class='ocrx_word' id='word_1_543' title='bbox 673 2013 784 2051; x_wconf 58' lang='lat' dir='ltr'>gsypfiim.</span> <span class='ocrx_word' id='word_1_544' title='bbox 840 2013 949 2047; x_wconf 91' lang='lat' dir='ltr'>leian.</span> <span class='ocrx_word' id='word_1_545' title='bbox 963 2014 990 2039; x_wconf 90' lang='lat' dir='ltr'>in</span> <span class='ocrx_word' id='word_1_546' title='bbox 1004 2014 1021 2039; x_wconf 93' lang='lat' dir='ltr'>l.</span> <span class='ocrx_word' id='word_1_547' title='bbox 1058 2014 1106 2039; x_wconf 77' lang='lat' dir='ltr'>Sed</span> <span class='ocrx_word' id='word_1_548' title='bbox 1126 2020 1151 2038; x_wconf 85' lang='lat' dir='ltr'>et</span> <span class='ocrx_word' id='word_1_549' title='bbox 1172 2012 1190 2039; x_wconf 79' lang='lat' dir='ltr'>ii</span> 
     </span>
     <span class='ocr_line' id='line_1_63' title="bbox 135 2048 1190 2084; baseline 0 -10"><span class='ocrx_word' id='word_1_550' title='bbox 135 2049 200 2083; x_wconf 90' lang='lat' dir='ltr'>quid</span> <span class='ocrx_word' id='word_1_551' title='bbox 214 2049 440 2082; x_wconf 86' lang='lat' dir='ltr'>inaedificauerit,</span> <span class='ocrx_word' id='word_1_552' title='bbox 460 2049 488 2076; x_wconf 91' lang='lat' dir='ltr'>in</span> <span class='ocrx_word' id='word_1_553' title='bbox 501 2049 634 2084; x_wconf 88' lang='lat' dir='ltr'>principio</span> <span class='ocrx_word' id='word_1_554' title='bbox 650 2051 682 2076; x_wconf 91' lang='lat' dir='ltr'>D.</span> <span class='ocrx_word' id='word_1_555' title='bbox 696 2050 728 2076; x_wconf 81' lang='lat' dir='ltr'>de</span> <span class='ocrx_word' id='word_1_556' title='bbox 741 2049 889 2081; x_wconf 68' lang='lat' dir='ltr'>vsufruetu,</span> <span class='ocrx_word' id='word_1_557' title='bbox 925 2049 995 2075; x_wconf 86' lang='lat' dir='ltr'>Nam</span> <span class='ocrx_word' id='word_1_558' title='bbox 1015 2049 1032 2075; x_wconf 85' lang='lat' dir='ltr'>fi</span> <span class='ocrx_word' id='word_1_559' title='bbox 1047 2048 1190 2075; x_wconf 88' lang='lat' dir='ltr'>librarium</span> 
     </span>
     <span class='ocr_line' id='line_1_64' title="bbox 137 2085 829 2120; baseline 0 -9"><span class='ocrx_word' id='word_1_560' title='bbox 137 2093 181 2112; x_wconf 76' lang='lat' dir='ltr'>rus</span> <span class='ocrx_word' id='word_1_561' title='bbox 196 2085 293 2117; x_wconf 80' lang='lat' dir='ltr'>mittat,</span> <span class='ocrx_word' id='word_1_562' title='bbox 312 2091 337 2111; x_wconf 87' lang='lat' dir='ltr'>et</span> <span class='ocrx_word' id='word_1_563' title='bbox 351 2086 456 2120; x_wconf 86' lang='lat' dir='ltr'>qualum</span> <span class='ocrx_word' id='word_1_564' title='bbox 472 2091 498 2112; x_wconf 91' lang='lat' dir='ltr'>et</span> <span class='ocrx_word' id='word_1_565' title='bbox 511 2085 607 2112; x_wconf 80' lang='lat' dir='ltr'>calcem</span> <span class='ocrx_word' id='word_1_566' title='bbox 622 2091 729 2120; x_wconf 81' lang='lat' dir='ltr'>portare</span> <span class='ocrx_word' id='word_1_567' title='bbox 744 2092 829 2119; x_wconf 81' lang='lat' dir='ltr'>cogat.</span> 
     </span>
    </p>

    <p class='ocr_par' dir='ltr' id='par_1_22' title="bbox 135 2119 1191 2368">
     <span class='ocr_line' id='line_1_65' title="bbox 175 2119 1191 2160; baseline 0 -14"><span class='ocrx_word' id='word_1_568' title='bbox 175 2127 224 2159; x_wconf 52' lang='grc' dir='ltr'>(ζν</span> <span class='ocrx_word' id='word_1_569' title='bbox 234 2127 276 2147; x_wconf 69' lang='lat' dir='ltr'>AS</span> <span class='ocrx_word' id='word_1_570' title='bbox 287 2128 292 2145; x_wconf 90' lang='lat' dir='ltr'>i</span> <span class='ocrx_word' id='word_1_571' title='bbox 304 2128 373 2148; x_wconf 52' lang='grc' dir='ltr'>μιν</span> <span class='ocrx_word' id='word_1_572' title='bbox 383 2129 406 2151; x_wconf 87' lang='lat' dir='ltr'>s,</span> <span class='ocrx_word' id='word_1_573' title='bbox 419 2122 437 2147; x_wconf 87' lang='lat' dir='ltr'>i.</span> <span class='ocrx_word' id='word_1_574' title='bbox 459 2130 494 2147; x_wconf 87' lang='lat' dir='ltr'>m.</span> <span class='ocrx_word' id='word_1_575' title='bbox 531 2128 554 2146; x_wconf 79' lang='lat' dir='ltr'>ee</span> <span class='ocrx_word' id='word_1_576' title='bbox 568 2128 645 2160; x_wconf 63' lang='lat' dir='ltr'>QVA</span> <span class='ocrx_word' id='word_1_577' title='bbox 657 2128 714 2147; x_wconf 84' lang='lat' dir='ltr'>sii.</span> <span class='ocrx_word' id='word_1_578' title='bbox 728 2127 744 2147; x_wconf 75' lang='grc' dir='ltr'>ι</span> <span class='ocrx_word' id='word_1_579' title='bbox 756 2128 775 2146; x_wconf 88' lang='grc' dir='ltr'><strong><em>ν</em></strong></span> <span class='ocrx_word' id='word_1_580' title='bbox 786 2128 819 2151; x_wconf 82' lang='lat' dir='ltr'>M,</span> <span class='ocrx_word' id='word_1_581' title='bbox 834 2120 851 2146; x_wconf 89' lang='lat' dir='ltr'>i.</span> <span class='ocrx_word' id='word_1_582' title='bbox 872 2130 898 2146; x_wconf 87' lang='lat' dir='ltr'>n.</span> <span class='ocrx_word' id='word_1_583' title='bbox 935 2119 1123 2154; x_wconf 69' lang='grc' dir='ltr'>[καλαθίσκος]</span> <span class='ocrx_word' id='word_1_584' title='bbox 1145 2119 1191 2146; x_wconf 92' lang='lat' dir='ltr'>Di-</span> 
     </span>
     <span class='ocr_line' id='line_1_66' title="bbox 139 2156 1191 2190; baseline 0.001 -9"><span class='ocrx_word' id='word_1_585' title='bbox 139 2156 204 2182; x_wconf 85' lang='lat' dir='ltr'>min.</span> <span class='ocrx_word' id='word_1_586' title='bbox 215 2164 230 2181; x_wconf 89' lang='lat' dir='ltr'>a</span> <span class='ocrx_word' id='word_1_587' title='bbox 243 2156 352 2188; x_wconf 72' lang='lat' dir='ltr'>Qualns.</span> <span class='ocrx_word' id='word_1_588' title='bbox 387 2157 485 2189; x_wconf 61' lang='lat' dir='ltr'>Fcffim,</span> <span class='ocrx_word' id='word_1_589' title='bbox 503 2156 626 2183; x_wconf 75' lang='lat' dir='ltr'>calathos</span> <span class='ocrx_word' id='word_1_590' title='bbox 641 2157 746 2188; x_wconf 85' lang='lat' dir='ltr'>Graeci,</span> <span class='ocrx_word' id='word_1_591' title='bbox 765 2166 813 2183; x_wconf 88' lang='lat' dir='ltr'>nos</span> <span class='ocrx_word' id='word_1_592' title='bbox 828 2156 941 2182; x_wconf 79' lang='lat' dir='ltr'>dicimus</span> <span class='ocrx_word' id='word_1_593' title='bbox 956 2156 1088 2190; x_wconf 78' lang='lat' dir='ltr'>quasillos.</span> <span class='ocrx_word' id='word_1_594' title='bbox 1121 2156 1191 2190; x_wconf 83' lang='lat' dir='ltr'>conf.</span> 
     </span>
     <span class='ocr_line' id='line_1_67' title="bbox 138 2191 1190 2227; baseline -0.001 -11"><span class='ocrx_word' id='word_1_595' title='bbox 138 2191 210 2217; x_wconf 78' lang='lat' dir='ltr'>Seru.</span> <span class='ocrx_word' id='word_1_596' title='bbox 226 2191 240 2216; x_wconf 95' lang='lat' dir='ltr'>l.</span> <span class='ocrx_word' id='word_1_597' title='bbox 257 2191 304 2217; x_wconf 82' lang='lat' dir='ltr'>inf.</span> <span class='ocrx_word' id='word_1_598' title='bbox 320 2192 364 2218; x_wconf 85' lang='lat' dir='ltr'>cit.</span> <span class='ocrx_word' id='word_1_599' title='bbox 404 2195 407 2199; x_wconf 93' lang='lat'>&#39;</span> <span class='ocrx_word' id='word_1_600' title='bbox 480 2193 533 2219; x_wconf 87' lang='lat' dir='ltr'>Cic.</span> <span class='ocrx_word' id='word_1_601' title='bbox 549 2192 661 2227; x_wconf 89' lang='lat' dir='ltr'>Philipp.</span> <span class='ocrx_word' id='word_1_602' title='bbox 671 2201 692 2224; x_wconf 82' lang='lat'>3,</span> <span class='ocrx_word' id='word_1_603' title='bbox 706 2201 734 2218; x_wconf 85' lang='lat'>10</span> <span class='ocrx_word' id='word_1_604' title='bbox 754 2202 802 2226; x_wconf 79' lang='lat' dir='ltr'>c.4</span> <span class='ocrx_word' id='word_1_605' title='bbox 840 2195 873 2218; x_wconf 90' lang='lat' dir='ltr'>At</span> <span class='ocrx_word' id='word_1_606' title='bbox 887 2201 952 2218; x_wconf 81' lang='lat' dir='ltr'>vcro</span> <span class='ocrx_word' id='word_1_607' title='bbox 967 2193 1045 2218; x_wconf 89' lang='lat' dir='ltr'>huius</span> <span class='ocrx_word' id='word_1_608' title='bbox 1064 2192 1138 2217; x_wconf 90' lang='lat' dir='ltr'>domi</span> <span class='ocrx_word' id='word_1_609' title='bbox 1152 2191 1190 2215; x_wconf 82' lang='lat' dir='ltr'>iii-</span> 
     </span>
     <span class='ocr_line' id='line_1_68' title="bbox 137 2226 1190 2266; baseline -0.004 -14"><span class='ocrx_word' id='word_1_610' title='bbox 137 2232 181 2266; x_wconf 70' lang='lat' dir='ltr'>ter</span> <span class='ocrx_word' id='word_1_611' title='bbox 191 2226 300 2260; x_wconf 82' lang='lat' dir='ltr'>qualilla</span> <span class='ocrx_word' id='word_1_612' title='bbox 313 2226 473 2261; x_wconf 83' lang='lat' dir='ltr'>pendebatur</span> <span class='ocrx_word' id='word_1_613' title='bbox 486 2236 588 2254; x_wconf 86' lang='lat' dir='ltr'>aurum.</span> <span class='ocrx_word' id='word_1_614' title='bbox 641 2228 716 2261; x_wconf 73' lang='lat' dir='ltr'>(hiasi</span> <span class='ocrx_word' id='word_1_615' title='bbox 730 2227 838 2259; x_wconf 67' lang='lat' dir='ltr'>diceret,</span> <span class='ocrx_word' id='word_1_616' title='bbox 859 2231 928 2254; x_wconf 70' lang='lat' dir='ltr'>liin-r</span> <span class='ocrx_word' id='word_1_617' title='bbox 943 2228 1100 2253; x_wconf 63' lang='lat' dir='ltr'>mulierculas</span> <span class='ocrx_word' id='word_1_618' title='bbox 1120 2231 1143 2249; x_wconf 69' lang='lat' dir='ltr'>et</span> <span class='ocrx_word' id='word_1_619' title='bbox 1156 2227 1190 2248; x_wconf 79' lang='lat' dir='ltr'>la-</span> 
     </span>
     <span class='ocr_line' id='line_1_69' title="bbox 135 2264 318 2298; baseline -0.005 -10"><span class='ocrx_word' id='word_1_620' title='bbox 135 2264 229 2296; x_wconf 71' lang='lat' dir='ltr'>mJicm.</span> <span class='ocrx_word' id='word_1_621' title='bbox 284 2289 318 2298; x_wconf 40' lang='grc' dir='ltr'><strong>Ν</strong></span> 
     </span>
     <span class='ocr_line' id='line_1_70' title="bbox 138 2297 702 2332; baseline 0 -9"><span class='ocrx_word' id='word_1_622' title='bbox 138 2297 267 2332; x_wconf 78' lang='lat' dir='ltr'>nymphae</span> <span class='ocrx_word' id='word_1_623' title='bbox 281 2298 395 2324; x_wconf 76' lang='lat' dir='ltr'>calathis.</span> <span class='ocrx_word' id='word_1_624' title='bbox 433 2299 491 2324; x_wconf 68' lang='lat' dir='ltr'>add.</span> <span class='ocrx_word' id='word_1_625' title='bbox 508 2299 645 2330; x_wconf 78' lang='lat' dir='ltr'>lssdor.19‚</span> <span class='ocrx_word' id='word_1_626' title='bbox 666 2307 702 2328; x_wconf 84' lang='lat'>¹9-</span> 
     </span>
     <span class='ocr_line' id='line_1_71' title="bbox 135 2332 754 2368; baseline -0.005 -9"><span class='ocrx_word' id='word_1_627' title='bbox 135 2341 198 2359; x_wconf 73' lang='lat' dir='ltr'>eura</span> <span class='ocrx_word' id='word_1_628' title='bbox 219 2340 295 2367; x_wconf 80' lang='lat' dir='ltr'>togae</span> <span class='ocrx_word' id='word_1_629' title='bbox 310 2334 410 2368; x_wconf 89' lang='lat' dir='ltr'>potior,</span> <span class='ocrx_word' id='word_1_630' title='bbox 429 2335 592 2367; x_wconf 75' lang='lat' dir='ltr'>pressumque</span> <span class='ocrx_word' id='word_1_631' title='bbox 608 2332 754 2364; x_wconf 80' lang='lat' dir='ltr'>quasillum-</span> 
     </span>
    </p>
   </div>
   <div class='ocr_carea' id='block_1_18' title="bbox 136 2364 1186 2444">
    <p class='ocr_par' dir='ltr' id='par_1_23' title="bbox 136 2364 1186 2444">
     <span class='ocr_line' id='line_1_72' title="bbox 136 2364 736 2404; baseline -0.015 -8"><span class='ocrx_word' id='word_1_632' title='bbox 136 2370 258 2403; x_wconf 73' lang='lat' dir='ltr'>grauiora</span> <span class='ocrx_word' id='word_1_633' title='bbox 273 2369 393 2404; x_wconf 80' lang='lat' dir='ltr'>rependit</span> <span class='ocrx_word' id='word_1_634' title='bbox 405 2369 504 2400; x_wconf 79' lang='lat' dir='ltr'>iniquis</span> <span class='ocrx_word' id='word_1_635' title='bbox 518 2367 595 2398; x_wconf 75' lang='lat' dir='ltr'>pensa</span> <span class='ocrx_word' id='word_1_636' title='bbox 611 2364 736 2398; x_wconf 73' lang='lat' dir='ltr'>quasillis.</span> 
     </span>
     <span class='ocr_line' id='line_1_73' title="bbox 173 2395 1186 2444; baseline -0.013 -12"><span class='ocrx_word' id='word_1_637' title='bbox 173 2412 222 2444; x_wconf 60' lang='lat' dir='ltr'>Qv</span> <span class='ocrx_word' id='word_1_638' title='bbox 233 2412 275 2431; x_wconf 73' lang='lat' dir='ltr'>AS</span> <span class='ocrx_word' id='word_1_639' title='bbox 287 2412 294 2429; x_wconf 83' lang='lat'><em>1</em></span> <span class='ocrx_word' id='word_1_640' title='bbox 307 2413 321 2430; x_wconf 80' lang='lat' dir='ltr'>L</span> <span class='ocrx_word' id='word_1_641' title='bbox 335 2412 349 2429; x_wconf 86' lang='lat' dir='ltr'>i¹</span> <span class='ocrx_word' id='word_1_642' title='bbox 361 2411 381 2429; x_wconf 79' lang='grc' dir='ltr'>Λ</span> <span class='ocrx_word' id='word_1_643' title='bbox 392 2411 410 2427; x_wconf 72' lang='grc' dir='ltr'>κ</span> <span class='ocrx_word' id='word_1_644' title='bbox 421 2409 427 2426; x_wconf 91' lang='lat'>1</span> <span class='ocrx_word' id='word_1_645' title='bbox 438 2409 471 2431; x_wconf 64' lang='lat' dir='ltr'>A,</span> <span class='ocrx_word' id='word_1_646' title='bbox 490 2409 528 2426; x_wconf 80' lang='lat' dir='ltr'>ae.</span> <span class='ocrx_word' id='word_1_647' title='bbox 557 2400 576 2425; x_wconf 88' lang='lat' dir='ltr'>s.</span> <span class='ocrx_word' id='word_1_648' title='bbox 621 2398 742 2432; x_wconf 59' lang='lat' dir='ltr'>Laiiilica.</span> <span class='ocrx_word' id='word_1_649' title='bbox 815 2397 920 2422; x_wconf 87' lang='lat' dir='ltr'>Petron.</span> <span class='ocrx_word' id='word_1_650' title='bbox 941 2404 962 2420; x_wconf 89' lang='lat' dir='ltr'>c.</span> <span class='ocrx_word' id='word_1_651' title='bbox 977 2403 1011 2427; x_wconf 89' lang='lat'>92</span> <span class='ocrx_word' id='word_1_652' title='bbox 1049 2395 1186 2420; x_wconf 86' lang='lat' dir='ltr'>Conuocat</span> 
     </span>
    </p>
   </div>
   <div class='ocr_carea' id='block_1_19' title="bbox 131 2429 1189 3076">
    <p class='ocr_par' dir='ltr' id='par_1_24' title="bbox 134 2429 1187 2543">
     <span class='ocr_line' id='line_1_74' title="bbox 135 2429 1186 2471; baseline -0.01 -4"><span class='ocrx_word' id='word_1_653' title='bbox 135 2449 228 2467; x_wconf 79' lang='lat' dir='ltr'>omnes</span> <span class='ocrx_word' id='word_1_654' title='bbox 242 2437 413 2471; x_wconf 82' lang='lat' dir='ltr'>quasillarias,</span> <span class='ocrx_word' id='word_1_655' title='bbox 428 2435 598 2466; x_wconf 75' lang='lat' dir='ltr'>familiaeque</span> <span class='ocrx_word' id='word_1_656' title='bbox 613 2432 810 2458; x_wconf 79' lang='lat' dir='ltr'>sordidiffimam</span> <span class='ocrx_word' id='word_1_657' title='bbox 823 2438 934 2465; x_wconf 85' lang='lat' dir='ltr'>partem.</span> <span class='ocrx_word' id='word_1_658' title='bbox 971 2429 1029 2456; x_wconf 68' lang='lat' dir='ltr'>add.</span> <span class='ocrx_word' id='word_1_659' title='bbox 1049 2430 1089 2455; x_wconf 89' lang='lat' dir='ltr'>Id.</span> <span class='ocrx_word' id='word_1_660' title='bbox 1104 2440 1126 2456; x_wconf 86' lang='lat' dir='ltr'>c.</span> <span class='ocrx_word' id='word_1_661' title='bbox 1136 2439 1186 2462; x_wconf 76' lang='lat'>¹32·</span> 
     </span>
     <span class='ocr_line' id='line_1_75' title="bbox 187 2466 1187 2501; baseline -0.004 -5"><span class='ocrx_word' id='word_1_662' title='bbox 187 2480 222 2497; x_wconf 74' lang='lat' dir='ltr'>iv</span> <span class='ocrx_word' id='word_1_663' title='bbox 233 2479 252 2498; x_wconf 66' lang='lat' dir='ltr'>x.</span> <span class='ocrx_word' id='word_1_664' title='bbox 262 2479 291 2497; x_wconf 76' lang='lat' dir='ltr'>si</span> <span class='ocrx_word' id='word_1_665' title='bbox 308 2478 322 2496; x_wconf 86' lang='grc' dir='ltr'>ι,</span> <span class='ocrx_word' id='word_1_666' title='bbox 334 2478 408 2496; x_wconf 72' lang='lat' dir='ltr'>LAR</span> <span class='ocrx_word' id='word_1_667' title='bbox 419 2477 426 2494; x_wconf 88' lang='lat' dir='ltr'>i</span> <span class='ocrx_word' id='word_1_668' title='bbox 438 2477 457 2495; x_wconf 79' lang='lat' dir='ltr'>v</span> <span class='ocrx_word' id='word_1_669' title='bbox 467 2478 489 2499; x_wconf 88' lang='lat' dir='ltr'>s,</span> <span class='ocrx_word' id='word_1_670' title='bbox 502 2469 520 2494; x_wconf 85' lang='lat' dir='ltr'>i.</span> <span class='ocrx_word' id='word_1_671' title='bbox 541 2478 575 2494; x_wconf 91' lang='lat' dir='ltr'>m.</span> <span class='ocrx_word' id='word_1_672' title='bbox 612 2467 751 2501; x_wconf 57' lang='grc' dir='ltr'>[φιλύποιος</span> <span class='ocrx_word' id='word_1_673' title='bbox 772 2468 852 2492; x_wconf 76' lang='lat' dir='ltr'>Gloss&#39;.</span> <span class='ocrx_word' id='word_1_674' title='bbox 867 2467 959 2493; x_wconf 87' lang='lat' dir='ltr'>Graec.</span> <span class='ocrx_word' id='word_1_675' title='bbox 974 2466 1079 2500; x_wconf 83' lang='lat' dir='ltr'>Latin.]</span> <span class='ocrx_word' id='word_1_676' title='bbox 1117 2467 1187 2493; x_wconf 80' lang='lat' dir='ltr'>Scri-</span> 
     </span>
     <span class='ocr_line' id='line_1_76' title="bbox 134 2505 404 2543; baseline -0.011 -10"><span class='ocrx_word' id='word_1_677' title='bbox 134 2515 207 2543; x_wconf 78' lang='lat' dir='ltr'>ptum</span> <span class='ocrx_word' id='word_1_678' title='bbox 226 2505 404 2539; x_wconf 76' lang='lat' dir='ltr'>Qaflliarius.</span> 
     </span>
    </p>

    <p class='ocr_par' dir='ltr' id='par_1_25' title="bbox 131 2535 1189 2816">
     <span class='ocr_line' id='line_1_77' title="bbox 173 2535 1189 2580; baseline -0.004 -14"><span class='ocrx_word' id='word_1_679' title='bbox 173 2547 292 2580; x_wconf 60' lang='lat' dir='ltr'>QVAM.</span> <span class='ocrx_word' id='word_1_680' title='bbox 330 2539 412 2572; x_wconf 54' lang='lat' dir='ltr'>[Vae-a,</span> <span class='ocrx_word' id='word_1_681' title='bbox 432 2535 472 2573; x_wconf 65' lang='grc' dir='ltr'>ἢ]</span> <span class='ocrx_word' id='word_1_682' title='bbox 509 2539 636 2566; x_wconf 72' lang='lat' dir='ltr'>particula</span> <span class='ocrx_word' id='word_1_683' title='bbox 649 2540 757 2564; x_wconf 70' lang='lat' dir='ltr'>relatiua</span> <span class='ocrx_word' id='word_1_684' title='bbox 777 2544 800 2563; x_wconf 68' lang='lat' dir='ltr'>et</span> <span class='ocrx_word' id='word_1_685' title='bbox 820 2540 1007 2572; x_wconf 74' lang='lat' dir='ltr'>compararim,</span> <span class='ocrx_word' id='word_1_686' title='bbox 1026 2540 1068 2563; x_wconf 84' lang='lat' dir='ltr'>cui</span> <span class='ocrx_word' id='word_1_687' title='bbox 1081 2538 1189 2572; x_wconf 71' lang='lat' dir='ltr'>plerum-</span> 
     </span>
     <span class='ocr_line' id='line_1_78' title="bbox 131 2574 1189 2612; baseline -0.003 -9"><span class='ocrx_word' id='word_1_688' title='bbox 131 2585 176 2612; x_wconf 82' lang='lat' dir='ltr'>que</span> <span class='ocrx_word' id='word_1_689' title='bbox 189 2575 314 2612; x_wconf 71' lang='lat' dir='ltr'>respondet</span> <span class='ocrx_word' id='word_1_690' title='bbox 326 2574 456 2611; x_wconf 41' lang='lat' dir='ltr'>praemi—&#39;ffb</span> <span class='ocrx_word' id='word_1_691' title='bbox 472 2575 620 2611; x_wconf 73' lang='lat' dir='ltr'>velfiquriis</span> <span class='ocrx_word' id='word_1_692' title='bbox 633 2574 715 2604; x_wconf 74' lang='lat' dir='ltr'>¹I&#39;iim,</span> <span class='ocrx_word' id='word_1_693' title='bbox 734 2574 932 2606; x_wconf 63' lang='lat' dir='ltr'>iteriiTantum,</span> <span class='ocrx_word' id='word_1_694' title='bbox 950 2577 1009 2599; x_wconf 82' lang='lat' dir='ltr'>item</span> <span class='ocrx_word' id='word_1_695' title='bbox 1024 2574 1189 2607; x_wconf 83' lang='lat' dir='ltr'>Comparati-</span> 
     </span>
     <span class='ocr_line' id='line_1_79' title="bbox 136 2611 403 2646; baseline -0.007 -7"><span class='ocrx_word' id='word_1_696' title='bbox 136 2613 165 2639; x_wconf 85' lang='lat' dir='ltr'>vi</span> <span class='ocrx_word' id='word_1_697' title='bbox 183 2616 222 2638; x_wconf 76' lang='lat' dir='ltr'>vel</span> <span class='ocrx_word' id='word_1_698' title='bbox 236 2611 403 2646; x_wconf 84' lang='lat' dir='ltr'>Superlatiui.</span> 
     </span>
     <span class='ocr_line' id='line_1_80' title="bbox 134 2644 1187 2682; baseline -0.004 -7"><span class='ocrx_word' id='word_1_699' title='bbox 134 2648 292 2675; x_wconf 60' lang='lat' dir='ltr'>multitudine</span> <span class='ocrx_word' id='word_1_700' title='bbox 304 2649 463 2682; x_wconf 65' lang='lat' dir='ltr'>exemplorum</span> <span class='ocrx_word' id='word_1_701' title='bbox 478 2646 610 2673; x_wconf 71' lang='lat' dir='ltr'>declarari.</span> <span class='ocrx_word' id='word_1_702' title='bbox 664 2647 730 2673; x_wconf 74' lang='lat' dir='ltr'>Non</span> <span class='ocrx_word' id='word_1_703' title='bbox 751 2652 802 2672; x_wconf 82' lang='lat' dir='ltr'>tam</span> <span class='ocrx_word' id='word_1_704' title='bbox 816 2646 873 2679; x_wconf 87' lang='lat' dir='ltr'>ipso</span> <span class='ocrx_word' id='word_1_705' title='bbox 888 2645 997 2679; x_wconf 88' lang='lat' dir='ltr'>quidem</span> <span class='ocrx_word' id='word_1_706' title='bbox 1012 2644 1093 2675; x_wconf 87' lang='lat' dir='ltr'>dono,</span> <span class='ocrx_word' id='word_1_707' title='bbox 1107 2655 1187 2680; x_wconf 88' lang='lat' dir='ltr'>quam</span> 
     </span>
     <span class='ocr_line' id='line_1_81' title="bbox 135 2681 1187 2715; baseline -0.004 -5"><span class='ocrx_word' id='word_1_708' title='bbox 135 2684 181 2710; x_wconf 74' lang='lat' dir='ltr'>abs</span> <span class='ocrx_word' id='word_1_709' title='bbox 195 2690 220 2710; x_wconf 86' lang='lat' dir='ltr'>te</span> <span class='ocrx_word' id='word_1_710' title='bbox 233 2683 322 2710; x_wconf 85' lang='lat' dir='ltr'>datum</span> <span class='ocrx_word' id='word_1_711' title='bbox 337 2684 384 2709; x_wconf 76' lang='lat' dir='ltr'>ess‘e</span> <span class='ocrx_word' id='word_1_712' title='bbox 421 2683 533 2709; x_wconf 87' lang='lat' dir='ltr'>Terent.</span> <span class='ocrx_word' id='word_1_713' title='bbox 548 2684 642 2714; x_wconf 76' lang='lat' dir='ltr'>Eun.5,</span> <span class='ocrx_word' id='word_1_714' title='bbox 656 2691 676 2714; x_wconf 83' lang='lat' dir='ltr'>i,</span> <span class='ocrx_word' id='word_1_715' title='bbox 690 2690 711 2713; x_wconf 67' lang='grc' dir='ltr'>ς.</span> <span class='ocrx_word' id='word_1_716' title='bbox 820 2681 857 2708; x_wconf 84' lang='lat' dir='ltr'>ld.</span> <span class='ocrx_word' id='word_1_717' title='bbox 873 2681 1046 2715; x_wconf 79' lang='lat' dir='ltr'>ibid.4,4‚5i</span> <span class='ocrx_word' id='word_1_718' title='bbox 1084 2682 1187 2707; x_wconf 81' lang='lat' dir='ltr'>Parme-</span> 
     </span>
     <span class='ocr_line' id='line_1_82' title="bbox 137 2718 1188 2752; baseline -0.001 -6"><span class='ocrx_word' id='word_1_719' title='bbox 137 2720 214 2746; x_wconf 82' lang='lat' dir='ltr'>nonis</span> <span class='ocrx_word' id='word_1_720' title='bbox 235 2726 286 2745; x_wconf 88' lang='lat' dir='ltr'>tam</span> <span class='ocrx_word' id='word_1_721' title='bbox 307 2719 360 2745; x_wconf 83' lang='lat' dir='ltr'>scio</span> <span class='ocrx_word' id='word_1_722' title='bbox 383 2719 431 2744; x_wconf 77' lang='lat' dir='ltr'>esse</span> <span class='ocrx_word' id='word_1_723' title='bbox 447 2718 511 2745; x_wconf 87' lang='lat' dir='ltr'>hanc</span> <span class='ocrx_word' id='word_1_724' title='bbox 525 2718 662 2749; x_wconf 81' lang='lat' dir='ltr'>technam,</span> <span class='ocrx_word' id='word_1_725' title='bbox 681 2726 760 2752; x_wconf 88' lang='lat' dir='ltr'>quam</span> <span class='ocrx_word' id='word_1_726' title='bbox 773 2726 816 2743; x_wconf 88' lang='lat' dir='ltr'>me</span> <span class='ocrx_word' id='word_1_727' title='bbox 831 2718 931 2743; x_wconf 74' lang='lat' dir='ltr'>viuere.</span> <span class='ocrx_word' id='word_1_728' title='bbox 1039 2718 1095 2744; x_wconf 79' lang='lat' dir='ltr'>Cic.</span> <span class='ocrx_word' id='word_1_729' title='bbox 1112 2719 1188 2745; x_wconf 89' lang='lat' dir='ltr'>Verr.</span> 
     </span>
     <span class='ocr_line' id='line_1_83' title="bbox 138 2753 1188 2816; baseline -0.001 -36"><span class='ocrx_word' id='word_1_730' title='bbox 138 2763 182 2816; x_wconf 50' lang='grc' dir='ltr'>ἒς</span> <span class='ocrx_word' id='word_1_731' title='bbox 218 2754 297 2788; x_wconf 84' lang='lat' dir='ltr'>Qiod</span> <span class='ocrx_word' id='word_1_732' title='bbox 311 2755 329 2782; x_wconf 84' lang='lat' dir='ltr'><strong>fi</strong></span> <span class='ocrx_word' id='word_1_733' title='bbox 342 2763 420 2788; x_wconf 85' lang='lat' dir='ltr'>quam</span> <span class='ocrx_word' id='word_1_734' title='bbox 434 2754 516 2780; x_wconf 78' lang='lat' dir='ltr'>audax</span> <span class='ocrx_word' id='word_1_735' title='bbox 531 2755 566 2780; x_wconf 77' lang='lat' dir='ltr'>est</span> <span class='ocrx_word' id='word_1_736' title='bbox 579 2754 610 2780; x_wconf 86' lang='lat' dir='ltr'>ad</span> <span class='ocrx_word' id='word_1_737' title='bbox 624 2753 842 2783; x_wconf 83' lang='lat' dir='ltr'>conaudum,tam</span> <span class='ocrx_word' id='word_1_738' title='bbox 859 2754 917 2780; x_wconf 76' lang='lat' dir='ltr'>effer</span> <span class='ocrx_word' id='word_1_739' title='bbox 932 2753 1057 2779; x_wconf 86' lang='lat' dir='ltr'>obscurus</span> <span class='ocrx_word' id='word_1_740' title='bbox 1071 2754 1098 2779; x_wconf 89' lang='lat' dir='ltr'>in</span> <span class='ocrx_word' id='word_1_741' title='bbox 1111 2762 1188 2788; x_wconf 84' lang='lat' dir='ltr'>agen-</span> 
     </span>
    </p>

    <p class='ocr_par' dir='ltr' id='par_1_26' title="bbox 137 2797 1186 3076">
     <span class='ocr_line' id='line_1_84' title="bbox 157 2797 240 2819; baseline -0.012 -2"><span class='ocrx_word' id='word_1_742' title='bbox 157 2800 182 2819; x_wconf 69' lang='lat' dir='ltr'>O.</span> <span class='ocrx_word' id='word_1_743' title='bbox 196 2797 240 2817; x_wconf 67' lang='lat' dir='ltr'>Nc.</span> 
     </span>
     <span class='ocr_line' id='line_1_85' title="bbox 137 2825 1185 2861; baseline -0.001 -9"><span class='ocrx_word' id='word_1_744' title='bbox 137 2825 246 2861; x_wconf 82' lang='lat' dir='ltr'>quicum</span> <span class='ocrx_word' id='word_1_745' title='bbox 259 2827 349 2852; x_wconf 82' lang='lat' dir='ltr'>onmia</span> <span class='ocrx_word' id='word_1_746' title='bbox 363 2827 555 2853; x_wconf 81' lang='lat' dir='ltr'>communicem</span> <span class='ocrx_word' id='word_1_747' title='bbox 591 2825 629 2852; x_wconf 81' lang='lat' dir='ltr'>id.</span> <span class='ocrx_word' id='word_1_748' title='bbox 644 2825 722 2852; x_wconf 87' lang='lat' dir='ltr'>Attic.</span> <span class='ocrx_word' id='word_1_749' title='bbox 733 2833 752 2856; x_wconf 86' lang='lat' dir='ltr'>i,</span> <span class='ocrx_word' id='word_1_750' title='bbox 768 2833 801 2857; x_wconf 75' lang='grc' dir='ltr'>ις.</span> <span class='ocrx_word' id='word_1_751' title='bbox 908 2826 1002 2852; x_wconf 87' lang='lat' dir='ltr'>Famae</span> <span class='ocrx_word' id='word_1_752' title='bbox 1019 2833 1044 2852; x_wconf 88' lang='lat' dir='ltr'>et</span> <span class='ocrx_word' id='word_1_753' title='bbox 1064 2825 1127 2852; x_wconf 89' lang='lat' dir='ltr'>fidei</span> <span class='ocrx_word' id='word_1_754' title='bbox 1142 2826 1185 2851; x_wconf 89' lang='lat' dir='ltr'>da-</span> 
     </span>
     <span class='ocr_line' id='line_1_86' title="bbox 137 2860 1186 2897; baseline -0.001 -9"><span class='ocrx_word' id='word_1_755' title='bbox 137 2870 198 2889; x_wconf 88' lang='lat' dir='ltr'>mna</span> <span class='ocrx_word' id='word_1_756' title='bbox 211 2863 310 2889; x_wconf 82' lang='lat' dir='ltr'>maiora</span> <span class='ocrx_word' id='word_1_757' title='bbox 326 2864 391 2894; x_wconf 86' lang='lat' dir='ltr'>sunt,</span> <span class='ocrx_word' id='word_1_758' title='bbox 404 2871 481 2896; x_wconf 84' lang='lat' dir='ltr'>quam</span> <span class='ocrx_word' id='word_1_759' title='bbox 495 2870 561 2897; x_wconf 84' lang='lat' dir='ltr'>quae</span> <span class='ocrx_word' id='word_1_760' title='bbox 574 2861 705 2888; x_wconf 82' lang='lat' dir='ltr'>aestimari</span> <span class='ocrx_word' id='word_1_761' title='bbox 720 2860 810 2895; x_wconf 76' lang='lat' dir='ltr'>possint</span> <span class='ocrx_word' id='word_1_762' title='bbox 831 2861 888 2887; x_wconf 89' lang='lat' dir='ltr'>Liu.</span> <span class='ocrx_word' id='word_1_763' title='bbox 898 2870 919 2893; x_wconf 81' lang='lat'>3,</span> <span class='ocrx_word' id='word_1_764' title='bbox 934 2870 974 2895; x_wconf 89' lang='lat'>72.</span> <span class='ocrx_word' id='word_1_765' title='bbox 1047 2862 1104 2888; x_wconf 87' lang='lat' dir='ltr'>Cic.</span> <span class='ocrx_word' id='word_1_766' title='bbox 1114 2863 1186 2888; x_wconf 82' lang='lat' dir='ltr'>Fani.</span> 
     </span>
     <span class='ocr_line' id='line_1_87' title="bbox 140 2897 1185 2932; baseline -0.001 -7"><span class='ocrx_word' id='word_1_767' title='bbox 140 2906 175 2931; x_wconf 73' lang='grc' dir='ltr'>ις,</span> <span class='ocrx_word' id='word_1_768' title='bbox 187 2903 200 2927; x_wconf 82' lang='lat'>8</span> <span class='ocrx_word' id='word_1_769' title='bbox 235 2898 338 2926; x_wconf 84' lang='lat' dir='ltr'>Maiora</span> <span class='ocrx_word' id='word_1_770' title='bbox 356 2907 416 2932; x_wconf 83' lang='lat' dir='ltr'>erga</span> <span class='ocrx_word' id='word_1_771' title='bbox 435 2898 543 2925; x_wconf 83' lang='lat' dir='ltr'>salutem</span> <span class='ocrx_word' id='word_1_772' title='bbox 558 2897 767 2932; x_wconf 78' lang='lat' dir='ltr'>dignitatemque</span> <span class='ocrx_word' id='word_1_773' title='bbox 786 2906 870 2923; x_wconf 80' lang='lat' dir='ltr'>meam</span> <span class='ocrx_word' id='word_1_774' title='bbox 894 2897 995 2930; x_wconf 82' lang='lat' dir='ltr'>studia,</span> <span class='ocrx_word' id='word_1_775' title='bbox 1017 2907 1097 2932; x_wconf 82' lang='lat' dir='ltr'>quam</span> <span class='ocrx_word' id='word_1_776' title='bbox 1112 2904 1185 2924; x_wconf 82' lang='lat' dir='ltr'>erant</span> 
     </span>
     <span class='ocr_line' id='line_1_88' title="bbox 137 2932 1185 2968; baseline 0 -9"><span class='ocrx_word' id='word_1_777' title='bbox 137 2943 151 2960; x_wconf 83' lang='lat' dir='ltr'>a</span> <span class='ocrx_word' id='word_1_778' title='bbox 166 2934 275 2960; x_wconf 84' lang='lat' dir='ltr'>muliere</span> <span class='ocrx_word' id='word_1_779' title='bbox 289 2933 448 2968; x_wconf 73' lang='lat' dir='ltr'>postulanda.</span> <span class='ocrx_word' id='word_1_780' title='bbox 551 2934 664 2965; x_wconf 85' lang='lat' dir='ltr'>Oratio,</span> <span class='ocrx_word' id='word_1_781' title='bbox 690 2941 770 2967; x_wconf 86' lang='lat' dir='ltr'>quam</span> <span class='ocrx_word' id='word_1_782' title='bbox 783 2932 889 2959; x_wconf 87' lang='lat' dir='ltr'>habitus</span> <span class='ocrx_word' id='word_1_783' title='bbox 899 2954 906 2965; x_wconf 87' lang='lat'>,</span> <span class='ocrx_word' id='word_1_784' title='bbox 932 2933 985 2959; x_wconf 86' lang='lat' dir='ltr'>fuit</span> <span class='ocrx_word' id='word_1_785' title='bbox 1003 2933 1185 2960; x_wconf 82' lang='lat' dir='ltr'>miserabilior</span> 
     </span>
     <span class='ocr_line' id='line_1_89' title="bbox 140 2968 522 3004; baseline -0.003 -8"><span class='ocrx_word' id='word_1_786' title='bbox 140 2968 232 3001; x_wconf 76' lang='lat' dir='ltr'>ld.44‚</span> <span class='ocrx_word' id='word_1_787' title='bbox 248 2978 283 3001; x_wconf 71' lang='lat'>19.</span> <span class='ocrx_word' id='word_1_788' title='bbox 319 2969 385 3004; x_wconf 74' lang='lat' dir='ltr'>conf.</span> <span class='ocrx_word' id='word_1_789' title='bbox 400 2969 469 3001; x_wconf 78' lang='lat' dir='ltr'>Id.3,</span> <span class='ocrx_word' id='word_1_790' title='bbox 485 2977 522 3002; x_wconf 88' lang='lat'>19.</span> 
     </span>
     <span class='ocr_line' id='line_1_90' title="bbox 139 3003 1184 3040; baseline 0.002 -10"><span class='ocrx_word' id='word_1_791' title='bbox 139 3006 311 3040; x_wconf 84' lang='lat' dir='ltr'>pugnantium</span> <span class='ocrx_word' id='word_1_792' title='bbox 329 3005 416 3033; x_wconf 88' lang='lat' dir='ltr'>editur</span> <span class='ocrx_word' id='word_1_793' title='bbox 450 3004 488 3031; x_wconf 92' lang='lat' dir='ltr'>ld.</span> <span class='ocrx_word' id='word_1_794' title='bbox 502 3014 539 3037; x_wconf 88' lang='lat' dir='ltr'>zi,</span> <span class='ocrx_word' id='word_1_795' title='bbox 552 3013 593 3037; x_wconf 85' lang='lat'>29.</span> <span class='ocrx_word' id='word_1_796' title='bbox 646 3005 715 3040; x_wconf 82' lang='lat' dir='ltr'>conf.</span> <span class='ocrx_word' id='word_1_797' title='bbox 737 3003 829 3037; x_wconf 87' lang='lat' dir='ltr'>ld.io,</span> <span class='ocrx_word' id='word_1_798' title='bbox 845 3013 883 3036; x_wconf 82' lang='lat'>¹4-</span> <span class='ocrx_word' id='word_1_799' title='bbox 987 3006 1017 3031; x_wconf 91' lang='lat' dir='ltr'>In</span> <span class='ocrx_word' id='word_1_800' title='bbox 1037 3008 1092 3032; x_wconf 85' lang='lat' dir='ltr'>acie</span> <span class='ocrx_word' id='word_1_801' title='bbox 1112 3015 1184 3039; x_wconf 87' lang='lat' dir='ltr'>prac-</span> 
     </span>
     <span class='ocr_line' id='line_1_91' title="bbox 141 3040 1183 3076; baseline 0.002 -10"><span class='ocrx_word' id='word_1_802' title='bbox 141 3040 186 3066; x_wconf 79' lang='lat' dir='ltr'>stat</span> <span class='ocrx_word' id='word_1_803' title='bbox 200 3040 323 3073; x_wconf 80' lang='lat' dir='ltr'>interfici,</span> <span class='ocrx_word' id='word_1_804' title='bbox 347 3050 425 3076; x_wconf 86' lang='lat' dir='ltr'>quam</span> <span class='ocrx_word' id='word_1_805' title='bbox 438 3049 492 3067; x_wconf 91' lang='lat' dir='ltr'>non</span> <span class='ocrx_word' id='word_1_806' title='bbox 507 3048 621 3067; x_wconf 82' lang='lat' dir='ltr'>vetere-n</span> <span class='ocrx_word' id='word_1_807' title='bbox 635 3041 698 3067; x_wconf 91' lang='lat' dir='ltr'>belli</span> <span class='ocrx_word' id='word_1_808' title='bbox 711 3040 822 3075; x_wconf 82' lang='lat' dir='ltr'>gloriam</span> <span class='ocrx_word' id='word_1_809' title='bbox 838 3049 994 3075; x_wconf 83' lang='lat' dir='ltr'>recuperare</span> <span class='ocrx_word' id='word_1_810' title='bbox 1031 3042 1103 3068; x_wconf 90' lang='lat' dir='ltr'>Caes.</span> <span class='ocrx_word' id='word_1_811' title='bbox 1115 3043 1140 3068; x_wconf 80' lang='lat' dir='ltr'>i’..</span> <span class='ocrx_word' id='word_1_812' title='bbox 1151 3043 1183 3068; x_wconf 86' lang='lat' dir='ltr'>G.</span> 
     </span>
    </p>
   </div>
   <div class='ocr_carea' id='block_1_20' title="bbox 143 3082 932 3147">
    <p class='ocr_par' dir='ltr' id='par_1_27' title="bbox 143 3082 932 3147">
     <span class='ocr_line' id='line_1_92' title="bbox 143 3082 209 3108; baseline -0.015 0"><span class='ocrx_word' id='word_1_813' title='bbox 143 3082 170 3108; x_wconf 79' lang='lat'>7,</span> <span class='ocrx_word' id='word_1_814' title='bbox 191 3083 209 3101; x_wconf 86' lang='lat'>¹·</span> 
     </span>
     <span class='ocr_line' id='line_1_93' title="bbox 144 3110 932 3147; baseline 0.003 -10"><span class='ocrx_word' id='word_1_815' title='bbox 144 3110 207 3137; x_wconf 86' lang='lat' dir='ltr'>Non</span> <span class='ocrx_word' id='word_1_816' title='bbox 220 3110 305 3138; x_wconf 80' lang='lat' dir='ltr'>acrior</span> <span class='ocrx_word' id='word_1_817' title='bbox 318 3121 395 3146; x_wconf 87' lang='lat' dir='ltr'>quam</span> <span class='ocrx_word' id='word_1_818' title='bbox 411 3113 571 3147; x_wconf 85' lang='lat' dir='ltr'>pertinacior</span> <span class='ocrx_word' id='word_1_819' title='bbox 586 3114 697 3146; x_wconf 86' lang='lat' dir='ltr'>impetus</span> <span class='ocrx_word' id='word_1_820' title='bbox 736 3113 840 3145; x_wconf 74' lang='lat' dir='ltr'>Liri-31,</span> <span class='ocrx_word' id='word_1_821' title='bbox 855 3121 891 3145; x_wconf 80' lang='lat'>33,</span> <span class='ocrx_word' id='word_1_822' title='bbox 905 3122 932 3145; x_wconf 89' lang='lat'>4.</span> 
     </span>
    </p>
   </div>
   <div class='ocr_carea' id='block_1_21' title="bbox 812 2292 1191 2361">
    <p class='ocr_par' dir='ltr' id='par_1_28' title="bbox 812 2292 1191 2361">
     <span class='ocr_line' id='line_1_94' title="bbox 812 2292 1191 2325; baseline -0.008 -5"><span class='ocrx_word' id='word_1_823' title='bbox 812 2295 921 2321; x_wconf 71' lang='lat' dir='ltr'>&#39;sibulL</span> <span class='ocrx_word' id='word_1_824' title='bbox 935 2303 962 2324; x_wconf 77' lang='lat'>4,</span> <span class='ocrx_word' id='word_1_825' title='bbox 984 2302 1021 2324; x_wconf 76' lang='grc' dir='ltr'>ιο,</span> <span class='ocrx_word' id='word_1_826' title='bbox 1040 2301 1052 2325; x_wconf 83' lang='lat'>3</span> <span class='ocrx_word' id='word_1_827' title='bbox 1089 2293 1127 2317; x_wconf 78' lang='lat' dir='ltr'>Sit</span> <span class='ocrx_word' id='word_1_828' title='bbox 1139 2292 1191 2317; x_wconf 82' lang='lat' dir='ltr'>tibi</span> 
     </span>
     <span class='ocr_line' id='line_1_95' title="bbox 873 2326 1185 2361; baseline -0.013 -7"><span class='ocrx_word' id='word_1_829' title='bbox 873 2329 991 2361; x_wconf 76' lang='lat' dir='ltr'>Proper-t.</span> <span class='ocrx_word' id='word_1_830' title='bbox 1005 2336 1033 2358; x_wconf 90' lang='lat'>4,</span> <span class='ocrx_word' id='word_1_831' title='bbox 1047 2335 1073 2359; x_wconf 88' lang='lat'>7,</span> <span class='ocrx_word' id='word_1_832' title='bbox 1087 2335 1117 2358; x_wconf 85' lang='lat'>41</span> <span class='ocrx_word' id='word_1_833' title='bbox 1154 2326 1185 2350; x_wconf 80' lang='lat' dir='ltr'>Et</span> 
     </span>
    </p>
   </div>
   <div class='ocr_carea' id='block_1_22' title="bbox 314 3076 1183 3147">
    <p class='ocr_par' dir='ltr' id='par_1_29' title="bbox 314 3076 1183 3147">
     <span class='ocr_line' id='line_1_96' title="bbox 314 3076 1183 3112; baseline 0.001 -10"><span class='ocrx_word' id='word_1_834' title='bbox 314 3076 480 3110; x_wconf 68' lang='lat' dir='ltr'>Qiin&amp;il.3‚</span> <span class='ocrx_word' id='word_1_835' title='bbox 499 3086 508 3103; x_wconf 93' lang='lat'>1</span> <span class='ocrx_word' id='word_1_836' title='bbox 545 3077 635 3111; x_wconf 74' lang='lat' dir='ltr'>Sitque</span> <span class='ocrx_word' id='word_1_837' title='bbox 659 3077 791 3103; x_wconf 83' lang='lat' dir='ltr'>salubrior</span> <span class='ocrx_word' id='word_1_838' title='bbox 816 3076 925 3108; x_wconf 82' lang='lat' dir='ltr'>studiis,</span> <span class='ocrx_word' id='word_1_839' title='bbox 965 3086 1044 3112; x_wconf 87' lang='lat' dir='ltr'>quain</span> <span class='ocrx_word' id='word_1_840' title='bbox 1070 3078 1183 3104; x_wconf 88' lang='lat' dir='ltr'>dulcior.</span> 
     </span>
     <span class='ocr_line' id='line_1_97' title="bbox 985 3113 1183 3147; baseline 0.01 -9"><span class='ocrx_word' id='word_1_841' title='bbox 985 3113 1043 3139; x_wconf 61' lang='lat' dir='ltr'>adil.</span> <span class='ocrx_word' id='word_1_842' title='bbox 1057 3113 1095 3139; x_wconf 88' lang='lat' dir='ltr'>Id.</span> <span class='ocrx_word' id='word_1_843' title='bbox 1111 3122 1133 3147; x_wconf 78' lang='grc' dir='ltr'>ς,</span> <span class='ocrx_word' id='word_1_844' title='bbox 1155 3122 1183 3145; x_wconf 81' lang='lat'>23</span> 
     </span>
    </p>
   </div>
   <div class='ocr_carea' id='block_1_23' title="bbox 145 3145 1308 3183">
    <p class='ocr_par' dir='ltr' id='par_1_30' title="bbox 145 3145 1308 3183">
     <span class='ocr_line' id='line_1_98' title="bbox 145 3145 1308 3183; baseline 0.003 -11"><span class='ocrx_word' id='word_1_845' title='bbox 145 3145 209 3172; x_wconf 85' lang='lat' dir='ltr'>Non</span> <span class='ocrx_word' id='word_1_846' title='bbox 222 3145 303 3172; x_wconf 83' lang='lat' dir='ltr'>timeo</span> <span class='ocrx_word' id='word_1_847' title='bbox 315 3148 414 3174; x_wconf 86' lang='lat' dir='ltr'>ludices</span> <span class='ocrx_word' id='word_1_848' title='bbox 428 3157 460 3174; x_wconf 84' lang='lat' dir='ltr'>ue</span> <span class='ocrx_word' id='word_1_849' title='bbox 476 3148 540 3174; x_wconf 88' lang='lat' dir='ltr'>odio</span> <span class='ocrx_word' id='word_1_850' title='bbox 552 3149 755 3176; x_wconf 83' lang='lat' dir='ltr'>inimicitiarum</span> <span class='ocrx_word' id='word_1_851' title='bbox 772 3156 890 3175; x_wconf 89' lang='lat' dir='ltr'>mearum</span> <span class='ocrx_word' id='word_1_852' title='bbox 904 3148 1090 3181; x_wconf 79' lang='lat' dir='ltr'>inflammatus,</span> <span class='ocrx_word' id='word_1_853' title='bbox 1103 3149 1185 3175; x_wconf 61' lang='lat' dir='ltr'>liben&lt;</span> <span class='ocrx_word' id='word_1_854' title='bbox 1201 3155 1229 3183; x_wconf 78' lang='lat'>85</span> <span class='ocrx_word' id='word_1_855' title='bbox 1247 3154 1308 3176; x_wconf 83' lang='lat' dir='ltr'>tiuo.</span> 
     </span>
    </p>
   </div>
   <div class='ocr_carea' id='block_1_24' title="bbox 142 3180 1187 3330">
    <p class='ocr_par' dir='ltr' id='par_1_31' title="bbox 142 3180 1187 3330">
     <span class='ocr_line' id='line_1_99' title="bbox 144 3180 1186 3219; baseline 0.005 -13"><span class='ocrx_word' id='word_1_856' title='bbox 144 3182 196 3207; x_wconf 84' lang='lat' dir='ltr'>tius</span> <span class='ocrx_word' id='word_1_857' title='bbox 211 3180 311 3207; x_wconf 77' lang='lat' dir='ltr'>baetin</span> <span class='ocrx_word' id='word_1_858' title='bbox 327 3183 403 3210; x_wconf 90' lang='lat' dir='ltr'>illum</span> <span class='ocrx_word' id='word_1_859' title='bbox 416 3192 542 3211; x_wconf 83' lang='lat' dir='ltr'>enomere</span> <span class='ocrx_word' id='word_1_860' title='bbox 557 3184 664 3216; x_wconf 83' lang='lat' dir='ltr'>videar,</span> <span class='ocrx_word' id='word_1_861' title='bbox 688 3193 765 3219; x_wconf 89' lang='lat' dir='ltr'>quam</span> <span class='ocrx_word' id='word_1_862' title='bbox 780 3185 870 3211; x_wconf 86' lang='lat' dir='ltr'>verius</span> <span class='ocrx_word' id='word_1_863' title='bbox 906 3184 961 3211; x_wconf 90' lang='lat' dir='ltr'>Cic.</span> <span class='ocrx_word' id='word_1_864' title='bbox 980 3194 1028 3219; x_wconf 90' lang='lat' dir='ltr'>pro</span> <span class='ocrx_word' id='word_1_865' title='bbox 1043 3185 1137 3212; x_wconf 87' lang='lat' dir='ltr'>Milon.</span> <span class='ocrx_word' id='word_1_866' title='bbox 1155 3190 1186 3219; x_wconf 88' lang='lat'>78</span> 
     </span>
     <span class='ocr_line' id='line_1_100' title="bbox 142 3220 1187 3256; baseline 0.001 -10"><span class='ocrx_word' id='word_1_867' title='bbox 142 3226 164 3242; x_wconf 74' lang='lat' dir='ltr'>c·</span> <span class='ocrx_word' id='word_1_868' title='bbox 174 3224 258 3250; x_wconf 75' lang='lat'><em>291·¹·-</em></span> <span class='ocrx_word' id='word_1_869' title='bbox 274 3252 279 3256; x_wconf 39' lang='lat'><em>¹</em></span> <span class='ocrx_word' id='word_1_870' title='bbox 364 3221 448 3255; x_wconf 82' lang='lat' dir='ltr'>Iungit</span> <span class='ocrx_word' id='word_1_871' title='bbox 466 3220 589 3246; x_wconf 74' lang='lat' dir='ltr'>interdum</span> <span class='ocrx_word' id='word_1_872' title='bbox 609 3222 809 3255; x_wconf 78' lang='lat' dir='ltr'>Comparaeiuos‚</span> <span class='ocrx_word' id='word_1_873' title='bbox 830 3228 858 3246; x_wconf 69' lang='lat' dir='ltr'>vt</span> <span class='ocrx_word' id='word_1_874' title='bbox 873 3221 1006 3247; x_wconf 75' lang='lat' dir='ltr'>Posterior</span> <span class='ocrx_word' id='word_1_875' title='bbox 1019 3228 1086 3249; x_wconf 83' lang='lat' dir='ltr'>aetas</span> <span class='ocrx_word' id='word_1_876' title='bbox 1101 3221 1129 3247; x_wconf 87' lang='lat' dir='ltr'>iu</span> <span class='ocrx_word' id='word_1_877' title='bbox 1143 3230 1187 3247; x_wconf 78' lang='lat' dir='ltr'>ex-</span> 
     </span>
     <span class='ocr_line' id='line_1_101' title="bbox 144 3251 1187 3291; baseline 0.005 -13"><span class='ocrx_word' id='word_1_878' title='bbox 144 3251 257 3278; x_wconf 79' lang='lat' dir='ltr'>colendo</span> <span class='ocrx_word' id='word_1_879' title='bbox 273 3260 329 3278; x_wconf 86' lang='lat' dir='ltr'>iure</span> <span class='ocrx_word' id='word_1_880' title='bbox 344 3254 473 3282; x_wconf 70' lang='lat' dir='ltr'>amicitiae</span> <span class='ocrx_word' id='word_1_881' title='bbox 485 3265 564 3290; x_wconf 89' lang='lat' dir='ltr'>quam</span> <span class='ocrx_word' id='word_1_882' title='bbox 578 3255 719 3288; x_wconf 87' lang='lat' dir='ltr'>libentius,</span> <span class='ocrx_word' id='word_1_883' title='bbox 736 3263 789 3283; x_wconf 89' lang='lat' dir='ltr'>tani</span> <span class='ocrx_word' id='word_1_884' title='bbox 802 3257 881 3282; x_wconf 81' lang='lat' dir='ltr'>etiam</span> <span class='ocrx_word' id='word_1_885' title='bbox 896 3256 1045 3291; x_wconf 75' lang='lat' dir='ltr'>religiosius</span> <span class='ocrx_word' id='word_1_886' title='bbox 1061 3257 1111 3284; x_wconf 86' lang='lat' dir='ltr'>erit</span> <span class='ocrx_word' id='word_1_887' title='bbox 1124 3266 1187 3290; x_wconf 81' lang='lat' dir='ltr'>ope-</span> 
     </span>
     <span class='ocr_line' id='line_1_102' title="bbox 143 3288 1185 3330; baseline 0.006 -17"><span class='ocrx_word' id='word_1_888' title='bbox 143 3293 197 3313; x_wconf 86' lang='lat' dir='ltr'>rata</span> <span class='ocrx_word' id='word_1_889' title='bbox 236 3288 322 3314; x_wconf 86' lang='lat' dir='ltr'>Valer.</span> <span class='ocrx_word' id='word_1_890' title='bbox 337 3289 477 3325; x_wconf 82' lang='lat' dir='ltr'>Max.4,7,</span> <span class='ocrx_word' id='word_1_891' title='bbox 491 3299 507 3325; x_wconf 88' lang='lat'><em>7</em></span> <span class='ocrx_word' id='word_1_892' title='bbox 522 3299 586 3318; x_wconf 82' lang='lat' dir='ltr'>extr.</span> <span class='ocrx_word' id='word_1_893' title='bbox 640 3292 766 3327; x_wconf 77' lang='lat' dir='ltr'>Sedforte</span> <span class='ocrx_word' id='word_1_894' title='bbox 786 3293 831 3327; x_wconf 75' lang='lat' dir='ltr'>leg.</span> <span class='ocrx_word' id='word_1_895' title='bbox 847 3300 939 3327; x_wconf 85' lang='lat' dir='ltr'>quum,</span> <span class='ocrx_word' id='word_1_896' title='bbox 955 3300 1020 3318; x_wconf 88' lang='lat' dir='ltr'>tum.</span> <span class='ocrx_word' id='word_1_897' title='bbox 1127 3291 1147 3330; x_wconf 57' lang='lat' dir='ltr'><strong>ff</strong></span> <span class='ocrx_word' id='word_1_898' title='bbox 1169 3302 1185 3319; x_wconf 88' lang='lat'>2</span> 
     </span>
    </p>
   </div>
   <div class='ocr_carea' id='block_1_25' title="bbox 144 3322 2016 3363">
    <p class='ocr_par' dir='ltr' id='par_1_32' title="bbox 144 3322 2016 3363">
     <span class='ocr_line' id='line_1_103' title="bbox 144 3322 2016 3363; baseline 0.001 -14"><span class='ocrx_word' id='word_1_899' title='bbox 144 3322 217 3349; x_wconf 90' lang='lat' dir='ltr'>Tam</span> <span class='ocrx_word' id='word_1_900' title='bbox 239 3326 364 3350; x_wconf 75' lang='lat' dir='ltr'>omittitur</span> <span class='ocrx_word' id='word_1_901' title='bbox 387 3326 604 3362; x_wconf 75' lang='lat' dir='ltr'>Quandoquidem</span> <span class='ocrx_word' id='word_1_902' title='bbox 619 3337 672 3354; x_wconf 90' lang='lat' dir='ltr'>non</span> <span class='ocrx_word' id='word_1_903' title='bbox 693 3328 771 3355; x_wconf 91' lang='lat' dir='ltr'>facile</span> <span class='ocrx_word' id='word_1_904' title='bbox 784 3328 891 3363; x_wconf 82' lang='lat' dir='ltr'>loquor,</span> <span class='ocrx_word' id='word_1_905' title='bbox 924 3337 1017 3362; x_wconf 86' lang='lat' dir='ltr'>quani,</span> <span class='ocrx_word' id='word_1_906' title='bbox 1056 3329 1128 3363; x_wconf 92' lang='lat' dir='ltr'>quod</span> <span class='ocrx_word' id='word_1_907' title='bbox 1149 3329 1228 3358; x_wconf 89' lang='lat' dir='ltr'>lo-90</span> <span class='ocrx_word' id='word_1_908' title='bbox 1246 3330 1278 3356; x_wconf 85' lang='lat' dir='ltr'>ad</span> <span class='ocrx_word' id='word_1_909' title='bbox 1292 3339 1334 3356; x_wconf 86' lang='lat' dir='ltr'>me</span> <span class='ocrx_word' id='word_1_910' title='bbox 1348 3339 1425 3363; x_wconf 87' lang='lat' dir='ltr'>quam</span> <span class='ocrx_word' id='word_1_911' title='bbox 1442 3329 1590 3356; x_wconf 80' lang='lat' dir='ltr'>honorilice</span> <span class='ocrx_word' id='word_1_912' title='bbox 1606 3328 1637 3354; x_wconf 84' lang='lat' dir='ltr'>de</span> <span class='ocrx_word' id='word_1_913' title='bbox 1652 3327 1817 3353; x_wconf 75' lang='lat' dir='ltr'>restitutione</span> <span class='ocrx_word' id='word_1_914' title='bbox 1832 3327 1901 3352; x_wconf 83' lang='lat' dir='ltr'>Sexti</span> <span class='ocrx_word' id='word_1_915' title='bbox 1916 3325 2016 3352; x_wconf 85' lang='lat' dir='ltr'>Clodii.</span> 
     </span>
    </p>
   </div>
   <div class='ocr_carea' id='block_1_26' title="bbox 137 3359 1186 3924">
    <p class='ocr_par' dir='ltr' id='par_1_33' title="bbox 137 3359 1186 3924">
     <span class='ocr_line' id='line_1_104' title="bbox 144 3359 1183 3400; baseline 0.006 -16"><span class='ocrx_word' id='word_1_916' title='bbox 144 3364 218 3385; x_wconf 87' lang='lat' dir='ltr'>cutus</span> <span class='ocrx_word' id='word_1_917' title='bbox 232 3359 298 3390; x_wconf 88' lang='lat' dir='ltr'>suni,</span> <span class='ocrx_word' id='word_1_918' title='bbox 317 3359 417 3392; x_wconf 77' lang='lat' dir='ltr'>praesto</span> <span class='ocrx_word' id='word_1_919' title='bbox 451 3361 510 3390; x_wconf 86' lang='lat' dir='ltr'>Liu.</span> <span class='ocrx_word' id='word_1_920' title='bbox 518 3372 538 3394; x_wconf 89' lang='lat'>2,</span> <span class='ocrx_word' id='word_1_921' title='bbox 551 3366 590 3396; x_wconf 79' lang='lat'>56.</span> <span class='ocrx_word' id='word_1_922' title='bbox 624 3364 679 3390; x_wconf 75' lang='lat' dir='ltr'>vid.</span> <span class='ocrx_word' id='word_1_923' title='bbox 694 3364 848 3391; x_wconf 82' lang='lat' dir='ltr'>Gro›1ou.ad</span> <span class='ocrx_word' id='word_1_924' title='bbox 867 3364 959 3397; x_wconf 78' lang='lat' dir='ltr'>Liu.3,</span> <span class='ocrx_word' id='word_1_925' title='bbox 974 3373 1010 3390; x_wconf 83' lang='lat'>21.</span> <span class='ocrx_word' id='word_1_926' title='bbox 1066 3372 1091 3398; x_wconf 84' lang='grc'>7,</span> <span class='ocrx_word' id='word_1_927' title='bbox 1110 3371 1123 3393; x_wconf 70' lang='lat'><em>8</em></span> <span class='ocrx_word' id='word_1_928' title='bbox 1140 3372 1183 3400; x_wconf 79' lang='lat' dir='ltr'>pr.</span> 
     </span>
     <span class='ocr_line' id='line_1_105' title="bbox 144 3398 1184 3435; baseline 0.006 -15"><span class='ocrx_word' id='word_1_929' title='bbox 144 3402 185 3426; x_wconf 67' lang='grc' dir='ltr'>ας,</span> <span class='ocrx_word' id='word_1_930' title='bbox 205 3402 246 3426; x_wconf 87' lang='lat'>29.</span> <span class='ocrx_word' id='word_1_931' title='bbox 301 3398 339 3427; x_wconf 71' lang='lat'>26,</span> <span class='ocrx_word' id='word_1_932' title='bbox 362 3401 386 3425; x_wconf 72' lang='lat' dir='ltr'>1ss</span> <span class='ocrx_word' id='word_1_933' title='bbox 403 3402 426 3433; x_wconf 63' lang='lat' dir='ltr'>et</span> <span class='ocrx_word' id='word_1_934' title='bbox 439 3403 472 3427; x_wconf 79' lang='lat'>3¹.</span> <span class='ocrx_word' id='word_1_935' title='bbox 521 3405 562 3431; x_wconf 84' lang='lat'>28,</span> <span class='ocrx_word' id='word_1_936' title='bbox 584 3408 630 3432; x_wconf 77' lang='lat'>44.</span> <span class='ocrx_word' id='word_1_937' title='bbox 679 3408 720 3432; x_wconf 80' lang='lat'>30,</span> <span class='ocrx_word' id='word_1_938' title='bbox 737 3405 778 3428; x_wconf 78' lang='lat'>28.</span> <span class='ocrx_word' id='word_1_939' title='bbox 908 3401 948 3427; x_wconf 86' lang='lat' dir='ltr'>Sic</span> <span class='ocrx_word' id='word_1_940' title='bbox 969 3402 1042 3427; x_wconf 90' lang='lat' dir='ltr'>Curt.</span> <span class='ocrx_word' id='word_1_941' title='bbox 1057 3407 1082 3434; x_wconf 86' lang='lat'>7,</span> <span class='ocrx_word' id='word_1_942' title='bbox 1106 3408 1131 3434; x_wconf 84' lang='lat'>7,</span> <span class='ocrx_word' id='word_1_943' title='bbox 1153 3408 1184 3435; x_wconf 80' lang='lat'>:7</span> 
     </span>
     <span class='ocr_line' id='line_1_106' title="bbox 143 3429 1182 3472; baseline 0.007 -17"><span class='ocrx_word' id='word_1_944' title='bbox 143 3429 205 3472; x_wconf 70' lang='lat' dir='ltr'>Nec</span> <span class='ocrx_word' id='word_1_945' title='bbox 222 3438 281 3472; x_wconf 32' lang='lat' dir='ltr'>&#39;mea</span> <span class='ocrx_word' id='word_1_946' title='bbox 306 3439 363 3468; x_wconf 78' lang='lat' dir='ltr'>ars,</span> <span class='ocrx_word' id='word_1_947' title='bbox 400 3439 479 3465; x_wconf 85' lang='lat' dir='ltr'>quam</span> <span class='ocrx_word' id='word_1_948' title='bbox 499 3432 685 3462; x_wconf 84' lang='lat' dir='ltr'>beneuolentia</span> <span class='ocrx_word' id='word_1_949' title='bbox 702 3444 745 3462; x_wconf 88' lang='lat' dir='ltr'>me</span> <span class='ocrx_word' id='word_1_950' title='bbox 767 3435 914 3469; x_wconf 82' lang='lat' dir='ltr'>perturbat.</span> <span class='ocrx_word' id='word_1_951' title='bbox 968 3437 1008 3463; x_wconf 84' lang='lat' dir='ltr'>Sic</span> <span class='ocrx_word' id='word_1_952' title='bbox 1034 3436 1182 3462; x_wconf 71' lang='lat' dir='ltr'>Freinshcm.</span> 
     </span>
     <span class='ocr_line' id='line_1_107' title="bbox 142 3465 1183 3507; baseline 0.005 -14"><span class='ocrx_word' id='word_1_953' title='bbox 142 3465 228 3507; x_wconf 21' lang='lat' dir='ltr'>Simili*</span> <span class='ocrx_word' id='word_1_954' title='bbox 238 3465 312 3506; x_wconf 74' lang='lat' dir='ltr'>elliin</span> <span class='ocrx_word' id='word_1_955' title='bbox 327 3468 423 3500; x_wconf 78' lang='lat' dir='ltr'>Qiani,</span> <span class='ocrx_word' id='word_1_956' title='bbox 440 3474 488 3501; x_wconf 71' lang='lat' dir='ltr'>pro</span> <span class='ocrx_word' id='word_1_957' title='bbox 499 3469 588 3504; x_wconf 78' lang='lat' dir='ltr'>Magis.</span> <span class='ocrx_word' id='word_1_958' title='bbox 606 3472 647 3498; x_wconf 75' lang='lat' dir='ltr'>vel</span> <span class='ocrx_word' id='word_1_959' title='bbox 659 3472 746 3505; x_wconf 90' lang='lat' dir='ltr'>potius</span> <span class='ocrx_word' id='word_1_960' title='bbox 759 3480 846 3506; x_wconf 87' lang='lat' dir='ltr'>quam,</span> <span class='ocrx_word' id='word_1_961' title='bbox 861 3471 928 3506; x_wconf 76' lang='lat' dir='ltr'>apud</span> <span class='ocrx_word' id='word_1_962' title='bbox 941 3471 1183 3507; x_wconf 62' lang='lat' dir='ltr'>Iure-corifiilrosfre-</span> 
     </span>
     <span class='ocr_line' id='line_1_108' title="bbox 143 3501 830 3541; baseline 0.015 -16"><span class='ocrx_word' id='word_1_963' title='bbox 143 3501 336 3541; x_wconf 64' lang='lat' dir='ltr'>queiififfimiim:</span> <span class='ocrx_word' id='word_1_964' title='bbox 393 3502 496 3528; x_wconf 85' lang='lat' dir='ltr'>Paullus</span> <span class='ocrx_word' id='word_1_965' title='bbox 515 3503 532 3531; x_wconf 88' lang='grc' dir='ltr'>Ι.</span> <span class='ocrx_word' id='word_1_966' title='bbox 547 3514 562 3532; x_wconf 87' lang='lat'>2</span> <span class='ocrx_word' id='word_1_967' title='bbox 581 3506 620 3532; x_wconf 81' lang='lat' dir='ltr'>De</span> <span class='ocrx_word' id='word_1_968' title='bbox 638 3506 717 3534; x_wconf 83' lang='lat' dir='ltr'>rebus</span> <span class='ocrx_word' id='word_1_969' title='bbox 737 3506 830 3534; x_wconf 87' lang='lat' dir='ltr'>credit.</span> 
     </span>
     <span class='ocr_line' id='line_1_109' title="bbox 143 3536 1183 3579; baseline 0.004 -14"><span class='ocrx_word' id='word_1_970' title='bbox 143 3545 171 3562; x_wconf 73' lang='lat'>¹¹¹</span> <span class='ocrx_word' id='word_1_971' title='bbox 186 3536 225 3562; x_wconf 80' lang='lat'>1¹¹³</span> <span class='ocrx_word' id='word_1_972' title='bbox 238 3536 331 3577; x_wconf 61' lang='lat' dir='ltr'>rebus,</span> <span class='ocrx_word' id='word_1_973' title='bbox 352 3537 561 3579; x_wconf 32' lang='lat' dir='ltr'>qnae-pondere,</span> <span class='ocrx_word' id='word_1_974' title='bbox 578 3551 702 3573; x_wconf 87' lang='lat' dir='ltr'>numero,</span> <span class='ocrx_word' id='word_1_975' title='bbox 723 3544 842 3570; x_wconf 87' lang='lat' dir='ltr'>mensura</span> <span class='ocrx_word' id='word_1_976' title='bbox 856 3543 997 3569; x_wconf 82' lang='lat' dir='ltr'>consistunt</span> <span class='ocrx_word' id='word_1_977' title='bbox 1010 3552 1015 3567; x_wconf 72' lang='grc' dir='ltr'>ε</span> <span class='ocrx_word' id='word_1_978' title='bbox 1056 3543 1183 3577; x_wconf 82' lang='lat' dir='ltr'>quoniam</span> 
     </span>
     <span class='ocr_line' id='line_1_110' title="bbox 143 3571 1184 3613; baseline 0.006 -15"><span class='ocrx_word' id='word_1_979' title='bbox 143 3581 233 3598; x_wconf 87' lang='lat' dir='ltr'>earum</span> <span class='ocrx_word' id='word_1_980' title='bbox 249 3571 355 3613; x_wconf 71' lang='lat' dir='ltr'>datione</span> <span class='ocrx_word' id='word_1_981' title='bbox 370 3575 498 3607; x_wconf 84' lang='lat' dir='ltr'>pollunius</span> <span class='ocrx_word' id='word_1_982' title='bbox 512 3584 540 3600; x_wconf 80' lang='grc' dir='ltr'>ιιι</span> <span class='ocrx_word' id='word_1_983' title='bbox 553 3577 680 3605; x_wconf 83' lang='lat' dir='ltr'>creditum</span> <span class='ocrx_word' id='word_1_984' title='bbox 694 3580 749 3611; x_wconf 89' lang='lat' dir='ltr'>ire,</span> <span class='ocrx_word' id='word_1_985' title='bbox 769 3580 832 3613; x_wconf 89' lang='lat' dir='ltr'>quia</span> <span class='ocrx_word' id='word_1_986' title='bbox 853 3580 879 3605; x_wconf 86' lang='lat' dir='ltr'>in</span> <span class='ocrx_word' id='word_1_987' title='bbox 898 3588 993 3612; x_wconf 71' lang='lat' dir='ltr'>genere</span> <span class='ocrx_word' id='word_1_988' title='bbox 1007 3580 1053 3605; x_wconf 90' lang='lat' dir='ltr'>suo</span> <span class='ocrx_word' id='word_1_989' title='bbox 1069 3578 1184 3604; x_wconf 70' lang='lat' dir='ltr'>func‘uo.</span> 
     </span>
     <span class='ocr_line' id='line_1_111' title="bbox 144 3610 1184 3651; baseline 0.007 -18"><span class='ocrx_word' id='word_1_990' title='bbox 144 3617 204 3648; x_wconf 63' lang='lat' dir='ltr'>nem</span> <span class='ocrx_word' id='word_1_991' title='bbox 220 3616 348 3649; x_wconf 76' lang='lat' dir='ltr'>rccipiunt</span> <span class='ocrx_word' id='word_1_992' title='bbox 362 3619 406 3643; x_wconf 90' lang='lat' dir='ltr'>per</span> <span class='ocrx_word' id='word_1_993' title='bbox 420 3610 592 3651; x_wconf 66' lang='lat' dir='ltr'>solutionem,</span> <span class='ocrx_word' id='word_1_994' title='bbox 607 3623 683 3648; x_wconf 85' lang='lat' dir='ltr'>quam</span> <span class='ocrx_word' id='word_1_995' title='bbox 697 3616 788 3649; x_wconf 78' lang='lat' dir='ltr'>specie.</span> <span class='ocrx_word' id='word_1_996' title='bbox 846 3615 972 3649; x_wconf 87' lang='lat' dir='ltr'>leianus</span> <span class='ocrx_word' id='word_1_997' title='bbox 994 3615 1009 3641; x_wconf 92' lang='lat' dir='ltr'>l.</span> <span class='ocrx_word' id='word_1_998' title='bbox 1030 3623 1041 3639; x_wconf 88' lang='lat'>2</span> <span class='ocrx_word' id='word_1_999' title='bbox 1063 3615 1102 3641; x_wconf 89' lang='lat' dir='ltr'>De</span> <span class='ocrx_word' id='word_1_1000' title='bbox 1118 3615 1184 3641; x_wconf 91' lang='lat' dir='ltr'>iudi-</span> 
     </span>
     <span class='ocr_line' id='line_1_112' title="bbox 137 3644 1184 3685; baseline 0.007 -16"><span class='ocrx_word' id='word_1_1001' title='bbox 137 3652 206 3683; x_wconf 52' lang='lat'>&#39;⁰¹5²</span> <span class='ocrx_word' id='word_1_1002' title='bbox 230 3644 356 3679; x_wconf 85' lang='lat' dir='ltr'>Alioquin</span> <span class='ocrx_word' id='word_1_1003' title='bbox 368 3646 541 3680; x_wconf 82' lang='lat' dir='ltr'>compelletur</span> <span class='ocrx_word' id='word_1_1004' title='bbox 555 3647 681 3676; x_wconf 87' lang='lat' dir='ltr'>iudicium</span> <span class='ocrx_word' id='word_1_1005' title='bbox 696 3651 823 3685; x_wconf 87' lang='lat' dir='ltr'>accipere,</span> <span class='ocrx_word' id='word_1_1006' title='bbox 843 3660 921 3685; x_wconf 85' lang='lat' dir='ltr'>quain</span> <span class='ocrx_word' id='word_1_1007' title='bbox 937 3651 1058 3676; x_wconf 86' lang='lat' dir='ltr'>inuenire</span> <span class='ocrx_word' id='word_1_1008' title='bbox 1072 3659 1126 3682; x_wconf 86' lang='lat' dir='ltr'>eos,</span> <span class='ocrx_word' id='word_1_1009' title='bbox 1138 3651 1184 3685; x_wconf 91' lang='lat' dir='ltr'>qui</span> 
     </span>
     <span class='ocr_line' id='line_1_113' title="bbox 145 3679 649 3718; baseline 0.012 -13"><span class='ocrx_word' id='word_1_1010' title='bbox 145 3680 204 3705; x_wconf 86' lang='lat' dir='ltr'>satis</span> <span class='ocrx_word' id='word_1_1011' title='bbox 219 3688 272 3718; x_wconf 22' lang='lat' dir='ltr'>pro*</span> <span class='ocrx_word' id='word_1_1012' title='bbox 279 3688 311 3706; x_wconf 89' lang='lat' dir='ltr'>eo</span> <span class='ocrx_word' id='word_1_1013' title='bbox 326 3679 396 3708; x_wconf 82' lang='lat' dir='ltr'>dent.</span> <span class='ocrx_word' id='word_1_1014' title='bbox 432 3683 463 3708; x_wconf 80' lang='lat' dir='ltr'>Ee</span> <span class='ocrx_word' id='word_1_1015' title='bbox 475 3683 649 3717; x_wconf 45' lang='lat' dir='ltr'>alibi-jsu-pius.</span> 
     </span>
     <span class='ocr_line' id='line_1_114' title="bbox 145 3717 1184 3757; baseline 0.008 -17"><span class='ocrx_word' id='word_1_1016' title='bbox 145 3721 204 3753; x_wconf 67' lang='lat' dir='ltr'>tum,</span> <span class='ocrx_word' id='word_1_1017' title='bbox 220 3717 324 3755; x_wconf 64' lang='lat' dir='ltr'>s&#39;oliti&#39;uo</span> <span class='ocrx_word' id='word_1_1018' title='bbox 343 3719 464 3756; x_wconf 63' lang='lat' dir='ltr'>iungitur.</span> <span class='ocrx_word' id='word_1_1019' title='bbox 515 3720 602 3752; x_wconf 84' lang='lat' dir='ltr'>Qiam</span> <span class='ocrx_word' id='word_1_1020' title='bbox 614 3720 707 3748; x_wconf 83' lang='lat' dir='ltr'>morosi</span> <span class='ocrx_word' id='word_1_1021' title='bbox 724 3721 788 3755; x_wconf 84' lang='lat' dir='ltr'>lint,</span> <span class='ocrx_word' id='word_1_1022' title='bbox 808 3723 855 3757; x_wconf 89' lang='lat' dir='ltr'>qui</span> <span class='ocrx_word' id='word_1_1023' title='bbox 871 3729 973 3755; x_wconf 87' lang='lat' dir='ltr'>amant,</span> <span class='ocrx_word' id='word_1_1024' title='bbox 995 3730 1027 3748; x_wconf 83' lang='lat' dir='ltr'>ex</span> <span class='ocrx_word' id='word_1_1025' title='bbox 1046 3722 1095 3748; x_wconf 91' lang='lat' dir='ltr'>hoc</span> <span class='ocrx_word' id='word_1_1026' title='bbox 1113 3728 1184 3755; x_wconf 80' lang='lat' dir='ltr'>potes</span> 
     </span>
     <span class='ocr_line' id='line_1_115' title="bbox 147 3750 1185 3793; baseline 0.009 -18"><span class='ocrx_word' id='word_1_1027' title='bbox 147 3750 292 3790; x_wconf 70' lang='lat' dir='ltr'>intelligere</span> <span class='ocrx_word' id='word_1_1028' title='bbox 317 3752 371 3778; x_wconf 86' lang='lat' dir='ltr'>Cic.</span> <span class='ocrx_word' id='word_1_1029' title='bbox 387 3754 457 3793; x_wconf 70' lang='lat' dir='ltr'>Fani.</span> <span class='ocrx_word' id='word_1_1030' title='bbox 472 3761 499 3788; x_wconf 88' lang='lat'>7,</span> <span class='ocrx_word' id='word_1_1031' title='bbox 515 3763 590 3789; x_wconf 75' lang='lat' dir='ltr'>15pr.</span> <span class='ocrx_word' id='word_1_1032' title='bbox 663 3757 732 3783; x_wconf 82' lang='lat' dir='ltr'>Idem</span> <span class='ocrx_word' id='word_1_1033' title='bbox 772 3778 778 3784; x_wconf 92' lang='lat'>.</span> <span class='ocrx_word' id='word_1_1034' title='bbox 817 3778 823 3784; x_wconf 96' lang='lat'>.</span> <span class='ocrx_word' id='word_1_1035' title='bbox 862 3778 868 3784; x_wconf 93' lang='lat'>.</span> <span class='ocrx_word' id='word_1_1036' title='bbox 907 3758 1001 3784; x_wconf 89' lang='lat' dir='ltr'>Videte</span> <span class='ocrx_word' id='word_1_1037' title='bbox 1015 3766 1094 3792; x_wconf 85' lang='lat' dir='ltr'>quam</span> <span class='ocrx_word' id='word_1_1038' title='bbox 1110 3756 1185 3784; x_wconf 84' lang='lat' dir='ltr'>valde</span> 
     </span>
     <span class='ocr_line' id='line_1_116' title="bbox 147 3784 1186 3826; baseline 0.011 -17"><span class='ocrx_word' id='word_1_1039' title='bbox 147 3784 260 3812; x_wconf 81' lang='lat' dir='ltr'>malitiae</span> <span class='ocrx_word' id='word_1_1040' title='bbox 274 3787 330 3813; x_wconf 87' lang='lat' dir='ltr'>suae</span> <span class='ocrx_word' id='word_1_1041' title='bbox 344 3789 466 3816; x_wconf 69' lang='lat' dir='ltr'>confidat.</span> <span class='ocrx_word' id='word_1_1042' title='bbox 557 3790 670 3816; x_wconf 76' lang='lat' dir='ltr'>Terent.</span> <span class='ocrx_word' id='word_1_1043' title='bbox 684 3793 763 3820; x_wconf 66' lang='lat' dir='ltr'>Andr.</span> <span class='ocrx_word' id='word_1_1044' title='bbox 779 3802 798 3823; x_wconf 86' lang='lat'>1,</span> <span class='ocrx_word' id='word_1_1045' title='bbox 812 3802 831 3826; x_wconf 90' lang='lat'>1,</span> <span class='ocrx_word' id='word_1_1046' title='bbox 847 3802 893 3825; x_wconf 88' lang='lat'>109</span> <span class='ocrx_word' id='word_1_1047' title='bbox 919 3794 1021 3820; x_wconf 77' lang='lat' dir='ltr'>Reiecit</span> <span class='ocrx_word' id='word_1_1048' title='bbox 1042 3794 1067 3819; x_wconf 87' lang='lat' dir='ltr'>se</span> <span class='ocrx_word' id='word_1_1049' title='bbox 1082 3794 1109 3819; x_wconf 94' lang='lat' dir='ltr'>in</span> <span class='ocrx_word' id='word_1_1050' title='bbox 1125 3802 1186 3820; x_wconf 85' lang='lat' dir='ltr'>euni</span> 
     </span>
     <span class='ocr_line' id='line_1_117' title="bbox 148 3819 1184 3865; baseline 0.011 -21"><span class='ocrx_word' id='word_1_1051' title='bbox 148 3819 210 3846; x_wconf 77' lang='lat' dir='ltr'>flens</span> <span class='ocrx_word' id='word_1_1052' title='bbox 224 3829 301 3863; x_wconf 83' lang='lat' dir='ltr'>quam</span> <span class='ocrx_word' id='word_1_1053' title='bbox 315 3823 490 3865; x_wconf 78' lang='lat' dir='ltr'>saniiliarirer.</span> <span class='ocrx_word' id='word_1_1054' title='bbox 598 3828 700 3859; x_wconf 75' lang='lat' dir='ltr'>Quam,</span> <span class='ocrx_word' id='word_1_1055' title='bbox 717 3835 762 3863; x_wconf 81' lang='lat' dir='ltr'>pro</span> <span class='ocrx_word' id='word_1_1056' title='bbox 775 3831 900 3865; x_wconf 56' lang='lat' dir='ltr'>Quantum</span> <span class='ocrx_word' id='word_1_1057' title='bbox 915 3830 1020 3865; x_wconf 75' lang='lat' dir='ltr'>positum</span> <span class='ocrx_word' id='word_1_1058' title='bbox 1035 3828 1091 3865; x_wconf 72' lang='lat' dir='ltr'>prist</span> <span class='ocrx_word' id='word_1_1059' title='bbox 1112 3838 1184 3865; x_wconf 66' lang='lat' dir='ltr'>nega-</span> 
     </span>
     <span class='ocr_line' id='line_1_118' title="bbox 145 3861 1141 3924; baseline 0.012 -44"><span class='ocrx_word' id='word_1_1060' title='bbox 145 3861 235 3882; x_wconf 59' lang='lat' dir='ltr'>timii-m</span> <span class='ocrx_word' id='word_1_1061' title='bbox 246 3867 271 3884; x_wconf 86' lang='lat' dir='ltr'>in</span> <span class='ocrx_word' id='word_1_1062' title='bbox 280 3864 496 3924; x_wconf 50' lang='lat' dir='ltr'>P’&#39;&#39;⁰r⁹,0’&#39;‘.²i¹&#39;&lt;&#39;&#39;¹“s</span> <span class='ocrx_word' id='word_1_1063' title='bbox 517 3861 599 3898; x_wconf 80' lang='lat' dir='ltr'>Tam.</span> <span class='ocrx_word' id='word_1_1064' title='bbox 613 3872 660 3889; x_wconf 69' lang='lat' dir='ltr'>non</span> <span class='ocrx_word' id='word_1_1065' title='bbox 673 3863 933 3902; x_wconf 10' lang='lat' dir='ltr'>trieciffhri‘ofiqumcr.</span> <span class='ocrx_word' id='word_1_1066' title='bbox 986 3865 1047 3892; x_wconf 89' lang='lat' dir='ltr'>Liu.</span> <span class='ocrx_word' id='word_1_1067' title='bbox 1066 3875 1101 3897; x_wconf 80' lang='lat'>55,</span> <span class='ocrx_word' id='word_1_1068' title='bbox 1135 3884 1141 3891; x_wconf 92' lang='lat'>.</span> 
     </span>
    </p>

    <p class='ocr_par' dir='ltr' id='par_1_34' title="bbox 301 3900 1065 3923">
     <span class='ocr_line' id='line_1_119' title="bbox 301 3900 1065 3923; baseline 0.012 -4"><span class='ocrx_word' id='word_1_1069' title='bbox 301 3900 319 3919; x_wconf 74' lang='lat' dir='ltr'>v</span> <span class='ocrx_word' id='word_1_1070' title='bbox 330 3902 348 3921; x_wconf 88' lang='lat' dir='ltr'>o</span> <span class='ocrx_word' id='word_1_1071' title='bbox 358 3903 382 3922; x_wconf 78' lang='lat' dir='ltr'>L.</span> <span class='ocrx_word' id='word_1_1072' title='bbox 467 3917 472 3923; x_wconf 97' lang='lat'>.</span> <span class='ocrx_word' id='word_1_1073' title='bbox 1060 3902 1065 3905; x_wconf 62' lang='lat'><strong>⁴</strong></span> 
     </span>
    </p>
   </div>
   <div class='ocr_carea' id='block_1_27' title="bbox 1201 1734 1235 1761">
    <p class='ocr_par' dir='ltr' id='par_1_35' title="bbox 1201 1734 1235 1761">
     <span class='ocr_line' id='line_1_120' title="bbox 1201 1734 1235 1761; baseline -0.059 0"><span class='ocrx_word' id='word_1_1074' title='bbox 1201 1734 1235 1761; x_wconf 76' lang='lat'>43</span> 
     </span>
    </p>
   </div>
   <div class='ocr_carea' id='block_1_28' title="bbox 1202 1914 1234 1940">
    <p class='ocr_par' dir='ltr' id='par_1_36' title="bbox 1202 1914 1234 1940">
     <span class='ocr_line' id='line_1_121' title="bbox 1202 1914 1234 1940; baseline 0 -7"><span class='ocrx_word' id='word_1_1075' title='bbox 1202 1914 1234 1940; x_wconf 82' lang='lat'>50</span> 
     </span>
    </p>
   </div>
   <div class='ocr_carea' id='block_1_29' title="bbox 1209 2092 1236 2117">
    <p class='ocr_par' dir='ltr' id='par_1_37' title="bbox 1209 2092 1236 2117">
     <span class='ocr_line' id='line_1_122' title="bbox 1209 2092 1236 2117; baseline 0 0"><span class='ocrx_word' id='word_1_1076' title='bbox 1209 2092 1236 2117; x_wconf 76' lang='lat'>53</span> 
     </span>
    </p>
   </div>
   <div class='ocr_carea' id='block_1_30' title="bbox 284 2255 1234 2294">
    <p class='ocr_par' dir='ltr' id='par_1_38' title="bbox 284 2255 1234 2294">
     <span class='ocr_line' id='line_1_123' title="bbox 284 2255 1234 2294; baseline -0.006 -6"><span class='ocrx_word' id='word_1_1077' title='bbox 284 2264 359 2288; x_wconf 69' lang='lat' dir='ltr'>(mem</span> <span class='ocrx_word' id='word_1_1078' title='bbox 373 2264 449 2289; x_wconf 73' lang='lat' dir='ltr'>locum</span> <span class='ocrx_word' id='word_1_1079' title='bbox 463 2266 526 2289; x_wconf 78' lang='lat' dir='ltr'>citat</span> <span class='ocrx_word' id='word_1_1080' title='bbox 539 2271 562 2289; x_wconf 76' lang='lat' dir='ltr'>et</span> <span class='ocrx_word' id='word_1_1081' title='bbox 576 2255 682 2290; x_wconf 52' lang='lat' dir='ltr'>Seminis</span> <span class='ocrx_word' id='word_1_1082' title='bbox 697 2265 724 2290; x_wconf 89' lang='lat' dir='ltr'>in</span> <span class='ocrx_word' id='word_1_1083' title='bbox 737 2264 800 2290; x_wconf 74' lang='lat' dir='ltr'>illud</span> <span class='ocrx_word' id='word_1_1084' title='bbox 814 2264 899 2294; x_wconf 66' lang='lat' dir='ltr'>liclog.</span> <span class='ocrx_word' id='word_1_1085' title='bbox 910 2271 932 2290; x_wconf 81' lang='lat'>2,</span> <span class='ocrx_word' id='word_1_1086' title='bbox 947 2264 982 2292; x_wconf 88' lang='lat'>46</span> <span class='ocrx_word' id='word_1_1087' title='bbox 1021 2261 1085 2284; x_wconf 73' lang='lat' dir='ltr'>Ecce</span> <span class='ocrx_word' id='word_1_1088' title='bbox 1101 2259 1234 2283; x_wconf 83' lang='lat' dir='ltr'>fcrunt60</span> 
     </span>
    </p>
   </div>
   <div class='ocr_carea' id='block_1_31' title="bbox 1200 2434 1231 2466">
    <p class='ocr_par' dir='ltr' id='par_1_39' title="bbox 1200 2434 1231 2466">
     <span class='ocr_line' id='line_1_124' title="bbox 1200 2434 1231 2466; baseline 0 0"><span class='ocrx_word' id='word_1_1089' title='bbox 1200 2434 1231 2466; x_wconf 73' lang='lat'>65</span> 
     </span>
    </p>
   </div>
   <div class='ocr_carea' id='block_1_32' title="bbox 457 2609 1231 2647">
    <p class='ocr_par' dir='ltr' id='par_1_40' title="bbox 457 2609 1231 2647">
     <span class='ocr_line' id='line_1_125' title="bbox 457 2609 1231 2647; baseline -0.001 -10"><span class='ocrx_word' id='word_1_1090' title='bbox 457 2612 505 2638; x_wconf 70' lang='lat' dir='ltr'>Sed</span> <span class='ocrx_word' id='word_1_1091' title='bbox 520 2611 591 2637; x_wconf 68' lang='lat' dir='ltr'>habet</span> <span class='ocrx_word' id='word_1_1092' title='bbox 610 2617 707 2636; x_wconf 68' lang='lat' dir='ltr'>tantam</span> <span class='ocrx_word' id='word_1_1093' title='bbox 728 2613 889 2640; x_wconf 73' lang='lat' dir='ltr'>varietatem,</span> <span class='ocrx_word' id='word_1_1094' title='bbox 908 2618 968 2644; x_wconf 77' lang='lat' dir='ltr'>quae</span> <span class='ocrx_word' id='word_1_1095' title='bbox 986 2619 1032 2635; x_wconf 80' lang='lat' dir='ltr'>›ion</span> <span class='ocrx_word' id='word_1_1096' title='bbox 1048 2609 1122 2644; x_wconf 70' lang='lat' dir='ltr'>pofli&#39;t</span> <span class='ocrx_word' id='word_1_1097' title='bbox 1142 2609 1189 2643; x_wconf 71' lang='lat' dir='ltr'>mji</span> <span class='ocrx_word' id='word_1_1098' title='bbox 1196 2620 1231 2647; x_wconf 91' lang='lat'>70</span> 
     </span>
    </p>
   </div>
   <div class='ocr_carea' id='block_1_33' title="bbox 868 3506 1951 3542">
    <p class='ocr_par' dir='ltr' id='par_1_41' title="bbox 868 3506 1951 3542">
     <span class='ocr_line' id='line_1_126' title="bbox 868 3506 1951 3542; baseline -0.003 -9"><span class='ocrx_word' id='word_1_1099' title='bbox 868 3508 956 3534; x_wconf 88' lang='lat' dir='ltr'>Mutui</span> <span class='ocrx_word' id='word_1_1100' title='bbox 975 3507 1048 3533; x_wconf 90' lang='lat' dir='ltr'>datio</span> <span class='ocrx_word' id='word_1_1101' title='bbox 1067 3507 1182 3534; x_wconf 77' lang='lat' dir='ltr'>consistit</span> <span class='ocrx_word' id='word_1_1102' title='bbox 1196 3514 1230 3540; x_wconf 78' lang='lat'>93</span> <span class='ocrx_word' id='word_1_1103' title='bbox 1247 3518 1327 3542; x_wconf 85' lang='lat' dir='ltr'>quain</span> <span class='ocrx_word' id='word_1_1104' title='bbox 1342 3518 1434 3535; x_wconf 84' lang='lat' dir='ltr'>verum</span> <span class='ocrx_word' id='word_1_1105' title='bbox 1450 3509 1487 3536; x_wconf 85' lang='lat' dir='ltr'>est</span> <span class='ocrx_word' id='word_1_1106' title='bbox 1506 3510 1604 3535; x_wconf 81' lang='lat' dir='ltr'>Anton.</span> <span class='ocrx_word' id='word_1_1107' title='bbox 1618 3507 1650 3534; x_wconf 87' lang='lat' dir='ltr'>ad</span> <span class='ocrx_word' id='word_1_1108' title='bbox 1664 3507 1719 3533; x_wconf 85' lang='lat' dir='ltr'>Cic.</span> <span class='ocrx_word' id='word_1_1109' title='bbox 1734 3506 1780 3531; x_wconf 88' lang='lat' dir='ltr'>sub</span> <span class='ocrx_word' id='word_1_1110' title='bbox 1795 3506 1846 3531; x_wconf 87' lang='lat' dir='ltr'>Att.</span> <span class='ocrx_word' id='word_1_1111' title='bbox 1863 3513 1900 3537; x_wconf 83' lang='lat'>10,</span> <span class='ocrx_word' id='word_1_1112' title='bbox 1915 3513 1951 3531; x_wconf 77' lang='grc' dir='ltr'>ιο.</span> 
     </span>
    </p>
   </div>
   <div class='ocr_carea' id='block_1_34' title="bbox 1179 3863 2161 3911">
    <p class='ocr_par' dir='ltr' id='par_1_42' title="bbox 1179 3863 2161 3911">
     <span class='ocr_line' id='line_1_127' title="bbox 1179 3863 2161 3902; baseline -0.007 -8"><span class='ocrx_word' id='word_1_1113' title='bbox 1179 3864 1265 3902; x_wconf 62' lang='grc' dir='ltr'>.ιοςῆ</span> <span class='ocrx_word' id='word_1_1114' title='bbox 1286 3876 1303 3900; x_wconf 90' lang='lat'><em>9</em></span> <span class='ocrx_word' id='word_1_1115' title='bbox 1339 3868 1397 3894; x_wconf 89' lang='lat' dir='ltr'>Cum</span> <span class='ocrx_word' id='word_1_1116' title='bbox 1419 3867 1567 3894; x_wconf 74' lang='lat' dir='ltr'>Nominibus</span> <span class='ocrx_word' id='word_1_1117' title='bbox 1588 3871 1722 3901; x_wconf 70' lang='lat' dir='ltr'>temporum</span> <span class='ocrx_word' id='word_1_1118' title='bbox 1739 3863 1929 3899; x_wconf 61' lang='lat' dir='ltr'>conflationem</span> <span class='ocrx_word' id='word_1_1119' title='bbox 1949 3869 1971 3888; x_wconf 70' lang='lat' dir='ltr'>et</span> <span class='ocrx_word' id='word_1_1120' title='bbox 1991 3866 2161 3889; x_wconf 68' lang='lat' dir='ltr'>continuatim:</span> 
     </span>
     <span class='ocr_line' id='line_1_128' title="bbox 1243 3903 1464 3911; baseline -0.009 2"><span class='ocrx_word' id='word_1_1121' title='bbox 1243 3903 1245 3905; x_wconf 90' lang='lat'><em>-</em></span> <span class='ocrx_word' id='word_1_1122' title='bbox 1455 3903 1464 3911; x_wconf 59' lang='lat'>.</span> 
     </span>
    </p>
   </div>
   <div class='ocr_carea' id='block_1_35' title="bbox 1242 3043 1452 3076">
    <p class='ocr_par' dir='ltr' id='par_1_43' title="bbox 1242 3043 1452 3076">
     <span class='ocr_line' id='line_1_129' title="bbox 1242 3043 1452 3076; baseline 0.005 -8"><span class='ocrx_word' id='word_1_1123' title='bbox 1242 3043 1287 3069; x_wconf 87' lang='lat' dir='ltr'>nia</span> <span class='ocrx_word' id='word_1_1124' title='bbox 1300 3051 1452 3076; x_wconf 83' lang='lat' dir='ltr'>poneretur.</span> 
     </span>
    </p>
   </div>
   <div class='ocr_carea' id='block_1_36' title="bbox 1641 60 2294 117">
    <p class='ocr_par' dir='ltr' id='par_1_44' title="bbox 1641 60 2294 117">
     <span class='ocr_line' id='line_1_130' title="bbox 1641 60 2294 117; baseline 0.006 -18"><span class='ocrx_word' id='word_1_1125' title='bbox 1641 60 1800 117; x_wconf 56' lang='lat' dir='ltr'>Qae&#39;&#39;V</span> <span class='ocrx_word' id='word_1_1126' title='bbox 1879 63 1920 99; x_wconf 85' lang='lat' dir='ltr'>-A</span> <span class='ocrx_word' id='word_1_1127' title='bbox 2257 64 2294 103; x_wconf 81' lang='lat'>18</span> 
     </span>
    </p>
   </div>
   <div class='ocr_carea' id='block_1_37' title="bbox 1244 146 2313 2793">
    <p class='ocr_par' dir='ltr' id='par_1_45' title="bbox 1244 146 2309 1119">
     <span class='ocr_line' id='line_1_131' title="bbox 1245 146 2296 188; baseline -0.01 -7"><span class='ocrx_word' id='word_1_1128' title='bbox 1245 155 1349 186; x_wconf 87' lang='lat' dir='ltr'>Homo,</span> <span class='ocrx_word' id='word_1_1129' title='bbox 1368 162 1423 179; x_wconf 90' lang='lat' dir='ltr'>non</span> <span class='ocrx_word' id='word_1_1130' title='bbox 1439 161 1519 188; x_wconf 89' lang='lat' dir='ltr'>quam</span> <span class='ocrx_word' id='word_1_1131' title='bbox 1534 150 1578 178; x_wconf 85' lang='lat' dir='ltr'>isti</span> <span class='ocrx_word' id='word_1_1132' title='bbox 1591 152 1658 183; x_wconf 88' lang='lat' dir='ltr'>sunt,</span> <span class='ocrx_word' id='word_1_1133' title='bbox 1679 149 1819 184; x_wconf 83' lang='lat' dir='ltr'>gloriosus.</span> <span class='ocrx_word' id='word_1_1134' title='bbox 1890 149 1993 180; x_wconf 68' lang='lat' dir='ltr'>Quam,</span> <span class='ocrx_word' id='word_1_1135' title='bbox 2010 157 2063 174; x_wconf 84' lang='lat' dir='ltr'>cum</span> <span class='ocrx_word' id='word_1_1136' title='bbox 2079 146 2167 174; x_wconf 78' lang='lat' dir='ltr'>Verbis</span> <span class='ocrx_word' id='word_1_1137' title='bbox 2185 146 2296 176; x_wconf 69' lang='lat' dir='ltr'>Pomm».</span> 
     </span>
     <span class='ocr_line' id='line_1_132' title="bbox 1245 185 2297 224; baseline -0.008 -8"><span class='ocrx_word' id='word_1_1138' title='bbox 1245 192 1336 224; x_wconf 86' lang='lat' dir='ltr'>Qieo,</span> <span class='ocrx_word' id='word_1_1139' title='bbox 1349 189 1441 219; x_wconf 87' lang='lat' dir='ltr'>Valeo,</span> <span class='ocrx_word' id='word_1_1140' title='bbox 1462 196 1485 214; x_wconf 77' lang='lat' dir='ltr'>ct</span> <span class='ocrx_word' id='word_1_1141' title='bbox 1499 189 1567 214; x_wconf 78' lang='lat' dir='ltr'>aliis.</span> <span class='ocrx_word' id='word_1_1142' title='bbox 1633 187 1747 212; x_wconf 82' lang='lat' dir='ltr'>Terent.</span> <span class='ocrx_word' id='word_1_1143' title='bbox 1762 186 1858 211; x_wconf 71' lang='lat' dir='ltr'>Heaut.</span> <span class='ocrx_word' id='word_1_1144' title='bbox 1879 193 1900 215; x_wconf 70' lang='grc' dir='ltr'>ιι,</span> <span class='ocrx_word' id='word_1_1145' title='bbox 1921 192 1940 214; x_wconf 92' lang='lat' dir='ltr'>i,</span> <span class='ocrx_word' id='word_1_1146' title='bbox 1953 191 1969 216; x_wconf 93' lang='lat'>7</span> <span class='ocrx_word' id='word_1_1147' title='bbox 1998 185 2072 209; x_wconf 82' lang='lat' dir='ltr'>Hand</span> <span class='ocrx_word' id='word_1_1148' title='bbox 2087 185 2196 210; x_wconf 84' lang='lat' dir='ltr'>faciam:</span> <span class='ocrx_word' id='word_1_1149' title='bbox 2235 190 2297 208; x_wconf 83' lang='lat' dir='ltr'>nain</span> 
     </span>
     <span class='ocr_line' id='line_1_133' title="bbox 1244 217 2297 261; baseline -0.009 -8"><span class='ocrx_word' id='word_1_1150' title='bbox 1244 236 1324 261; x_wconf 86' lang='lat' dir='ltr'>quain</span> <span class='ocrx_word' id='word_1_1151' title='bbox 1337 232 1440 260; x_wconf 83' lang='lat' dir='ltr'>potero,</span> <span class='ocrx_word' id='word_1_1152' title='bbox 1460 223 1587 250; x_wconf 85' lang='lat' dir='ltr'>adiutabo</span> <span class='ocrx_word' id='word_1_1153' title='bbox 1602 223 1699 249; x_wconf 83' lang='lat' dir='ltr'>senem.</span> <span class='ocrx_word' id='word_1_1154' title='bbox 1771 221 1853 247; x_wconf 82' lang='lat' dir='ltr'>Plaut.</span> <span class='ocrx_word' id='word_1_1155' title='bbox 1870 220 1941 245; x_wconf 83' lang='lat' dir='ltr'>Men.</span> <span class='ocrx_word' id='word_1_1156' title='bbox 1958 227 1979 250; x_wconf 74' lang='grc' dir='ltr'>ς,</span> <span class='ocrx_word' id='word_1_1157' title='bbox 1995 227 2019 250; x_wconf 78' lang='lat'>9,</span> <span class='ocrx_word' id='word_1_1158' title='bbox 2032 229 2049 250; x_wconf 78' lang='lat'>4</span> <span class='ocrx_word' id='word_1_1159' title='bbox 2068 220 2140 245; x_wconf 84' lang='lat' dir='ltr'>Tam</span> <span class='ocrx_word' id='word_1_1160' title='bbox 2154 217 2297 244; x_wconf 83' lang='lat' dir='ltr'>consimilis</span> 
     </span>
     <span class='ocr_line' id='line_1_134' title="bbox 1245 253 2298 296; baseline -0.009 -8"><span class='ocrx_word' id='word_1_1161' title='bbox 1245 263 1297 294; x_wconf 84' lang='lat' dir='ltr'>est,</span> <span class='ocrx_word' id='word_1_1162' title='bbox 1317 269 1397 296; x_wconf 85' lang='lat' dir='ltr'>quam</span> <span class='ocrx_word' id='word_1_1163' title='bbox 1417 259 1509 293; x_wconf 80' lang='lat' dir='ltr'>potest.</span> <span class='ocrx_word' id='word_1_1164' title='bbox 1617 257 1749 291; x_wconf 86' lang='lat' dir='ltr'>Exposui,</span> <span class='ocrx_word' id='word_1_1165' title='bbox 1769 265 1847 291; x_wconf 87' lang='lat' dir='ltr'>quani</span> <span class='ocrx_word' id='word_1_1166' title='bbox 1868 253 2016 280; x_wconf 65' lang='lat' dir='ltr'>breuiss&#39;itne</span> <span class='ocrx_word' id='word_1_1167' title='bbox 2036 256 2108 287; x_wconf 83' lang='lat' dir='ltr'>potui</span> <span class='ocrx_word' id='word_1_1168' title='bbox 2140 255 2196 281; x_wconf 89' lang='lat' dir='ltr'>Cic.</span> <span class='ocrx_word' id='word_1_1169' title='bbox 2210 255 2272 280; x_wconf 78' lang='lat' dir='ltr'>Diu.</span> <span class='ocrx_word' id='word_1_1170' title='bbox 2288 263 2298 279; x_wconf 78' lang='lat' dir='ltr'>i</span> 
     </span>
     <span class='ocr_line' id='line_1_135' title="bbox 1246 290 2298 330; baseline -0.007 -7"><span class='ocrx_word' id='word_1_1171' title='bbox 1246 308 1268 324; x_wconf 89' lang='lat' dir='ltr'>c.</span> <span class='ocrx_word' id='word_1_1172' title='bbox 1282 307 1320 330; x_wconf 76' lang='lat'>32.</span> <span class='ocrx_word' id='word_1_1173' title='bbox 1342 312 1345 313; x_wconf 33' lang='grc' dir='ltr'><em>ν</em></span> <span class='ocrx_word' id='word_1_1174' title='bbox 1411 294 1512 322; x_wconf 78' lang='lat' dir='ltr'>Sallust.</span> <span class='ocrx_word' id='word_1_1175' title='bbox 1531 294 1558 320; x_wconf 90' lang='lat' dir='ltr'>in</span> <span class='ocrx_word' id='word_1_1176' title='bbox 1578 293 1699 328; x_wconf 79' lang='lat' dir='ltr'>Iugurtli.</span> <span class='ocrx_word' id='word_1_1177' title='bbox 1738 313 1744 318; x_wconf 94' lang='lat'>.</span> <span class='ocrx_word' id='word_1_1178' title='bbox 1783 312 1788 318; x_wconf 97' lang='lat'>.</span> <span class='ocrx_word' id='word_1_1179' title='bbox 1827 312 1833 318; x_wconf 94' lang='lat'>.</span> <span class='ocrx_word' id='word_1_1180' title='bbox 1870 292 1957 324; x_wconf 84' lang='lat' dir='ltr'>Qiam</span> <span class='ocrx_word' id='word_1_1181' title='bbox 1975 291 2100 315; x_wconf 84' lang='lat' dir='ltr'>maximas</span> <span class='ocrx_word' id='word_1_1182' title='bbox 2117 290 2196 323; x_wconf 82' lang='lat' dir='ltr'>potest</span> <span class='ocrx_word' id='word_1_1183' title='bbox 2209 290 2298 324; x_wconf 84' lang='lat' dir='ltr'>copias</span> 
     </span>
     <span class='ocr_line' id='line_1_136' title="bbox 1244 325 2298 362; baseline -0.007 -3"><span class='ocrx_word' id='word_1_1184' title='bbox 1244 340 1337 360; x_wconf 88' lang='lat' dir='ltr'>armat.</span> <span class='ocrx_word' id='word_1_1185' title='bbox 1431 331 1504 357; x_wconf 82' lang='lat' dir='ltr'>Caes.</span> <span class='ocrx_word' id='word_1_1186' title='bbox 1526 330 1590 356; x_wconf 82' lang='lat' dir='ltr'>Bell.</span> <span class='ocrx_word' id='word_1_1187' title='bbox 1609 329 1678 355; x_wconf 73' lang='lat' dir='ltr'>(iall.</span> <span class='ocrx_word' id='word_1_1188' title='bbox 1699 337 1724 360; x_wconf 90' lang='grc' dir='ltr'>ι,</span> <span class='ocrx_word' id='word_1_1189' title='bbox 1750 335 1781 362; x_wconf 78' lang='lat'>37</span> <span class='ocrx_word' id='word_1_1190' title='bbox 1815 328 1853 353; x_wconf 82' lang='lat' dir='ltr'>Re</span> <span class='ocrx_word' id='word_1_1191' title='bbox 1871 325 2043 352; x_wconf 82' lang='lat' dir='ltr'>frumentaria</span> <span class='ocrx_word' id='word_1_1192' title='bbox 2064 334 2141 359; x_wconf 85' lang='lat' dir='ltr'>qnam</span> <span class='ocrx_word' id='word_1_1193' title='bbox 2160 326 2298 353; x_wconf 72' lang='lat' dir='ltr'>celerrime</span> 
     </span>
     <span class='ocr_line' id='line_1_137' title="bbox 1246 361 2299 404; baseline -0.007 -9"><span class='ocrx_word' id='word_1_1194' title='bbox 1246 369 1343 404; x_wconf 81' lang='lat' dir='ltr'>potuit,</span> <span class='ocrx_word' id='word_1_1195' title='bbox 1356 374 1512 403; x_wconf 87' lang='lat' dir='ltr'>comparata.</span> <span class='ocrx_word' id='word_1_1196' title='bbox 1609 365 1666 391; x_wconf 86' lang='lat' dir='ltr'>Cic.</span> <span class='ocrx_word' id='word_1_1197' title='bbox 1680 364 1712 391; x_wconf 83' lang='lat' dir='ltr'>de</span> <span class='ocrx_word' id='word_1_1198' title='bbox 1725 364 1788 390; x_wconf 82' lang='lat' dir='ltr'>Nat.</span> <span class='ocrx_word' id='word_1_1199' title='bbox 1804 363 1884 389; x_wconf 79' lang='lat' dir='ltr'>Deor.</span> <span class='ocrx_word' id='word_1_1200' title='bbox 1906 370 1932 393; x_wconf 88' lang='lat'>2,</span> <span class='ocrx_word' id='word_1_1201' title='bbox 1952 371 1962 393; x_wconf 79' lang='lat'>3</span> <span class='ocrx_word' id='word_1_1202' title='bbox 1990 362 2072 394; x_wconf 82' lang='lat' dir='ltr'>Agam</span> <span class='ocrx_word' id='word_1_1203' title='bbox 2093 370 2169 395; x_wconf 86' lang='lat' dir='ltr'>quani</span> <span class='ocrx_word' id='word_1_1204' title='bbox 2184 361 2299 388; x_wconf 84' lang='lat' dir='ltr'>brcuiffi-</span> 
     </span>
     <span class='ocr_line' id='line_1_138' title="bbox 1246 397 2299 438; baseline -0.011 -8"><span class='ocrx_word' id='word_1_1205' title='bbox 1246 413 1289 430; x_wconf 86' lang='lat' dir='ltr'>me</span> <span class='ocrx_word' id='word_1_1206' title='bbox 1304 412 1407 438; x_wconf 71' lang='lat' dir='ltr'>potero.</span> <span class='ocrx_word' id='word_1_1207' title='bbox 1501 401 1666 428; x_wconf 85' lang='lat' dir='ltr'>Conuiuium</span> <span class='ocrx_word' id='word_1_1208' title='bbox 1684 400 1716 426; x_wconf 88' lang='lat' dir='ltr'>ad</span> <span class='ocrx_word' id='word_1_1209' title='bbox 1730 399 1841 425; x_wconf 91' lang='lat' dir='ltr'>multam</span> <span class='ocrx_word' id='word_1_1210' title='bbox 1854 398 1976 427; x_wconf 70' lang='grc' dir='ltr'>ηοέἲειιι,</span> <span class='ocrx_word' id='word_1_1211' title='bbox 1997 405 2076 431; x_wconf 87' lang='lat' dir='ltr'>quam</span> <span class='ocrx_word' id='word_1_1212' title='bbox 2090 397 2203 423; x_wconf 73' lang='lat' dir='ltr'>maxime</span> <span class='ocrx_word' id='word_1_1213' title='bbox 2218 398 2299 432; x_wconf 63' lang='lat' dir='ltr'>potsu.</span> 
     </span>
     <span class='ocr_line' id='line_1_139' title="bbox 1247 432 2299 471; baseline -0.008 -6"><span class='ocrx_word' id='word_1_1214' title='bbox 1247 449 1319 469; x_wconf 79' lang='lat' dir='ltr'>mus,</span> <span class='ocrx_word' id='word_1_1215' title='bbox 1335 441 1410 466; x_wconf 84' lang='lat' dir='ltr'>vario</span> <span class='ocrx_word' id='word_1_1216' title='bbox 1423 439 1542 466; x_wconf 83' lang='lat' dir='ltr'>sermone</span> <span class='ocrx_word' id='word_1_1217' title='bbox 1557 437 1727 471; x_wconf 83' lang='lat' dir='ltr'>producimus</span> <span class='ocrx_word' id='word_1_1218' title='bbox 1754 435 1811 461; x_wconf 88' lang='lat' dir='ltr'>Cic.</span> <span class='ocrx_word' id='word_1_1219' title='bbox 1826 434 1858 459; x_wconf 86' lang='lat' dir='ltr'>de</span> <span class='ocrx_word' id='word_1_1220' title='bbox 1872 432 1974 459; x_wconf 62' lang='lat' dir='ltr'>Senceh</span> <span class='ocrx_word' id='word_1_1221' title='bbox 1988 434 2032 465; x_wconf 85' lang='lat'>46.</span> <span class='ocrx_word' id='word_1_1222' title='bbox 2139 432 2206 457; x_wconf 84' lang='lat' dir='ltr'>Aues</span> <span class='ocrx_word' id='word_1_1223' title='bbox 2223 435 2299 460; x_wconf 83' lang='lat' dir='ltr'>nidos</span> 
     </span>
     <span class='ocr_line' id='line_1_140' title="bbox 1247 467 2300 509; baseline -0.009 -7"><span class='ocrx_word' id='word_1_1224' title='bbox 1247 476 1416 506; x_wconf 79' lang='lat' dir='ltr'>construunt,</span> <span class='ocrx_word' id='word_1_1225' title='bbox 1426 468 1533 509; x_wconf 70' lang='lat' dir='ltr'>&#39;eosque</span> <span class='ocrx_word' id='word_1_1226' title='bbox 1551 481 1631 507; x_wconf 87' lang='lat' dir='ltr'>quam</span> <span class='ocrx_word' id='word_1_1227' title='bbox 1652 472 1753 507; x_wconf 72' lang='lat' dir='ltr'>potsunt</span> <span class='ocrx_word' id='word_1_1228' title='bbox 1767 469 1917 496; x_wconf 84' lang='lat' dir='ltr'>molliilime</span> <span class='ocrx_word' id='word_1_1229' title='bbox 1931 467 2096 494; x_wconf 84' lang='lat' dir='ltr'>substernunt</span> <span class='ocrx_word' id='word_1_1230' title='bbox 2122 467 2178 493; x_wconf 86' lang='lat' dir='ltr'>Cic.</span> <span class='ocrx_word' id='word_1_1231' title='bbox 2193 468 2224 493; x_wconf 86' lang='lat' dir='ltr'>de</span> <span class='ocrx_word' id='word_1_1232' title='bbox 2239 469 2300 495; x_wconf 83' lang='lat' dir='ltr'>Nat.</span> 
     </span>
     <span class='ocr_line' id='line_1_141' title="bbox 1247 502 2301 543; baseline -0.011 -5"><span class='ocrx_word' id='word_1_1233' title='bbox 1247 513 1328 538; x_wconf 87' lang='lat' dir='ltr'>Deor.</span> <span class='ocrx_word' id='word_1_1234' title='bbox 1344 519 1367 541; x_wconf 83' lang='lat'>2,</span> <span class='ocrx_word' id='word_1_1235' title='bbox 1384 520 1434 543; x_wconf 86' lang='lat'>¹29·</span> <span class='ocrx_word' id='word_1_1236' title='bbox 1519 509 1558 535; x_wconf 83' lang='lat' dir='ltr'>De</span> <span class='ocrx_word' id='word_1_1237' title='bbox 1575 508 1706 538; x_wconf 78' lang='lat' dir='ltr'>Catilina,</span> <span class='ocrx_word' id='word_1_1238' title='bbox 1725 515 1804 541; x_wconf 85' lang='lat' dir='ltr'>quain</span> <span class='ocrx_word' id='word_1_1239' title='bbox 1825 504 1954 532; x_wconf 82' lang='lat' dir='ltr'>vcrillime</span> <span class='ocrx_word' id='word_1_1240' title='bbox 1975 510 2084 538; x_wconf 86' lang='lat' dir='ltr'>potero,</span> <span class='ocrx_word' id='word_1_1241' title='bbox 2105 502 2193 536; x_wconf 85' lang='lat' dir='ltr'>paucis</span> <span class='ocrx_word' id='word_1_1242' title='bbox 2215 504 2301 530; x_wconf 73' lang='lat' dir='ltr'>dicam</span> 
     </span>
     <span class='ocr_line' id='line_1_142' title="bbox 1246 537 2302 576; baseline -0.011 -3"><span class='ocrx_word' id='word_1_1243' title='bbox 1246 546 1347 574; x_wconf 78' lang='lat' dir='ltr'>Sallust.</span> <span class='ocrx_word' id='word_1_1244' title='bbox 1361 547 1417 572; x_wconf 88' lang='lat' dir='ltr'>Cat.</span> <span class='ocrx_word' id='word_1_1245' title='bbox 1438 555 1459 572; x_wconf 91' lang='lat' dir='ltr'>c.</span> <span class='ocrx_word' id='word_1_1246' title='bbox 1474 550 1507 576; x_wconf 83' lang='lat'>¹8·</span> <span class='ocrx_word' id='word_1_1247' title='bbox 1614 543 1661 571; x_wconf 74' lang='lat' dir='ltr'>Sed</span> <span class='ocrx_word' id='word_1_1248' title='bbox 1673 546 1746 570; x_wconf 74' lang='lat' dir='ltr'>etiam</span> <span class='ocrx_word' id='word_1_1249' title='bbox 1765 552 1819 568; x_wconf 83' lang='lat' dir='ltr'>cum</span> <span class='ocrx_word' id='word_1_1250' title='bbox 1834 540 1965 573; x_wconf 68' lang='lat' dir='ltr'>l’ositi&#39;ui‘s:</span> <span class='ocrx_word' id='word_1_1251' title='bbox 2019 539 2075 565; x_wconf 87' lang='lat' dir='ltr'>Cic.</span> <span class='ocrx_word' id='word_1_1252' title='bbox 2095 537 2206 572; x_wconf 76' lang='lat' dir='ltr'>Philipp.</span> <span class='ocrx_word' id='word_1_1253' title='bbox 2221 548 2246 571; x_wconf 82' lang='lat'>2,</span> <span class='ocrx_word' id='word_1_1254' title='bbox 2265 548 2302 574; x_wconf 76' lang='lat'>47</span> 
     </span>
     <span class='ocr_line' id='line_1_143' title="bbox 1248 574 2302 615; baseline -0.011 -6"><span class='ocrx_word' id='word_1_1255' title='bbox 1248 583 1296 609; x_wconf 87' lang='lat' dir='ltr'>Sed</span> <span class='ocrx_word' id='word_1_1256' title='bbox 1312 582 1444 615; x_wconf 85' lang='lat' dir='ltr'>reliquum</span> <span class='ocrx_word' id='word_1_1257' title='bbox 1459 582 1562 609; x_wconf 83' lang='lat' dir='ltr'>cursum</span> <span class='ocrx_word' id='word_1_1258' title='bbox 1574 579 1646 606; x_wconf 88' lang='lat' dir='ltr'>vitae</span> <span class='ocrx_word' id='word_1_1259' title='bbox 1656 600 1664 612; x_wconf 91' lang='lat'>,</span> <span class='ocrx_word' id='word_1_1260' title='bbox 1683 587 1762 613; x_wconf 78' lang='lat' dir='ltr'>quain</span> <span class='ocrx_word' id='word_1_1261' title='bbox 1777 577 1885 612; x_wconf 88' lang='lat' dir='ltr'>quidem</span> <span class='ocrx_word' id='word_1_1262' title='bbox 1909 575 2008 610; x_wconf 77' lang='lat' dir='ltr'>possum</span> <span class='ocrx_word' id='word_1_1263' title='bbox 2022 574 2160 602; x_wconf 79' lang='lat' dir='ltr'>celeriter,</span> <span class='ocrx_word' id='word_1_1264' title='bbox 2179 576 2302 608; x_wconf 72' lang='lat' dir='ltr'>perstrin-</span> 
     </span>
     <span class='ocr_line' id='line_1_144' title="bbox 1249 609 2302 652; baseline -0.009 -8"><span class='ocrx_word' id='word_1_1265' title='bbox 1249 627 1316 652; x_wconf 85' lang='lat' dir='ltr'>gam.</span> <span class='ocrx_word' id='word_1_1266' title='bbox 1415 618 1478 643; x_wconf 74' lang='lat' dir='ltr'>Dixi</span> <span class='ocrx_word' id='word_1_1267' title='bbox 1493 616 1524 644; x_wconf 87' lang='lat' dir='ltr'>de</span> <span class='ocrx_word' id='word_1_1268' title='bbox 1538 615 1708 652; x_wconf 81' lang='lat' dir='ltr'>philosophia</span> <span class='ocrx_word' id='word_1_1269' title='bbox 1722 615 1774 648; x_wconf 79' lang='lat' dir='ltr'>ipsa</span> <span class='ocrx_word' id='word_1_1270' title='bbox 1788 622 1866 647; x_wconf 83' lang='lat' dir='ltr'>quam</span> <span class='ocrx_word' id='word_1_1271' title='bbox 1877 611 1996 638; x_wconf 85' lang='lat' dir='ltr'>breuiter</span> <span class='ocrx_word' id='word_1_1272' title='bbox 2009 609 2085 645; x_wconf 84' lang='lat' dir='ltr'>potui</span> <span class='ocrx_word' id='word_1_1273' title='bbox 2105 609 2224 648; x_wconf 58' lang='lat' dir='ltr'>Latflant.</span> <span class='ocrx_word' id='word_1_1274' title='bbox 2237 618 2302 644; x_wconf 76' lang='lat'>3‚17.</span> 
     </span>
     <span class='ocr_line' id='line_1_145' title="bbox 1248 645 2304 687; baseline -0.009 -6"><span class='ocrx_word' id='word_1_1275' title='bbox 1248 655 1362 681; x_wconf 84' lang='lat' dir='ltr'>Terent.</span> <span class='ocrx_word' id='word_1_1276' title='bbox 1378 653 1488 686; x_wconf 84' lang='lat' dir='ltr'>Adelph.</span> <span class='ocrx_word' id='word_1_1277' title='bbox 1508 663 1536 687; x_wconf 82' lang='lat'>4,</span> <span class='ocrx_word' id='word_1_1278' title='bbox 1558 661 1579 684; x_wconf 89' lang='lat'>1,</span> <span class='ocrx_word' id='word_1_1279' title='bbox 1607 654 1633 678; x_wconf 88' lang='lat'>16</span> <span class='ocrx_word' id='word_1_1280' title='bbox 1663 652 1752 684; x_wconf 83' lang='lat' dir='ltr'>Qiain</span> <span class='ocrx_word' id='word_1_1281' title='bbox 1771 649 1868 675; x_wconf 85' lang='lat' dir='ltr'>vellem</span> <span class='ocrx_word' id='word_1_1282' title='bbox 1889 648 1968 674; x_wconf 84' lang='lat' dir='ltr'>etiam</span> <span class='ocrx_word' id='word_1_1283' title='bbox 1988 646 2068 672; x_wconf 65' lang='lat' dir='ltr'>noctu</span> <span class='ocrx_word' id='word_1_1284' title='bbox 2084 645 2176 671; x_wconf 78' lang='lat' dir='ltr'>amicis</span> <span class='ocrx_word' id='word_1_1285' title='bbox 2195 654 2304 679; x_wconf 84' lang='lat' dir='ltr'>operam</span> 
     </span>
     <span class='ocr_line' id='line_1_146' title="bbox 1249 681 2305 719; baseline -0.009 -4"><span class='ocrx_word' id='word_1_1286' title='bbox 1249 699 1306 716; x_wconf 88' lang='lat' dir='ltr'>mos</span> <span class='ocrx_word' id='word_1_1287' title='bbox 1322 689 1381 715; x_wconf 83' lang='lat' dir='ltr'>css&#39;et</span> <span class='ocrx_word' id='word_1_1288' title='bbox 1394 688 1461 714; x_wconf 88' lang='lat' dir='ltr'>dari.</span> <span class='ocrx_word' id='word_1_1289' title='bbox 1503 689 1550 714; x_wconf 75' lang='lat' dir='ltr'>l&#39;bi&#39;</span> <span class='ocrx_word' id='word_1_1290' title='bbox 1562 688 1692 718; x_wconf 80' lang='lat' dir='ltr'>Donatus,</span> <span class='ocrx_word' id='word_1_1291' title='bbox 1714 687 1801 719; x_wconf 83' lang='lat' dir='ltr'>Qiain</span> <span class='ocrx_word' id='word_1_1292' title='bbox 1818 684 1913 710; x_wconf 84' lang='lat' dir='ltr'>vellem</span> <span class='ocrx_word' id='word_1_1293' title='bbox 1928 682 2066 717; x_wconf 84' lang='lat' dir='ltr'>praecipue</span> <span class='ocrx_word' id='word_1_1294' title='bbox 2081 681 2195 707; x_wconf 80' lang='lat' dir='ltr'>dicimus</span> <span class='ocrx_word' id='word_1_1295' title='bbox 2211 682 2239 706; x_wconf 90' lang='lat' dir='ltr'>in</span> <span class='ocrx_word' id='word_1_1296' title='bbox 2254 681 2305 713; x_wconf 81' lang='lat' dir='ltr'>his,</span> 
     </span>
     <span class='ocr_line' id='line_1_147' title="bbox 1247 717 2307 761; baseline -0.01 -9"><span class='ocrx_word' id='word_1_1297' title='bbox 1247 734 1315 761; x_wconf 86' lang='lat' dir='ltr'>quae</span> <span class='ocrx_word' id='word_1_1298' title='bbox 1329 733 1383 751; x_wconf 87' lang='lat' dir='ltr'>non</span> <span class='ocrx_word' id='word_1_1299' title='bbox 1396 724 1518 750; x_wconf 81' lang='lat' dir='ltr'>videmus</span> <span class='ocrx_word' id='word_1_1300' title='bbox 1533 724 1600 751; x_wconf 79' lang='lat' dir='ltr'>fieri.</span> <span class='ocrx_word' id='word_1_1301' title='bbox 1685 722 1741 749; x_wconf 79' lang='lat' dir='ltr'>Cic.</span> <span class='ocrx_word' id='word_1_1302' title='bbox 1754 720 1786 747; x_wconf 90' lang='lat' dir='ltr'>de</span> <span class='ocrx_word' id='word_1_1303' title='bbox 1800 720 1888 748; x_wconf 85' lang='lat' dir='ltr'>Finib.</span> <span class='ocrx_word' id='word_1_1304' title='bbox 1905 728 1924 751; x_wconf 85' lang='lat'>3,</span> <span class='ocrx_word' id='word_1_1305' title='bbox 1940 727 1967 744; x_wconf 69' lang='lat' dir='ltr'>io</span> <span class='ocrx_word' id='word_1_1306' title='bbox 1987 721 2076 751; x_wconf 75' lang='lat' dir='ltr'>Quam</span> <span class='ocrx_word' id='word_1_1307' title='bbox 2089 717 2194 747; x_wconf 83' lang='lat' dir='ltr'>vellem,</span> <span class='ocrx_word' id='word_1_1308' title='bbox 2207 717 2307 751; x_wconf 87' lang='lat' dir='ltr'>inquit,</span> 
     </span>
     <span class='ocr_line' id='line_1_148' title="bbox 1248 753 2305 791; baseline -0.009 -3"><span class='ocrx_word' id='word_1_1309' title='bbox 1248 769 1276 788; x_wconf 90' lang='lat' dir='ltr'>vt</span> <span class='ocrx_word' id='word_1_1310' title='bbox 1297 769 1322 787; x_wconf 85' lang='lat' dir='ltr'>te</span> <span class='ocrx_word' id='word_1_1311' title='bbox 1337 760 1368 787; x_wconf 90' lang='lat' dir='ltr'>ad</span> <span class='ocrx_word' id='word_1_1312' title='bbox 1388 760 1489 786; x_wconf 84' lang='lat' dir='ltr'>Stoicos</span> <span class='ocrx_word' id='word_1_1313' title='bbox 1511 759 1692 786; x_wconf 77' lang='lat' dir='ltr'>inclinauitses.</span> <span class='ocrx_word' id='word_1_1314' title='bbox 1890 753 1910 791; x_wconf 59' lang='grc' dir='ltr'><strong>Ἴ</strong></span> <span class='ocrx_word' id='word_1_1315' title='bbox 1928 763 1945 786; x_wconf 80' lang='lat'><strong>4</strong></span> <span class='ocrx_word' id='word_1_1316' title='bbox 1982 755 2069 787; x_wconf 70' lang='lat' dir='ltr'>Quam</span> <span class='ocrx_word' id='word_1_1317' title='bbox 2089 753 2188 787; x_wconf 77' lang='lat' dir='ltr'>magis,</span> <span class='ocrx_word' id='word_1_1318' title='bbox 2207 759 2232 778; x_wconf 88' lang='lat' dir='ltr'>ct</span> <span class='ocrx_word' id='word_1_1319' title='bbox 2252 760 2305 779; x_wconf 85' lang='lat' dir='ltr'>tam</span> 
     </span>
     <span class='ocr_line' id='line_1_149' title="bbox 1251 790 2305 831; baseline -0.009 -8"><span class='ocrx_word' id='word_1_1320' title='bbox 1251 798 1344 831; x_wconf 85' lang='lat' dir='ltr'>magis,</span> <span class='ocrx_word' id='word_1_1321' title='bbox 1363 803 1393 822; x_wconf 84' lang='lat' dir='ltr'>vt</span> <span class='ocrx_word' id='word_1_1322' title='bbox 1408 796 1461 830; x_wconf 75' lang='lat' dir='ltr'>Qo</span> <span class='ocrx_word' id='word_1_1323' title='bbox 1475 799 1565 831; x_wconf 68' lang='lat' dir='ltr'>inagis,</span> <span class='ocrx_word' id='word_1_1324' title='bbox 1584 806 1618 826; x_wconf 67' lang='lat' dir='ltr'>co,</span> <span class='ocrx_word' id='word_1_1325' title='bbox 1638 796 1677 821; x_wconf 82' lang='lat' dir='ltr'>vel</span> <span class='ocrx_word' id='word_1_1326' title='bbox 1689 794 1734 820; x_wconf 81' lang='lat' dir='ltr'>hoc</span> <span class='ocrx_word' id='word_1_1327' title='bbox 1745 794 1834 828; x_wconf 79' lang='lat' dir='ltr'>magis.</span> <span class='ocrx_word' id='word_1_1328' title='bbox 1885 791 1967 817; x_wconf 73' lang='lat' dir='ltr'>Plaut.</span> <span class='ocrx_word' id='word_1_1329' title='bbox 1983 790 2061 815; x_wconf 80' lang='lat' dir='ltr'>Poen.</span> <span class='ocrx_word' id='word_1_1330' title='bbox 2078 797 2099 821; x_wconf 90' lang='lat' dir='ltr'>i,</span> <span class='ocrx_word' id='word_1_1331' title='bbox 2113 797 2138 820; x_wconf 84' lang='lat'>2,</span> <span class='ocrx_word' id='word_1_1332' title='bbox 2156 797 2194 821; x_wconf 74' lang='lat'>135</span> <span class='ocrx_word' id='word_1_1333' title='bbox 2217 790 2305 822; x_wconf 86' lang='lat' dir='ltr'>Qiam</span> 
     </span>
     <span class='ocr_line' id='line_1_150' title="bbox 1250 825 2306 867; baseline -0.009 -7"><span class='ocrx_word' id='word_1_1334' title='bbox 1250 833 1334 867; x_wconf 79' lang='lat' dir='ltr'>magis</span> <span class='ocrx_word' id='word_1_1335' title='bbox 1353 831 1472 866; x_wconf 68' lang='lat' dir='ltr'>aspee&#39;to,</span> <span class='ocrx_word' id='word_1_1336' title='bbox 1489 837 1543 856; x_wconf 90' lang='lat' dir='ltr'>tam</span> <span class='ocrx_word' id='word_1_1337' title='bbox 1562 832 1643 865; x_wconf 75' lang='lat' dir='ltr'>magis</span> <span class='ocrx_word' id='word_1_1338' title='bbox 1657 830 1692 857; x_wconf 84' lang='lat' dir='ltr'>est</span> <span class='ocrx_word' id='word_1_1339' title='bbox 1709 828 1836 855; x_wconf 87' lang='lat' dir='ltr'>nimbata.</span> <span class='ocrx_word' id='word_1_1340' title='bbox 1892 828 1923 853; x_wconf 69' lang='lat' dir='ltr'>lit</span> <span class='ocrx_word' id='word_1_1341' title='bbox 1943 826 2017 859; x_wconf 85' lang='lat' dir='ltr'>Virg.</span> <span class='ocrx_word' id='word_1_1342' title='bbox 2034 825 2098 851; x_wconf 85' lang='lat' dir='ltr'>Aen.</span> <span class='ocrx_word' id='word_1_1343' title='bbox 2114 833 2141 858; x_wconf 88' lang='lat'>7,</span> <span class='ocrx_word' id='word_1_1344' title='bbox 2155 829 2206 858; x_wconf 69' lang='lat'>757</span> <span class='ocrx_word' id='word_1_1345' title='bbox 2232 825 2306 851; x_wconf 79' lang='lat' dir='ltr'>Tam</span> 
     </span>
     <span class='ocr_line' id='line_1_151' title="bbox 1251 860 2308 903; baseline -0.009 -9"><span class='ocrx_word' id='word_1_1346' title='bbox 1251 869 1334 903; x_wconf 75' lang='lat' dir='ltr'>magis</span> <span class='ocrx_word' id='word_1_1347' title='bbox 1351 868 1396 894; x_wconf 88' lang='lat' dir='ltr'>illa</span> <span class='ocrx_word' id='word_1_1348' title='bbox 1412 867 1527 893; x_wconf 75' lang='lat' dir='ltr'>fremens</span> <span class='ocrx_word' id='word_1_1349' title='bbox 1541 873 1565 892; x_wconf 89' lang='lat' dir='ltr'>ct</span> <span class='ocrx_word' id='word_1_1350' title='bbox 1581 866 1697 893; x_wconf 75' lang='lat' dir='ltr'>tristibus</span> <span class='ocrx_word' id='word_1_1351' title='bbox 1711 864 1790 891; x_wconf 80' lang='lat' dir='ltr'>effera</span> <span class='ocrx_word' id='word_1_1352' title='bbox 1804 863 1927 894; x_wconf 79' lang='lat' dir='ltr'>flammis,</span> <span class='ocrx_word' id='word_1_1353' title='bbox 1954 863 2041 894; x_wconf 77' lang='lat' dir='ltr'>Qiam</span> <span class='ocrx_word' id='word_1_1354' title='bbox 2056 862 2138 894; x_wconf 80' lang='lat' dir='ltr'>magis</span> <span class='ocrx_word' id='word_1_1355' title='bbox 2153 860 2235 886; x_wconf 75' lang='lat' dir='ltr'>effuso</span> <span class='ocrx_word' id='word_1_1356' title='bbox 2250 869 2308 886; x_wconf 89' lang='lat' dir='ltr'>cru-</span> 
     </span>
     <span class='ocr_line' id='line_1_152' title="bbox 1253 895 2308 937; baseline -0.009 -6"><span class='ocrx_word' id='word_1_1357' title='bbox 1253 906 1361 931; x_wconf 86' lang='lat' dir='ltr'>descunt</span> <span class='ocrx_word' id='word_1_1358' title='bbox 1375 903 1498 937; x_wconf 78' lang='lat' dir='ltr'>sanguine</span> <span class='ocrx_word' id='word_1_1359' title='bbox 1510 910 1619 937; x_wconf 81' lang='lat' dir='ltr'>pugnae.</span> <span class='ocrx_word' id='word_1_1360' title='bbox 1671 904 1701 928; x_wconf 81' lang='lat' dir='ltr'>Et</span> <span class='ocrx_word' id='word_1_1361' title='bbox 1717 899 1839 927; x_wconf 83' lang='lat' dir='ltr'>Bacchid.</span> <span class='ocrx_word' id='word_1_1362' title='bbox 1861 907 1883 931; x_wconf 72' lang='grc' dir='ltr'>ς,</span> <span class='ocrx_word' id='word_1_1363' title='bbox 1899 907 1918 931; x_wconf 93' lang='grc' dir='ltr'>ι,</span> <span class='ocrx_word' id='word_1_1364' title='bbox 1937 904 1949 929; x_wconf 80' lang='lat'>5</span> <span class='ocrx_word' id='word_1_1365' title='bbox 1971 897 2055 929; x_wconf 75' lang='lat' dir='ltr'>Magis</span> <span class='ocrx_word' id='word_1_1366' title='bbox 2068 905 2146 931; x_wconf 86' lang='lat' dir='ltr'>quam</span> <span class='ocrx_word' id='word_1_1367' title='bbox 2160 895 2188 921; x_wconf 90' lang='lat' dir='ltr'>id</span> <span class='ocrx_word' id='word_1_1368' title='bbox 2202 903 2308 929; x_wconf 83' lang='lat' dir='ltr'>reputo,</span> 
     </span>
     <span class='ocr_line' id='line_1_153' title="bbox 1252 933 2307 974; baseline -0.01 -7"><span class='ocrx_word' id='word_1_1369' title='bbox 1252 947 1305 968; x_wconf 90' lang='lat' dir='ltr'>tam</span> <span class='ocrx_word' id='word_1_1370' title='bbox 1320 939 1403 974; x_wconf 80' lang='lat' dir='ltr'>magis</span> <span class='ocrx_word' id='word_1_1371' title='bbox 1416 948 1491 971; x_wconf 79' lang='lat' dir='ltr'>vror,</span> <span class='ocrx_word' id='word_1_1372' title='bbox 1505 946 1572 972; x_wconf 86' lang='lat' dir='ltr'>quae</span> <span class='ocrx_word' id='word_1_1373' title='bbox 1589 946 1661 964; x_wconf 84' lang='lat' dir='ltr'>incus</span> <span class='ocrx_word' id='word_1_1374' title='bbox 1675 937 1744 963; x_wconf 80' lang='lat' dir='ltr'>tilius</span> <span class='ocrx_word' id='word_1_1375' title='bbox 1758 936 1887 963; x_wconf 86' lang='lat' dir='ltr'>turbauit.</span> <span class='ocrx_word' id='word_1_1376' title='bbox 1935 934 1965 959; x_wconf 78' lang='lat' dir='ltr'>Et</span> <span class='ocrx_word' id='word_1_1377' title='bbox 1984 933 2070 959; x_wconf 86' lang='lat' dir='ltr'>Truc.</span> <span class='ocrx_word' id='word_1_1378' title='bbox 2087 941 2105 962; x_wconf 75' lang='grc' dir='ltr'>ι,</span> <span class='ocrx_word' id='word_1_1379' title='bbox 2120 940 2146 964; x_wconf 82' lang='lat'>2,</span> <span class='ocrx_word' id='word_1_1380' title='bbox 2159 934 2194 963; x_wconf 87' lang='lat'>69</span> <span class='ocrx_word' id='word_1_1381' title='bbox 2218 934 2307 967; x_wconf 71' lang='lat' dir='ltr'>Quam</span> 
     </span>
     <span class='ocr_line' id='line_1_154' title="bbox 1251 968 2309 1012; baseline -0.009 -9"><span class='ocrx_word' id='word_1_1382' title='bbox 1251 978 1369 1012; x_wconf 88' lang='lat' dir='ltr'>primum</span> <span class='ocrx_word' id='word_1_1383' title='bbox 1387 974 1532 1009; x_wconf 81' lang='lat' dir='ltr'>expugnari</span> <span class='ocrx_word' id='word_1_1384' title='bbox 1554 973 1637 1008; x_wconf 85' lang='lat' dir='ltr'>potest</span> <span class='ocrx_word' id='word_1_1385' title='bbox 1656 979 1776 1004; x_wconf 80' lang='lat' dir='ltr'>amator,</span> <span class='ocrx_word' id='word_1_1386' title='bbox 1795 975 1885 1004; x_wconf 83' lang='lat' dir='ltr'>(tam)</span> <span class='ocrx_word' id='word_1_1387' title='bbox 1906 969 2038 1004; x_wconf 90' lang='lat' dir='ltr'>optimum</span> <span class='ocrx_word' id='word_1_1388' title='bbox 2058 968 2094 994; x_wconf 87' lang='lat' dir='ltr'>est</span> <span class='ocrx_word' id='word_1_1389' title='bbox 2108 968 2218 994; x_wconf 83' lang='lat' dir='ltr'>amicae.</span> <span class='ocrx_word' id='word_1_1390' title='bbox 2277 969 2309 994; x_wconf 78' lang='grc' dir='ltr'>Ετ</span> 
     </span>
     <span class='ocr_line' id='line_1_155' title="bbox 1252 1003 2308 1045; baseline -0.009 -6"><span class='ocrx_word' id='word_1_1391' title='bbox 1252 1014 1323 1040; x_wconf 82' lang='lat' dir='ltr'>Men.</span> <span class='ocrx_word' id='word_1_1392' title='bbox 1341 1021 1360 1043; x_wconf 90' lang='lat'>1,</span> <span class='ocrx_word' id='word_1_1393' title='bbox 1376 1020 1395 1045; x_wconf 88' lang='grc' dir='ltr'>ι,</span> <span class='ocrx_word' id='word_1_1394' title='bbox 1416 1019 1443 1043; x_wconf 85' lang='grc' dir='ltr'>ι9</span> <span class='ocrx_word' id='word_1_1395' title='bbox 1463 1012 1551 1044; x_wconf 84' lang='lat' dir='ltr'>Qiam</span> <span class='ocrx_word' id='word_1_1396' title='bbox 1568 1009 1649 1043; x_wconf 78' lang='lat' dir='ltr'>magis</span> <span class='ocrx_word' id='word_1_1397' title='bbox 1664 1008 1799 1040; x_wconf 84' lang='lat' dir='ltr'>intendas,</span> <span class='ocrx_word' id='word_1_1398' title='bbox 1820 1013 1893 1034; x_wconf 88' lang='lat' dir='ltr'>tanto</span> <span class='ocrx_word' id='word_1_1399' title='bbox 1906 1005 2071 1039; x_wconf 80' lang='lat' dir='ltr'>adstringunt</span> <span class='ocrx_word' id='word_1_1400' title='bbox 2092 1003 2200 1030; x_wconf 66' lang='lat' dir='ltr'>are&#39;tius.</span> <span class='ocrx_word' id='word_1_1401' title='bbox 2257 1004 2308 1030; x_wconf 91' lang='lat' dir='ltr'>Lu-</span> 
     </span>
     <span class='ocr_line' id='line_1_156' title="bbox 1252 1039 2308 1080; baseline -0.009 -5"><span class='ocrx_word' id='word_1_1402' title='bbox 1252 1055 1315 1075; x_wconf 83' lang='lat' dir='ltr'>crct.</span> <span class='ocrx_word' id='word_1_1403' title='bbox 1328 1051 1354 1080; x_wconf 88' lang='lat'>6,</span> <span class='ocrx_word' id='word_1_1404' title='bbox 1368 1052 1411 1080; x_wconf 81' lang='lat'>438</span> <span class='ocrx_word' id='word_1_1405' title='bbox 1447 1046 1542 1072; x_wconf 87' lang='lat' dir='ltr'>Vicina</span> <span class='ocrx_word' id='word_1_1406' title='bbox 1556 1045 1692 1072; x_wconf 84' lang='lat' dir='ltr'>cacumina</span> <span class='ocrx_word' id='word_1_1407' title='bbox 1710 1044 1781 1069; x_wconf 78' lang='lat' dir='ltr'>caelo</span> <span class='ocrx_word' id='word_1_1408' title='bbox 1821 1044 1908 1076; x_wconf 87' lang='lat' dir='ltr'>Qiam</span> <span class='ocrx_word' id='word_1_1409' title='bbox 1922 1041 1970 1067; x_wconf 80' lang='lat' dir='ltr'>sint</span> <span class='ocrx_word' id='word_1_1410' title='bbox 1983 1049 2102 1076; x_wconf 83' lang='lat' dir='ltr'>quaeque</span> <span class='ocrx_word' id='word_1_1411' title='bbox 2120 1039 2219 1074; x_wconf 80' lang='lat' dir='ltr'>magis,</span> <span class='ocrx_word' id='word_1_1412' title='bbox 2235 1045 2308 1066; x_wconf 84' lang='lat' dir='ltr'>tanto</span> 
     </span>
     <span class='ocr_line' id='line_1_157' title="bbox 1252 1082 1740 1119; baseline -0.012 -8"><span class='ocrx_word' id='word_1_1413' title='bbox 1252 1085 1335 1119; x_wconf 87' lang='lat' dir='ltr'>magis</span> <span class='ocrx_word' id='word_1_1414' title='bbox 1348 1083 1419 1110; x_wconf 87' lang='lat' dir='ltr'>edita</span> <span class='ocrx_word' id='word_1_1415' title='bbox 1433 1082 1546 1108; x_wconf 80' lang='lat' dir='ltr'>sument.</span> <span class='ocrx_word' id='word_1_1416' title='bbox 1600 1082 1629 1107; x_wconf 76' lang='lat' dir='ltr'>Et</span> <span class='ocrx_word' id='word_1_1417' title='bbox 1651 1088 1677 1112; x_wconf 90' lang='lat'>2,</span> <span class='ocrx_word' id='word_1_1418' title='bbox 1695 1082 1740 1111; x_wconf 81' lang='lat'>568</span> 
     </span>
    </p>

    <p class='ocr_par' dir='ltr' id='par_1_46' title="bbox 1410 1110 2130 1152">
     <span class='ocr_line' id='line_1_158' title="bbox 1410 1110 2130 1152; baseline -0.013 -7"><span class='ocrx_word' id='word_1_1419' title='bbox 1410 1118 1441 1144; x_wconf 85' lang='lat' dir='ltr'>Et</span> <span class='ocrx_word' id='word_1_1420' title='bbox 1455 1126 1534 1152; x_wconf 84' lang='lat' dir='ltr'>quam</span> <span class='ocrx_word' id='word_1_1421' title='bbox 1549 1115 1667 1151; x_wconf 84' lang='lat' dir='ltr'>quidque</span> <span class='ocrx_word' id='word_1_1422' title='bbox 1681 1114 1764 1149; x_wconf 81' lang='lat' dir='ltr'>magis</span> <span class='ocrx_word' id='word_1_1423' title='bbox 1778 1113 1873 1139; x_wconf 87' lang='lat' dir='ltr'>inultas</span> <span class='ocrx_word' id='word_1_1424' title='bbox 1887 1113 1927 1138; x_wconf 86' lang='lat' dir='ltr'>vis</span> <span class='ocrx_word' id='word_1_1425' title='bbox 1941 1110 2047 1146; x_wconf 73' lang='lat' dir='ltr'>possidet</span> <span class='ocrx_word' id='word_1_1426' title='bbox 2062 1110 2089 1137; x_wconf 88' lang='lat' dir='ltr'>iu</span> <span class='ocrx_word' id='word_1_1427' title='bbox 2104 1111 2130 1137; x_wconf 80' lang='lat' dir='ltr'>se</span> 
     </span>
    </p>

    <p class='ocr_par' dir='ltr' id='par_1_47' title="bbox 1409 1148 2043 1188">
     <span class='ocr_line' id='line_1_159' title="bbox 1409 1148 2043 1188; baseline -0.013 -8"><span class='ocrx_word' id='word_1_1428' title='bbox 1409 1156 1496 1188; x_wconf 83' lang='lat' dir='ltr'>Atque</span> <span class='ocrx_word' id='word_1_1429' title='bbox 1515 1152 1664 1188; x_wconf 80' lang='lat' dir='ltr'>potestates,</span> <span class='ocrx_word' id='word_1_1430' title='bbox 1686 1151 1720 1176; x_wconf 88' lang='lat' dir='ltr'>ita</span> <span class='ocrx_word' id='word_1_1431' title='bbox 1742 1150 1827 1184; x_wconf 89' lang='lat' dir='ltr'>pluria</span> <span class='ocrx_word' id='word_1_1432' title='bbox 1848 1148 2043 1183; x_wconf 85' lang='lat' dir='ltr'>principiorum</span> 
     </span>
    </p>

    <p class='ocr_par' dir='ltr' id='par_1_48' title="bbox 1247 1182 2313 2793">
     <span class='ocr_line' id='line_1_160' title="bbox 1409 1182 2041 1224; baseline -0.014 -8"><span class='ocrx_word' id='word_1_1433' title='bbox 1409 1191 1439 1216; x_wconf 83' lang='lat' dir='ltr'>In</span> <span class='ocrx_word' id='word_1_1434' title='bbox 1455 1191 1507 1216; x_wconf 83' lang='lat' dir='ltr'>sese</span> <span class='ocrx_word' id='word_1_1435' title='bbox 1520 1197 1626 1224; x_wconf 80' lang='lat' dir='ltr'>genera,</span> <span class='ocrx_word' id='word_1_1436' title='bbox 1642 1196 1670 1213; x_wconf 83' lang='lat' dir='ltr'>ac</span> <span class='ocrx_word' id='word_1_1437' title='bbox 1686 1186 1770 1212; x_wconf 84' lang='lat' dir='ltr'>varias</span> <span class='ocrx_word' id='word_1_1438' title='bbox 1785 1185 1860 1211; x_wconf 81' lang='lat' dir='ltr'>docet</span> <span class='ocrx_word' id='word_1_1439' title='bbox 1875 1185 1923 1210; x_wconf 72' lang='lat' dir='ltr'>ess‘e</span> <span class='ocrx_word' id='word_1_1440' title='bbox 1936 1182 2041 1217; x_wconf 71' lang='lat' dir='ltr'>figuras.</span> 
     </span>
     <span class='ocr_line' id='line_1_161' title="bbox 1252 1216 2311 1259; baseline -0.008 -6"><span class='ocrx_word' id='word_1_1441' title='bbox 1252 1228 1284 1254; x_wconf 79' lang='lat' dir='ltr'>Ee</span> <span class='ocrx_word' id='word_1_1442' title='bbox 1301 1234 1329 1259; x_wconf 88' lang='lat'>4,</span> <span class='ocrx_word' id='word_1_1443' title='bbox 1344 1228 1405 1256; x_wconf 75' lang='lat'>1086</span> <span class='ocrx_word' id='word_1_1444' title='bbox 1426 1228 1513 1259; x_wconf 76' lang='lat' dir='ltr'>Qam</span> <span class='ocrx_word' id='word_1_1445' title='bbox 1530 1224 1616 1259; x_wconf 86' lang='lat' dir='ltr'>pluria</span> <span class='ocrx_word' id='word_1_1446' title='bbox 1631 1222 1767 1254; x_wconf 81' lang='lat' dir='ltr'>habemus,</span> <span class='ocrx_word' id='word_1_1447' title='bbox 1787 1221 1860 1247; x_wconf 87' lang='lat' dir='ltr'>Tam</span> <span class='ocrx_word' id='word_1_1448' title='bbox 1874 1219 1956 1253; x_wconf 80' lang='lat' dir='ltr'>inagis</span> <span class='ocrx_word' id='word_1_1449' title='bbox 1970 1217 2081 1244; x_wconf 85' lang='lat' dir='ltr'>ardescit</span> <span class='ocrx_word' id='word_1_1450' title='bbox 2094 1216 2152 1243; x_wconf 86' lang='lat' dir='ltr'>dira</span> <span class='ocrx_word' id='word_1_1451' title='bbox 2165 1216 2311 1252; x_wconf 85' lang='lat' dir='ltr'>cuppedine</span> 
     </span>
     <span class='ocr_line' id='line_1_162' title="bbox 1252 1252 2311 1297; baseline -0.008 -8"><span class='ocrx_word' id='word_1_1452' title='bbox 1252 1261 1350 1297; x_wconf 65' lang='lat' dir='ltr'>pcc‘ius.</span> <span class='ocrx_word' id='word_1_1453' title='bbox 1437 1257 1476 1288; x_wconf 64' lang='lat' dir='ltr'>1)st</span> <span class='ocrx_word' id='word_1_1454' title='bbox 1495 1268 1543 1288; x_wconf 79' lang='lat' dir='ltr'>ret.</span> <span class='ocrx_word' id='word_1_1455' title='bbox 1566 1269 1590 1292; x_wconf 90' lang='lat' dir='ltr'>i,</span> <span class='ocrx_word' id='word_1_1456' title='bbox 1609 1267 1654 1293; x_wconf 74' lang='lat'>537</span> <span class='ocrx_word' id='word_1_1457' title='bbox 1679 1259 1709 1284; x_wconf 84' lang='lat' dir='ltr'>Et</span> <span class='ocrx_word' id='word_1_1458' title='bbox 1729 1265 1810 1292; x_wconf 86' lang='lat' dir='ltr'>quarn</span> <span class='ocrx_word' id='word_1_1459' title='bbox 1823 1264 1944 1291; x_wconf 84' lang='lat' dir='ltr'>quaeque</span> <span class='ocrx_word' id='word_1_1460' title='bbox 1957 1254 2038 1289; x_wconf 81' lang='lat' dir='ltr'>magis</span> <span class='ocrx_word' id='word_1_1461' title='bbox 2061 1252 2170 1279; x_wconf 84' lang='lat' dir='ltr'>cohibet</span> <span class='ocrx_word' id='word_1_1462' title='bbox 2183 1262 2224 1280; x_wconf 91' lang='lat' dir='ltr'>res</span> <span class='ocrx_word' id='word_1_1463' title='bbox 2240 1253 2311 1280; x_wconf 81' lang='lat' dir='ltr'>intus</span> 
     </span>
     <span class='ocr_line' id='line_1_163' title="bbox 1251 1287 2310 1332; baseline -0.012 -7"><span class='ocrx_word' id='word_1_1464' title='bbox 1251 1300 1346 1330; x_wconf 84' lang='lat' dir='ltr'>inane,</span> <span class='ocrx_word' id='word_1_1465' title='bbox 1383 1295 1477 1327; x_wconf 64' lang='lat' dir='ltr'>Tanl?⁷</span> <span class='ocrx_word' id='word_1_1466' title='bbox 1507 1298 1560 1332; x_wconf 81' lang='lat' dir='ltr'>agis</span> <span class='ocrx_word' id='word_1_1467' title='bbox 1575 1296 1615 1322; x_wconf 86' lang='lat' dir='ltr'>his</span> <span class='ocrx_word' id='word_1_1468' title='bbox 1635 1294 1715 1321; x_wconf 87' lang='lat' dir='ltr'>rebus</span> <span class='ocrx_word' id='word_1_1469' title='bbox 1729 1294 1832 1328; x_wconf 87' lang='lat' dir='ltr'>penitus</span> <span class='ocrx_word' id='word_1_1470' title='bbox 1846 1297 1943 1318; x_wconf 72' lang='lat' dir='ltr'>tentata</span> <span class='ocrx_word' id='word_1_1471' title='bbox 1964 1289 2078 1316; x_wconf 87' lang='lat' dir='ltr'>labascit.</span> <span class='ocrx_word' id='word_1_1472' title='bbox 2256 1287 2277 1326; x_wconf 60' lang='lat' dir='ltr'>fl</span> <span class='ocrx_word' id='word_1_1473' title='bbox 2298 1297 2310 1321; x_wconf 70' lang='grc' dir='ltr'><em>ς</em></span> 
     </span>
     <span class='ocr_line' id='line_1_164' title="bbox 1250 1324 2309 1370; baseline -0.008 -10"><span class='ocrx_word' id='word_1_1474' title='bbox 1250 1336 1354 1370; x_wconf 78' lang='lat' dir='ltr'>Qiam,</span> <span class='ocrx_word' id='word_1_1475' title='bbox 1371 1340 1417 1370; x_wconf 88' lang='lat' dir='ltr'>pro</span> <span class='ocrx_word' id='word_1_1476' title='bbox 1434 1336 1576 1369; x_wconf 70' lang='lat' dir='ltr'>Qimziicm,</span> <span class='ocrx_word' id='word_1_1477' title='bbox 1602 1332 1823 1367; x_wconf 72' lang='lat' dir='ltr'>Interrogatiuutii,</span> <span class='ocrx_word' id='word_1_1478' title='bbox 1845 1329 1885 1355; x_wconf 68' lang='lat' dir='ltr'>uel</span> <span class='ocrx_word' id='word_1_1479' title='bbox 1894 1328 2064 1354; x_wconf 68' lang='lat' dir='ltr'>exclamantis.</span> <span class='ocrx_word' id='word_1_1480' title='bbox 2120 1324 2234 1351; x_wconf 84' lang='lat' dir='ltr'>Terent.</span> <span class='ocrx_word' id='word_1_1481' title='bbox 2244 1325 2309 1352; x_wconf 79' lang='lat' dir='ltr'>Eun.</span> 
     </span>
     <span class='ocr_line' id='line_1_165' title="bbox 1252 1361 2311 1404; baseline -0.012 -7"><span class='ocrx_word' id='word_1_1482' title='bbox 1252 1379 1275 1403; x_wconf 89' lang='lat'>2,</span> <span class='ocrx_word' id='word_1_1483' title='bbox 1290 1379 1314 1403; x_wconf 87' lang='lat'>2,</span> <span class='ocrx_word' id='word_1_1484' title='bbox 1331 1379 1370 1404; x_wconf 81' lang='lat'>44</span> <span class='ocrx_word' id='word_1_1485' title='bbox 1396 1372 1483 1402; x_wconf 85' lang='lat' dir='ltr'>Qiam</span> <span class='ocrx_word' id='word_1_1486' title='bbox 1505 1368 1554 1395; x_wconf 84' lang='lat' dir='ltr'>hoc</span> <span class='ocrx_word' id='word_1_1487' title='bbox 1575 1375 1670 1394; x_wconf 83' lang='lat' dir='ltr'>munus</span> <span class='ocrx_word' id='word_1_1488' title='bbox 1685 1372 1788 1400; x_wconf 82' lang='lat' dir='ltr'>gratum</span> <span class='ocrx_word' id='word_1_1489' title='bbox 1808 1363 1913 1390; x_wconf 83' lang='lat' dir='ltr'>Thaidi</span> <span class='ocrx_word' id='word_1_1490' title='bbox 1928 1362 2058 1388; x_wconf 84' lang='lat' dir='ltr'>arbitrare</span> <span class='ocrx_word' id='word_1_1491' title='bbox 2076 1361 2124 1386; x_wconf 76' lang='lat' dir='ltr'>eise</span> <span class='ocrx_word' id='word_1_1492' title='bbox 2140 1361 2149 1386; x_wconf 78' lang='lat'>3</span> <span class='ocrx_word' id='word_1_1493' title='bbox 2210 1361 2235 1387; x_wconf 92' lang='lat' dir='ltr'>O</span> <span class='ocrx_word' id='word_1_1494' title='bbox 2253 1369 2311 1387; x_wconf 82' lang='lat' dir='ltr'>rem</span> 
     </span>
     <span class='ocr_line' id='line_1_166' title="bbox 1251 1395 2311 1439; baseline -0.008 -7"><span class='ocrx_word' id='word_1_1495' title='bbox 1251 1405 1405 1438; x_wconf 82' lang='lat' dir='ltr'>difficilem,</span> <span class='ocrx_word' id='word_1_1496' title='bbox 1425 1406 1554 1439; x_wconf 86' lang='lat' dir='ltr'>planeque</span> <span class='ocrx_word' id='word_1_1497' title='bbox 1575 1401 1718 1438; x_wconf 85' lang='lat' dir='ltr'>perditam!</span> <span class='ocrx_word' id='word_1_1498' title='bbox 1756 1408 1834 1434; x_wconf 87' lang='lat' dir='ltr'>quain</span> <span class='ocrx_word' id='word_1_1499' title='bbox 1855 1398 1923 1424; x_wconf 89' lang='lat' dir='ltr'>nihil</span> <span class='ocrx_word' id='word_1_1500' title='bbox 1942 1396 2129 1432; x_wconf 81' lang='lat' dir='ltr'>praetermiitis</span> <span class='ocrx_word' id='word_1_1501' title='bbox 2150 1395 2178 1422; x_wconf 92' lang='lat' dir='ltr'>iu</span> <span class='ocrx_word' id='word_1_1502' title='bbox 2200 1396 2311 1423; x_wconf 78' lang='lat' dir='ltr'>consilio</span> 
     </span>
     <span class='ocr_line' id='line_1_167' title="bbox 1253 1431 2311 1474; baseline -0.01 -6"><span class='ocrx_word' id='word_1_1503' title='bbox 1253 1441 1354 1467; x_wconf 85' lang='lat' dir='ltr'>dando!</span> <span class='ocrx_word' id='word_1_1504' title='bbox 1381 1450 1461 1474; x_wconf 85' lang='lat' dir='ltr'>quam</span> <span class='ocrx_word' id='word_1_1505' title='bbox 1482 1440 1550 1466; x_wconf 80' lang='lat' dir='ltr'>nihil</span> <span class='ocrx_word' id='word_1_1506' title='bbox 1572 1446 1674 1467; x_wconf 82' lang='lat' dir='ltr'>tamen.</span> <span class='ocrx_word' id='word_1_1507' title='bbox 1694 1435 1766 1471; x_wconf 88' lang='lat' dir='ltr'>quod</span> <span class='ocrx_word' id='word_1_1508' title='bbox 1785 1434 1835 1461; x_wconf 88' lang='lat' dir='ltr'>tibi</span> <span class='ocrx_word' id='word_1_1509' title='bbox 1852 1434 1897 1467; x_wconf 77' lang='lat' dir='ltr'>ipsi</span> <span class='ocrx_word' id='word_1_1510' title='bbox 1914 1433 2027 1467; x_wconf 82' lang='lat' dir='ltr'>placeat,</span> <span class='ocrx_word' id='word_1_1511' title='bbox 2040 1431 2168 1464; x_wconf 73' lang='lat' dir='ltr'>explicas!</span> <span class='ocrx_word' id='word_1_1512' title='bbox 2190 1432 2311 1458; x_wconf 82' lang='lat' dir='ltr'>Cic.Att.</span> 
     </span>
     <span class='ocr_line' id='line_1_168' title="bbox 1252 1465 2313 1509; baseline -0.014 -5"><span class='ocrx_word' id='word_1_1513' title='bbox 1252 1485 1280 1509; x_wconf 86' lang='lat'>9,</span> <span class='ocrx_word' id='word_1_1514' title='bbox 1296 1485 1320 1502; x_wconf 86' lang='lat'>2.</span> <span class='ocrx_word' id='word_1_1515' title='bbox 1375 1476 1489 1502; x_wconf 82' lang='lat' dir='ltr'>Terent.</span> <span class='ocrx_word' id='word_1_1516' title='bbox 1500 1475 1580 1501; x_wconf 83' lang='lat' dir='ltr'>Andr.</span> <span class='ocrx_word' id='word_1_1517' title='bbox 1592 1482 1610 1504; x_wconf 88' lang='lat'>1,</span> <span class='ocrx_word' id='word_1_1518' title='bbox 1625 1482 1644 1505; x_wconf 87' lang='grc' dir='ltr'>ι,</span> <span class='ocrx_word' id='word_1_1519' title='bbox 1659 1481 1706 1498; x_wconf 87' lang='lat'>100</span> <span class='ocrx_word' id='word_1_1520' title='bbox 1726 1473 1812 1502; x_wconf 85' lang='lat' dir='ltr'>Qiam</span> <span class='ocrx_word' id='word_1_1521' title='bbox 1827 1470 1910 1495; x_wconf 88' lang='lat' dir='ltr'>timeo</span> <span class='ocrx_word' id='word_1_1522' title='bbox 1924 1468 2050 1500; x_wconf 84' lang='lat' dir='ltr'>quorsum</span> <span class='ocrx_word' id='word_1_1523' title='bbox 2064 1465 2172 1492; x_wconf 83' lang='lat' dir='ltr'>euadas!</span> <span class='ocrx_word' id='word_1_1524' title='bbox 2252 1468 2313 1493; x_wconf 83' lang='lat' dir='ltr'>Per.</span> 
     </span>
     <span class='ocr_line' id='line_1_169' title="bbox 1252 1502 2311 1545; baseline -0.009 -9"><span class='ocrx_word' id='word_1_1525' title='bbox 1252 1511 1360 1545; x_wconf 80' lang='lat' dir='ltr'>spexisse</span> <span class='ocrx_word' id='word_1_1526' title='bbox 1381 1512 1450 1536; x_wconf 89' lang='lat' dir='ltr'>mihi</span> <span class='ocrx_word' id='word_1_1527' title='bbox 1475 1509 1603 1539; x_wconf 82' lang='lat' dir='ltr'>videbar,</span> <span class='ocrx_word' id='word_1_1528' title='bbox 1636 1516 1715 1541; x_wconf 87' lang='lat' dir='ltr'>quam</span> <span class='ocrx_word' id='word_1_1529' title='bbox 1741 1504 1876 1531; x_wconf 78' lang='lat' dir='ltr'>festinares</span> <span class='ocrx_word' id='word_1_1530' title='bbox 1899 1503 2024 1529; x_wconf 77' lang='lat' dir='ltr'>decedere</span> <span class='ocrx_word' id='word_1_1531' title='bbox 2063 1502 2118 1528; x_wconf 75' lang='lat' dir='ltr'>Cic.</span> <span class='ocrx_word' id='word_1_1532' title='bbox 2137 1502 2208 1528; x_wconf 81' lang='lat' dir='ltr'>Fam.</span> <span class='ocrx_word' id='word_1_1533' title='bbox 2234 1511 2263 1534; x_wconf 80' lang='lat'>3,</span> <span class='ocrx_word' id='word_1_1534' title='bbox 2285 1504 2311 1529; x_wconf 88' lang='lat'>6.</span> 
     </span>
     <span class='ocr_line' id='line_1_170' title="bbox 1253 1538 2312 1578; baseline -0.008 -7"><span class='ocrx_word' id='word_1_1535' title='bbox 1253 1548 1341 1578; x_wconf 86' lang='lat' dir='ltr'>Qiam</span> <span class='ocrx_word' id='word_1_1536' title='bbox 1356 1555 1460 1577; x_wconf 88' lang='lat' dir='ltr'>vereor,</span> <span class='ocrx_word' id='word_1_1537' title='bbox 1474 1555 1507 1571; x_wconf 84' lang='lat' dir='ltr'>ne</span> <span class='ocrx_word' id='word_1_1538' title='bbox 1522 1543 1586 1578; x_wconf 89' lang='lat' dir='ltr'>quid</span> <span class='ocrx_word' id='word_1_1539' title='bbox 1600 1542 1682 1569; x_wconf 87' lang='lat' dir='ltr'>fuerit</span> <span class='ocrx_word' id='word_1_1540' title='bbox 1697 1539 1864 1575; x_wconf 64' lang='lat' dir='ltr'>oniscloem‘rrfou</span> <span class='ocrx_word' id='word_1_1541' title='bbox 1887 1539 1960 1566; x_wconf 81' lang='lat' dir='ltr'>Idem</span> <span class='ocrx_word' id='word_1_1542' title='bbox 1977 1540 2030 1564; x_wconf 88' lang='lat' dir='ltr'>Att.</span> <span class='ocrx_word' id='word_1_1543' title='bbox 2053 1547 2073 1570; x_wconf 73' lang='grc' dir='ltr'>ς,</span> <span class='ocrx_word' id='word_1_1544' title='bbox 2088 1546 2109 1569; x_wconf 81' lang='lat'>3.</span> <span class='ocrx_word' id='word_1_1545' title='bbox 2215 1538 2312 1571; x_wconf 85' lang='lat' dir='ltr'>Qiam,</span> 
     </span>
     <span class='ocr_line' id='line_1_171' title="bbox 1252 1573 2311 1608; baseline -0.006 -2"><span class='ocrx_word' id='word_1_1546' title='bbox 1252 1591 1306 1607; x_wconf 79' lang='lat' dir='ltr'>cum</span> <span class='ocrx_word' id='word_1_1547' title='bbox 1323 1580 1481 1607; x_wconf 53' lang='lat' dir='ltr'>indicativo:</span> <span class='ocrx_word' id='word_1_1548' title='bbox 1537 1581 1594 1606; x_wconf 85' lang='lat' dir='ltr'>Cic.</span> <span class='ocrx_word' id='word_1_1549' title='bbox 1609 1578 1635 1603; x_wconf 84' lang='lat' dir='ltr'>in</span> <span class='ocrx_word' id='word_1_1550' title='bbox 1644 1578 1720 1603; x_wconf 80' lang='lat' dir='ltr'>Vcrr.</span> <span class='ocrx_word' id='word_1_1551' title='bbox 1762 1596 1769 1601; x_wconf 92' lang='lat'>.</span> <span class='ocrx_word' id='word_1_1552' title='bbox 1808 1595 1814 1601; x_wconf 96' lang='lat'>.</span> <span class='ocrx_word' id='word_1_1553' title='bbox 1853 1595 1859 1600; x_wconf 86' lang='lat'>.</span> <span class='ocrx_word' id='word_1_1554' title='bbox 1896 1573 2056 1601; x_wconf 83' lang='lat' dir='ltr'>Incredibile</span> <span class='ocrx_word' id='word_1_1555' title='bbox 2070 1573 2106 1599; x_wconf 82' lang='lat' dir='ltr'>est</span> <span class='ocrx_word' id='word_1_1556' title='bbox 2120 1578 2219 1604; x_wconf 86' lang='lat' dir='ltr'>autem,</span> <span class='ocrx_word' id='word_1_1557' title='bbox 2231 1583 2311 1608; x_wconf 87' lang='lat' dir='ltr'>quam</span> 
     </span>
     <span class='ocr_line' id='line_1_172' title="bbox 1253 1610 2311 1650; baseline -0.009 -8"><span class='ocrx_word' id='word_1_1558' title='bbox 1253 1616 1334 1642; x_wconf 90' lang='lat' dir='ltr'>multa</span> <span class='ocrx_word' id='word_1_1559' title='bbox 1351 1622 1376 1642; x_wconf 84' lang='lat' dir='ltr'>et</span> <span class='ocrx_word' id='word_1_1560' title='bbox 1392 1624 1470 1650; x_wconf 87' lang='lat' dir='ltr'>quam</span> <span class='ocrx_word' id='word_1_1561' title='bbox 1484 1614 1618 1650; x_wconf 85' lang='lat' dir='ltr'>praeclara</span> <span class='ocrx_word' id='word_1_1562' title='bbox 1631 1614 1748 1640; x_wconf 84' lang='lat' dir='ltr'>fuerunt.</span> <span class='ocrx_word' id='word_1_1563' title='bbox 1833 1610 1881 1637; x_wconf 68' lang='lat' dir='ltr'>Sed</span> <span class='ocrx_word' id='word_1_1564' title='bbox 1898 1611 2012 1637; x_wconf 85' lang='lat' dir='ltr'>Terent.</span> <span class='ocrx_word' id='word_1_1565' title='bbox 2027 1611 2093 1636; x_wconf 85' lang='lat' dir='ltr'>Hec.</span> <span class='ocrx_word' id='word_1_1566' title='bbox 2107 1619 2135 1642; x_wconf 86' lang='lat'>4,</span> <span class='ocrx_word' id='word_1_1567' title='bbox 2150 1619 2178 1641; x_wconf 87' lang='lat'>4,</span> <span class='ocrx_word' id='word_1_1568' title='bbox 2192 1617 2219 1636; x_wconf 86' lang='lat' dir='ltr'>iz</span> <span class='ocrx_word' id='word_1_1569' title='bbox 2241 1611 2311 1636; x_wconf 78' lang='lat' dir='ltr'>Dum</span> 
     </span>
     <span class='ocr_line' id='line_1_173' title="bbox 1251 1645 2311 1685; baseline -0.006 -7"><span class='ocrx_word' id='word_1_1570' title='bbox 1251 1661 1285 1678; x_wconf 89' lang='lat' dir='ltr'>ne</span> <span class='ocrx_word' id='word_1_1571' title='bbox 1300 1651 1434 1683; x_wconf 85' lang='lat' dir='ltr'>reducam,</span> <span class='ocrx_word' id='word_1_1572' title='bbox 1448 1651 1556 1677; x_wconf 86' lang='lat' dir='ltr'>turbent</span> <span class='ocrx_word' id='word_1_1573' title='bbox 1569 1658 1650 1685; x_wconf 86' lang='lat' dir='ltr'>porro</span> <span class='ocrx_word' id='word_1_1574' title='bbox 1664 1657 1744 1682; x_wconf 84' lang='lat' dir='ltr'>quain</span> <span class='ocrx_word' id='word_1_1575' title='bbox 1759 1646 1853 1673; x_wconf 80' lang='lat' dir='ltr'>velint.</span> <span class='ocrx_word' id='word_1_1576' title='bbox 1945 1646 2001 1673; x_wconf 91' lang='lat' dir='ltr'>Cic.</span> <span class='ocrx_word' id='word_1_1577' title='bbox 2016 1654 2064 1680; x_wconf 88' lang='lat' dir='ltr'>pro</span> <span class='ocrx_word' id='word_1_1578' title='bbox 2078 1645 2148 1671; x_wconf 87' lang='lat' dir='ltr'>Cael.</span> <span class='ocrx_word' id='word_1_1579' title='bbox 2164 1653 2196 1671; x_wconf 87' lang='lat'>22</span> <span class='ocrx_word' id='word_1_1580' title='bbox 2223 1647 2311 1678; x_wconf 63' lang='lat' dir='ltr'>(Quam</span> 
     </span>
     <span class='ocr_line' id='line_1_174' title="bbox 1250 1681 2312 1722; baseline -0.006 -7"><span class='ocrx_word' id='word_1_1581' title='bbox 1250 1688 1317 1715; x_wconf 88' lang='lat' dir='ltr'>velit</span> <span class='ocrx_word' id='word_1_1582' title='bbox 1331 1688 1361 1714; x_wconf 78' lang='lat' dir='ltr'>fit</span> <span class='ocrx_word' id='word_1_1583' title='bbox 1380 1695 1481 1722; x_wconf 86' lang='lat' dir='ltr'>potens.</span> <span class='ocrx_word' id='word_1_1584' title='bbox 1562 1688 1650 1719; x_wconf 75' lang='lat' dir='ltr'>Quam</span> <span class='ocrx_word' id='word_1_1585' title='bbox 1663 1685 1691 1711; x_wconf 90' lang='lat' dir='ltr'>in</span> <span class='ocrx_word' id='word_1_1586' title='bbox 1704 1683 1793 1718; x_wconf 87' lang='lat' dir='ltr'>paucis</span> <span class='ocrx_word' id='word_1_1587' title='bbox 1809 1683 1878 1717; x_wconf 82' lang='lat' dir='ltr'>spes,</span> <span class='ocrx_word' id='word_1_1588' title='bbox 1901 1691 1980 1716; x_wconf 78' lang='lat' dir='ltr'>quain</span> <span class='ocrx_word' id='word_1_1589' title='bbox 2001 1682 2027 1707; x_wconf 86' lang='lat' dir='ltr'>in</span> <span class='ocrx_word' id='word_1_1590' title='bbox 2043 1681 2215 1716; x_wconf 84' lang='lat' dir='ltr'>paucioribus</span> <span class='ocrx_word' id='word_1_1591' title='bbox 2228 1681 2258 1708; x_wconf 80' lang='lat' dir='ltr'>fit</span> <span class='ocrx_word' id='word_1_1592' title='bbox 2272 1682 2312 1709; x_wconf 84' lang='lat' dir='ltr'>fa-</span> 
     </span>
     <span class='ocr_line' id='line_1_175' title="bbox 1252 1717 2311 1754; baseline -0.005 -5"><span class='ocrx_word' id='word_1_1593' title='bbox 1252 1725 1333 1750; x_wconf 75' lang='lat' dir='ltr'>cultas</span> <span class='ocrx_word' id='word_1_1594' title='bbox 1355 1725 1429 1750; x_wconf 81' lang='lat' dir='ltr'>[dem</span> <span class='ocrx_word' id='word_1_1595' title='bbox 1448 1722 1499 1750; x_wconf 78' lang='lat' dir='ltr'>off.</span> <span class='ocrx_word' id='word_1_1596' title='bbox 1513 1731 1528 1749; x_wconf 92' lang='lat'>2</span> <span class='ocrx_word' id='word_1_1597' title='bbox 1542 1732 1563 1748; x_wconf 86' lang='lat' dir='ltr'>c.</span> <span class='ocrx_word' id='word_1_1598' title='bbox 1581 1730 1615 1754; x_wconf 63' lang='grc' dir='ltr'>ιι).</span> <span class='ocrx_word' id='word_1_1599' title='bbox 1705 1720 1765 1746; x_wconf 83' lang='lat' dir='ltr'>Post</span> <span class='ocrx_word' id='word_1_1600' title='bbox 1784 1718 1830 1745; x_wconf 89' lang='lat' dir='ltr'>illa</span> <span class='ocrx_word' id='word_1_1601' title='bbox 1851 1725 1970 1753; x_wconf 83' lang='lat' dir='ltr'>tempora</span> <span class='ocrx_word' id='word_1_1602' title='bbox 1988 1724 2043 1744; x_wconf 83' lang='lat' dir='ltr'>ture</span> <span class='ocrx_word' id='word_1_1603' title='bbox 2065 1717 2129 1749; x_wconf 80' lang='lat' dir='ltr'>scis,</span> <span class='ocrx_word' id='word_1_1604' title='bbox 2148 1725 2227 1750; x_wconf 86' lang='lat' dir='ltr'>quam</span> <span class='ocrx_word' id='word_1_1605' title='bbox 2247 1718 2311 1744; x_wconf 87' lang='lat' dir='ltr'>inti-</span> 
     </span>
     <span class='ocr_line' id='line_1_176' title="bbox 1251 1753 2312 1789; baseline -0.006 -4"><span class='ocrx_word' id='word_1_1606' title='bbox 1251 1769 1325 1786; x_wconf 86' lang='lat' dir='ltr'>mum</span> <span class='ocrx_word' id='word_1_1607' title='bbox 1339 1766 1364 1786; x_wconf 92' lang='lat' dir='ltr'>te</span> <span class='ocrx_word' id='word_1_1608' title='bbox 1378 1758 1520 1786; x_wconf 85' lang='lat' dir='ltr'>habuerim</span> <span class='ocrx_word' id='word_1_1609' title='bbox 1540 1759 1614 1785; x_wconf 66' lang='lat' dir='ltr'>Ter.</span> <span class='ocrx_word' id='word_1_1610' title='bbox 1626 1758 1690 1783; x_wconf 87' lang='lat' dir='ltr'>Eun.</span> <span class='ocrx_word' id='word_1_1611' title='bbox 1713 1765 1733 1788; x_wconf 91' lang='lat' dir='ltr'>i,</span> <span class='ocrx_word' id='word_1_1612' title='bbox 1749 1765 1775 1788; x_wconf 85' lang='lat'>2,</span> <span class='ocrx_word' id='word_1_1613' title='bbox 1796 1763 1842 1789; x_wconf 91' lang='lat'>47.</span> <span class='ocrx_word' id='word_1_1614' title='bbox 1937 1755 2012 1786; x_wconf 84' lang='lat' dir='ltr'>Hoc,</span> <span class='ocrx_word' id='word_1_1615' title='bbox 2036 1753 2212 1787; x_wconf 83' lang='lat' dir='ltr'>quodcunque</span> <span class='ocrx_word' id='word_1_1616' title='bbox 2226 1753 2312 1786; x_wconf 83' lang='lat' dir='ltr'>vides,</span> 
     </span>
     <span class='ocr_line' id='line_1_177' title="bbox 1250 1789 2310 1830; baseline -0.007 -8"><span class='ocrx_word' id='word_1_1617' title='bbox 1250 1796 1354 1830; x_wconf 80' lang='lat' dir='ltr'>hospes,</span> <span class='ocrx_word' id='word_1_1618' title='bbox 1369 1804 1447 1829; x_wconf 82' lang='lat' dir='ltr'>quain</span> <span class='ocrx_word' id='word_1_1619' title='bbox 1461 1794 1576 1821; x_wconf 86' lang='lat' dir='ltr'>maxima</span> <span class='ocrx_word' id='word_1_1620' title='bbox 1591 1794 1676 1820; x_wconf 82' lang='lat' dir='ltr'>Roma</span> <span class='ocrx_word' id='word_1_1621' title='bbox 1691 1792 1743 1824; x_wconf 84' lang='lat' dir='ltr'>est,</span> <span class='ocrx_word' id='word_1_1622' title='bbox 1769 1792 1836 1817; x_wconf 83' lang='lat' dir='ltr'>Ante</span> <span class='ocrx_word' id='word_1_1623' title='bbox 1849 1789 1978 1823; x_wconf 75' lang='lat' dir='ltr'>Phrygem</span> <span class='ocrx_word' id='word_1_1624' title='bbox 1994 1791 2108 1816; x_wconf 82' lang='lat' dir='ltr'>Aeneam</span> <span class='ocrx_word' id='word_1_1625' title='bbox 2122 1789 2197 1815; x_wconf 80' lang='lat' dir='ltr'>collis</span> <span class='ocrx_word' id='word_1_1626' title='bbox 2212 1795 2238 1816; x_wconf 85' lang='lat' dir='ltr'>ct</span> <span class='ocrx_word' id='word_1_1627' title='bbox 2252 1789 2310 1815; x_wconf 91' lang='lat' dir='ltr'>her-</span> 
     </span>
     <span class='ocr_line' id='line_1_178' title="bbox 1253 1825 2311 1865; baseline -0.005 -8"><span class='ocrx_word' id='word_1_1628' title='bbox 1253 1832 1285 1858; x_wconf 89' lang='lat' dir='ltr'>ba</span> <span class='ocrx_word' id='word_1_1629' title='bbox 1301 1832 1354 1858; x_wconf 82' lang='lat' dir='ltr'>suit</span> <span class='ocrx_word' id='word_1_1630' title='bbox 1379 1833 1497 1865; x_wconf 82' lang='lat' dir='ltr'>Propert.</span> <span class='ocrx_word' id='word_1_1631' title='bbox 1517 1840 1545 1864; x_wconf 84' lang='lat'>4,</span> <span class='ocrx_word' id='word_1_1632' title='bbox 1564 1839 1573 1856; x_wconf 89' lang='lat'>1</span> <span class='ocrx_word' id='word_1_1633' title='bbox 1592 1837 1631 1865; x_wconf 80' lang='lat' dir='ltr'>pr.</span> <span class='ocrx_word' id='word_1_1634' title='bbox 1726 1826 1857 1861; x_wconf 53' lang='lat' dir='ltr'>Quinc-Til.</span> <span class='ocrx_word' id='word_1_1635' title='bbox 1875 1835 1883 1852; x_wconf 87' lang='lat'>1</span> <span class='ocrx_word' id='word_1_1636' title='bbox 1905 1827 1946 1852; x_wconf 86' lang='lat' dir='ltr'>Pr.</span> <span class='ocrx_word' id='word_1_1637' title='bbox 1961 1831 1974 1856; x_wconf 82' lang='lat'>8</span> <span class='ocrx_word' id='word_1_1638' title='bbox 2003 1826 2093 1858; x_wconf 81' lang='lat' dir='ltr'>Qiare</span> <span class='ocrx_word' id='word_1_1639' title='bbox 2109 1826 2135 1851; x_wconf 88' lang='lat' dir='ltr'>in</span> <span class='ocrx_word' id='word_1_1640' title='bbox 2150 1825 2190 1850; x_wconf 87' lang='lat' dir='ltr'>his</span> <span class='ocrx_word' id='word_1_1641' title='bbox 2203 1834 2311 1860; x_wconf 84' lang='lat' dir='ltr'>quoque</span> 
     </span>
     <span class='ocr_line' id='line_1_179' title="bbox 1251 1860 2311 1900; baseline -0.006 -6"><span class='ocrx_word' id='word_1_1642' title='bbox 1251 1866 1330 1894; x_wconf 80' lang='lat' dir='ltr'>libris</span> <span class='ocrx_word' id='word_1_1643' title='bbox 1352 1875 1430 1894; x_wconf 87' lang='lat' dir='ltr'>erunt</span> <span class='ocrx_word' id='word_1_1644' title='bbox 1448 1867 1539 1894; x_wconf 88' lang='lat' dir='ltr'>omnia</span> <span class='ocrx_word' id='word_1_1645' title='bbox 1560 1864 1763 1900; x_wconf 77' lang='lat' dir='ltr'>compositiora,</span> <span class='ocrx_word' id='word_1_1646' title='bbox 1793 1868 1818 1889; x_wconf 87' lang='lat' dir='ltr'>et</span> <span class='ocrx_word' id='word_1_1647' title='bbox 1841 1870 1919 1895; x_wconf 86' lang='lat' dir='ltr'>quam</span> <span class='ocrx_word' id='word_1_1648' title='bbox 1934 1871 1981 1889; x_wconf 78' lang='lat' dir='ltr'>nos</span> <span class='ocrx_word' id='word_1_1649' title='bbox 2001 1861 2148 1896; x_wconf 82' lang='lat' dir='ltr'>poterimus</span> <span class='ocrx_word' id='word_1_1650' title='bbox 2167 1860 2311 1888; x_wconf 81' lang='lat' dir='ltr'>elaborata.</span> 
     </span>
     <span class='ocr_line' id='line_1_180' title="bbox 1252 1894 2312 1937; baseline -0.008 -7"><span class='ocrx_word' id='word_1_1651' title='bbox 1252 1904 1305 1930; x_wconf 72' lang='lat' dir='ltr'>uid.</span> <span class='ocrx_word' id='word_1_1652' title='bbox 1331 1902 1395 1937; x_wconf 68' lang='lat' dir='ltr'>lf&#39;offl</span> <span class='ocrx_word' id='word_1_1653' title='bbox 1417 1904 1445 1929; x_wconf 68' lang='lat' dir='ltr'>ile</span> <span class='ocrx_word' id='word_1_1654' title='bbox 1465 1906 1530 1930; x_wconf 70' lang='lat' dir='ltr'>Arte</span> <span class='ocrx_word' id='word_1_1655' title='bbox 1551 1904 1689 1928; x_wconf 75' lang='lat' dir='ltr'>Grammat.</span> <span class='ocrx_word' id='word_1_1656' title='bbox 1709 1910 1734 1934; x_wconf 88' lang='lat'>7,</span> <span class='ocrx_word' id='word_1_1657' title='bbox 1757 1903 1786 1926; x_wconf 81' lang='lat'>61</span> <span class='ocrx_word' id='word_1_1658' title='bbox 1807 1906 1835 1934; x_wconf 85' lang='lat' dir='ltr'>p.</span> <span class='ocrx_word' id='word_1_1659' title='bbox 1853 1901 1907 1929; x_wconf 69' lang='lat'>³35·</span> <span class='ocrx_word' id='word_1_1660' title='bbox 2105 1894 2126 1934; x_wconf 58' lang='grc' dir='ltr'>ἢ</span> <span class='ocrx_word' id='word_1_1661' title='bbox 2156 1900 2172 1923; x_wconf 78' lang='lat'><em>6</em></span> <span class='ocrx_word' id='word_1_1662' title='bbox 2213 1898 2312 1930; x_wconf 75' lang='lat' dir='ltr'>Quini,</span> 
     </span>
     <span class='ocr_line' id='line_1_181' title="bbox 1251 1932 2309 1974; baseline -0.007 -8"><span class='ocrx_word' id='word_1_1663' title='bbox 1251 1941 1336 1972; x_wconf 79' lang='lat' dir='ltr'>Tam,</span> <span class='ocrx_word' id='word_1_1664' title='bbox 1355 1950 1408 1966; x_wconf 82' lang='lat' dir='ltr'>cum</span> <span class='ocrx_word' id='word_1_1665' title='bbox 1426 1941 1589 1974; x_wconf 60' lang='lat' dir='ltr'>superlatum.</span> <span class='ocrx_word' id='word_1_1666' title='bbox 1647 1937 1715 1963; x_wconf 90' lang='lat' dir='ltr'>Cato</span> <span class='ocrx_word' id='word_1_1667' title='bbox 1734 1945 1755 1962; x_wconf 89' lang='lat' dir='ltr'>c.</span> <span class='ocrx_word' id='word_1_1668' title='bbox 1770 1938 1802 1968; x_wconf 77' lang='lat'>65</span> <span class='ocrx_word' id='word_1_1669' title='bbox 1821 1935 1908 1967; x_wconf 80' lang='lat' dir='ltr'>Qiam</span> <span class='ocrx_word' id='word_1_1670' title='bbox 1923 1932 2082 1959; x_wconf 83' lang='lat' dir='ltr'>acerbiffima</span> <span class='ocrx_word' id='word_1_1671' title='bbox 2097 1936 2156 1960; x_wconf 83' lang='lat' dir='ltr'>olea</span> <span class='ocrx_word' id='word_1_1672' title='bbox 2169 1932 2259 1959; x_wconf 87' lang='lat' dir='ltr'>oleum</span> <span class='ocrx_word' id='word_1_1673' title='bbox 2273 1933 2309 1960; x_wconf 79' lang='lat' dir='ltr'>fa-</span> 
     </span>
     <span class='ocr_line' id='line_1_182' title="bbox 1252 1969 2310 2008; baseline -0.008 -6"><span class='ocrx_word' id='word_1_1674' title='bbox 1252 1985 1312 2007; x_wconf 55' lang='lat' dir='ltr'>cim,</span> <span class='ocrx_word' id='word_1_1675' title='bbox 1328 1984 1380 2001; x_wconf 86' lang='lat' dir='ltr'>tam</span> <span class='ocrx_word' id='word_1_1676' title='bbox 1393 1976 1484 2002; x_wconf 85' lang='lat' dir='ltr'>oleum</span> <span class='ocrx_word' id='word_1_1677' title='bbox 1498 1976 1630 2008; x_wconf 78' lang='lat' dir='ltr'>optimum</span> <span class='ocrx_word' id='word_1_1678' title='bbox 1646 1973 1706 1999; x_wconf 86' lang='lat' dir='ltr'>erit.</span> <span class='ocrx_word' id='word_1_1679' title='bbox 1800 1969 1901 1996; x_wconf 76' lang='lat' dir='ltr'>Sallust.</span> <span class='ocrx_word' id='word_1_1680' title='bbox 1924 1970 1952 1996; x_wconf 88' lang='lat' dir='ltr'>in</span> <span class='ocrx_word' id='word_1_1681' title='bbox 1970 1970 2027 2003; x_wconf 80' lang='lat' dir='ltr'>lug.</span> <span class='ocrx_word' id='word_1_1682' title='bbox 2041 1979 2063 1995; x_wconf 87' lang='lat' dir='ltr'>c.</span> <span class='ocrx_word' id='word_1_1683' title='bbox 2076 1978 2100 2001; x_wconf 76' lang='lat'>31</span> <span class='ocrx_word' id='word_1_1684' title='bbox 2125 1969 2217 2002; x_wconf 89' lang='lat' dir='ltr'>Itaque</span> <span class='ocrx_word' id='word_1_1685' title='bbox 2230 1977 2310 2002; x_wconf 91' lang='lat' dir='ltr'>quam</span> 
     </span>
     <span class='ocr_line' id='line_1_183' title="bbox 1251 2003 2310 2046; baseline -0.008 -8"><span class='ocrx_word' id='word_1_1686' title='bbox 1251 2012 1364 2046; x_wconf 82' lang='lat' dir='ltr'>quisque</span> <span class='ocrx_word' id='word_1_1687' title='bbox 1376 2011 1478 2046; x_wconf 84' lang='lat' dir='ltr'>pellime</span> <span class='ocrx_word' id='word_1_1688' title='bbox 1493 2012 1566 2043; x_wconf 80' lang='lat' dir='ltr'>fecit,</span> <span class='ocrx_word' id='word_1_1689' title='bbox 1579 2017 1630 2036; x_wconf 84' lang='lat' dir='ltr'>tam</span> <span class='ocrx_word' id='word_1_1690' title='bbox 1645 2008 1760 2035; x_wconf 78' lang='lat' dir='ltr'>maxime</span> <span class='ocrx_word' id='word_1_1691' title='bbox 1774 2013 1846 2033; x_wconf 86' lang='lat' dir='ltr'>tutus</span> <span class='ocrx_word' id='word_1_1692' title='bbox 1860 2005 1903 2031; x_wconf 81' lang='lat' dir='ltr'>est.</span> <span class='ocrx_word' id='word_1_1693' title='bbox 2002 2005 2069 2030; x_wconf 85' lang='lat' dir='ltr'>Cato</span> <span class='ocrx_word' id='word_1_1694' title='bbox 2083 2012 2122 2039; x_wconf 79' lang='lat' dir='ltr'>ap.</span> <span class='ocrx_word' id='word_1_1695' title='bbox 2136 2003 2238 2030; x_wconf 77' lang='lat' dir='ltr'>Festum</span> <span class='ocrx_word' id='word_1_1696' title='bbox 2254 2014 2310 2030; x_wconf 74' lang='lat' dir='ltr'>voce</span> 
     </span>
     <span class='ocr_line' id='line_1_184' title="bbox 1255 2039 2309 2081; baseline -0.008 -8"><span class='ocrx_word' id='word_1_1697' title='bbox 1255 2049 1425 2077; x_wconf 81' lang='lat' dir='ltr'>veternosus,</span> <span class='ocrx_word' id='word_1_1698' title='bbox 1458 2049 1546 2080; x_wconf 84' lang='lat' dir='ltr'>Qiain</span> <span class='ocrx_word' id='word_1_1699' title='bbox 1561 2046 1706 2081; x_wconf 88' lang='lat' dir='ltr'>plurimum</span> <span class='ocrx_word' id='word_1_1700' title='bbox 1722 2042 1801 2073; x_wconf 86' lang='lat' dir='ltr'>bibit,</span> <span class='ocrx_word' id='word_1_1701' title='bbox 1811 2050 1864 2067; x_wconf 87' lang='lat' dir='ltr'>tam</span> <span class='ocrx_word' id='word_1_1702' title='bbox 1879 2040 1996 2065; x_wconf 84' lang='lat' dir='ltr'>maxime</span> <span class='ocrx_word' id='word_1_1703' title='bbox 2009 2039 2070 2077; x_wconf 72' lang='lat' dir='ltr'>sitit.</span> <span class='ocrx_word' id='word_1_1704' title='bbox 2144 2039 2231 2064; x_wconf 85' lang='lat' dir='ltr'>Varro</span> <span class='ocrx_word' id='word_1_1705' title='bbox 2238 2039 2309 2066; x_wconf 80' lang='lat' dir='ltr'>R.R.</span> 
     </span>
     <span class='ocr_line' id='line_1_185' title="bbox 1256 2073 2310 2117; baseline -0.013 -7"><span class='ocrx_word' id='word_1_1706' title='bbox 1256 2092 1281 2116; x_wconf 87' lang='lat'>2,</span> <span class='ocrx_word' id='word_1_1707' title='bbox 1296 2094 1321 2116; x_wconf 81' lang='lat'>9,</span> <span class='ocrx_word' id='word_1_1708' title='bbox 1339 2092 1366 2109; x_wconf 83' lang='lat'>12</span> <span class='ocrx_word' id='word_1_1709' title='bbox 1387 2085 1473 2116; x_wconf 81' lang='lat' dir='ltr'>Qiain</span> <span class='ocrx_word' id='word_1_1710' title='bbox 1489 2081 1646 2117; x_wconf 74' lang='lat' dir='ltr'>parciilimos</span> <span class='ocrx_word' id='word_1_1711' title='bbox 1661 2074 1993 2113; x_wconf 36' lang='lat' dir='ltr'>relinques„tain&#39;optimi</span> <span class='ocrx_word' id='word_1_1712' title='bbox 2010 2082 2036 2099; x_wconf 88' lang='lat' dir='ltr'>in</span> <span class='ocrx_word' id='word_1_1713' title='bbox 2050 2073 2144 2100; x_wconf 85' lang='lat' dir='ltr'>alendo</span> <span class='ocrx_word' id='word_1_1714' title='bbox 2159 2074 2232 2105; x_wconf 85' lang='lat' dir='ltr'>sunt,</span> <span class='ocrx_word' id='word_1_1715' title='bbox 2250 2083 2310 2109; x_wconf 82' lang='lat' dir='ltr'>pro.</span> 
     </span>
     <span class='ocr_line' id='line_1_186' title="bbox 1253 2108 2309 2154; baseline -0.002 -15"><span class='ocrx_word' id='word_1_1716' title='bbox 1253 2127 1311 2154; x_wconf 78' lang='lat' dir='ltr'>pter</span> <span class='ocrx_word' id='word_1_1717' title='bbox 1324 2120 1427 2152; x_wconf 61' lang='lat' dir='ltr'>copiam</span> <span class='ocrx_word' id='word_1_1718' title='bbox 1442 2118 1524 2144; x_wconf 61' lang='lat' dir='ltr'>[mstis.</span> <span class='ocrx_word' id='word_1_1719' title='bbox 1630 2115 1698 2139; x_wconf 87' lang='lat' dir='ltr'>Cato</span> <span class='ocrx_word' id='word_1_1720' title='bbox 1716 2115 1752 2142; x_wconf 78' lang='lat'>64</span> <span class='ocrx_word' id='word_1_1721' title='bbox 1773 2112 1860 2142; x_wconf 88' lang='lat' dir='ltr'>Qiam</span> <span class='ocrx_word' id='word_1_1722' title='bbox 1875 2108 1995 2135; x_wconf 83' lang='lat' dir='ltr'>citillime</span> <span class='ocrx_word' id='word_1_1723' title='bbox 2007 2108 2131 2134; x_wconf 82' lang='lat' dir='ltr'>conficies</span> <span class='ocrx_word' id='word_1_1724' title='bbox 2149 2110 2241 2142; x_wconf 75' lang='lat' dir='ltr'>oleum,</span> <span class='ocrx_word' id='word_1_1725' title='bbox 2255 2117 2309 2137; x_wconf 82' lang='lat' dir='ltr'>tani</span> 
     </span>
     <span class='ocr_line' id='line_1_187' title="bbox 1253 2143 2310 2186; baseline -0.007 -6"><span class='ocrx_word' id='word_1_1726' title='bbox 1253 2155 1368 2180; x_wconf 75' lang='lat' dir='ltr'>maxime</span> <span class='ocrx_word' id='word_1_1727' title='bbox 1383 2153 1512 2186; x_wconf 79' lang='lat' dir='ltr'>expediet.</span> <span class='ocrx_word' id='word_1_1728' title='bbox 1566 2164 1611 2169; x_wconf 86' lang='lat'>—</span> <span class='ocrx_word' id='word_1_1729' title='bbox 1648 2148 1717 2173; x_wconf 84' lang='lat' dir='ltr'>Nam</span> <span class='ocrx_word' id='word_1_1730' title='bbox 1732 2145 1837 2176; x_wconf 87' lang='lat' dir='ltr'>oleum,</span> <span class='ocrx_word' id='word_1_1731' title='bbox 1856 2153 1936 2178; x_wconf 88' lang='lat' dir='ltr'>quam</span> <span class='ocrx_word' id='word_1_1732' title='bbox 1957 2143 2098 2170; x_wconf 85' lang='lat' dir='ltr'>diutiffiine</span> <span class='ocrx_word' id='word_1_1733' title='bbox 2118 2145 2146 2170; x_wconf 87' lang='lat' dir='ltr'>in</span> <span class='ocrx_word' id='word_1_1734' title='bbox 2160 2153 2265 2172; x_wconf 84' lang='lat' dir='ltr'>amurca</span> <span class='ocrx_word' id='word_1_1735' title='bbox 2283 2153 2310 2173; x_wconf 87' lang='lat' dir='ltr'>et</span> 
     </span>
     <span class='ocr_line' id='line_1_188' title="bbox 1252 2179 2310 2216; baseline -0.005 -3"><span class='ocrx_word' id='word_1_1736' title='bbox 1252 2190 1279 2214; x_wconf 87' lang='lat' dir='ltr'>in</span> <span class='ocrx_word' id='word_1_1737' title='bbox 1297 2187 1413 2212; x_wconf 79' lang='lat' dir='ltr'>fracibus</span> <span class='ocrx_word' id='word_1_1738' title='bbox 1427 2187 1493 2216; x_wconf 83' lang='lat' dir='ltr'>erit,</span> <span class='ocrx_word' id='word_1_1739' title='bbox 1509 2192 1560 2210; x_wconf 88' lang='lat' dir='ltr'>tam</span> <span class='ocrx_word' id='word_1_1740' title='bbox 1574 2182 1749 2209; x_wconf 85' lang='lat' dir='ltr'>deterrimum</span> <span class='ocrx_word' id='word_1_1741' title='bbox 1763 2179 1823 2205; x_wconf 86' lang='lat' dir='ltr'>erit.</span> <span class='ocrx_word' id='word_1_1742' title='bbox 1879 2180 1910 2204; x_wconf 84' lang='lat' dir='ltr'>Et</span> <span class='ocrx_word' id='word_1_1743' title='bbox 1930 2186 1992 2212; x_wconf 79' lang='lat'>157,</span> <span class='ocrx_word' id='word_1_1744' title='bbox 2015 2184 2027 2209; x_wconf 80' lang='lat'>8</span> <span class='ocrx_word' id='word_1_1745' title='bbox 2055 2181 2142 2213; x_wconf 83' lang='lat' dir='ltr'>Qiam</span> <span class='ocrx_word' id='word_1_1746' title='bbox 2163 2180 2310 2214; x_wconf 86' lang='lat' dir='ltr'>plurimum</span> 
     </span>
     <span class='ocr_line' id='line_1_189' title="bbox 1251 2214 2308 2254; baseline -0.004 -7"><span class='ocrx_word' id='word_1_1747' title='bbox 1251 2222 1352 2252; x_wconf 87' lang='lat' dir='ltr'>ederit,</span> <span class='ocrx_word' id='word_1_1748' title='bbox 1374 2228 1427 2246; x_wconf 87' lang='lat' dir='ltr'>tam</span> <span class='ocrx_word' id='word_1_1749' title='bbox 1441 2220 1558 2246; x_wconf 77' lang='lat' dir='ltr'>ciciil&#39;nne</span> <span class='ocrx_word' id='word_1_1750' title='bbox 1574 2220 1647 2244; x_wconf 85' lang='lat' dir='ltr'>sanus</span> <span class='ocrx_word' id='word_1_1751' title='bbox 1669 2216 1720 2242; x_wconf 83' lang='lat' dir='ltr'>fiet.</span> <span class='ocrx_word' id='word_1_1752' title='bbox 1784 2214 1856 2254; x_wconf 72' lang='lat' dir='ltr'>Ter.</span> <span class='ocrx_word' id='word_1_1753' title='bbox 1870 2215 1964 2239; x_wconf 86' lang='lat' dir='ltr'>Heaut.</span> <span class='ocrx_word' id='word_1_1754' title='bbox 1981 2222 2001 2246; x_wconf 82' lang='lat'>3,</span> <span class='ocrx_word' id='word_1_1755' title='bbox 2009 2223 2035 2246; x_wconf 87' lang='lat'>2,</span> <span class='ocrx_word' id='word_1_1756' title='bbox 2049 2224 2086 2248; x_wconf 82' lang='lat'>44</span> <span class='ocrx_word' id='word_1_1757' title='bbox 2107 2215 2231 2250; x_wconf 84' lang='lat' dir='ltr'>Namque</span> <span class='ocrx_word' id='word_1_1758' title='bbox 2246 2218 2308 2245; x_wconf 85' lang='lat' dir='ltr'>ado-</span> 
     </span>
     <span class='ocr_line' id='line_1_190' title="bbox 1251 2249 2308 2288; baseline -0.007 -6"><span class='ocrx_word' id='word_1_1759' title='bbox 1251 2257 1347 2282; x_wconf 83' lang='lat' dir='ltr'>lescens</span> <span class='ocrx_word' id='word_1_1760' title='bbox 1361 2264 1439 2288; x_wconf 87' lang='lat' dir='ltr'>quain</span> <span class='ocrx_word' id='word_1_1761' title='bbox 1454 2254 1564 2279; x_wconf 89' lang='lat' dir='ltr'>minima</span> <span class='ocrx_word' id='word_1_1762' title='bbox 1580 2253 1608 2277; x_wconf 94' lang='lat' dir='ltr'>in</span> <span class='ocrx_word' id='word_1_1763' title='bbox 1622 2252 1664 2285; x_wconf 84' lang='lat' dir='ltr'>spe</span> <span class='ocrx_word' id='word_1_1764' title='bbox 1676 2251 1737 2276; x_wconf 83' lang='lat' dir='ltr'>situs</span> <span class='ocrx_word' id='word_1_1765' title='bbox 1751 2255 1819 2282; x_wconf 85' lang='lat' dir='ltr'>erit,</span> <span class='ocrx_word' id='word_1_1766' title='bbox 1833 2256 1885 2275; x_wconf 87' lang='lat' dir='ltr'>tam</span> <span class='ocrx_word' id='word_1_1767' title='bbox 1899 2249 2014 2276; x_wconf 84' lang='lat' dir='ltr'>maxime</span> <span class='ocrx_word' id='word_1_1768' title='bbox 2030 2251 2108 2283; x_wconf 83' lang='lat' dir='ltr'>patris</span> <span class='ocrx_word' id='word_1_1769' title='bbox 2123 2260 2211 2284; x_wconf 82' lang='lat' dir='ltr'>pacem</span> <span class='ocrx_word' id='word_1_1770' title='bbox 2230 2253 2259 2279; x_wconf 91' lang='lat' dir='ltr'>in</span> <span class='ocrx_word' id='word_1_1771' title='bbox 2274 2254 2308 2280; x_wconf 88' lang='lat' dir='ltr'>le.</span> 
     </span>
     <span class='ocr_line' id='line_1_191' title="bbox 1250 2284 2307 2324; baseline -0.01 -9"><span class='ocrx_word' id='word_1_1772' title='bbox 1250 2300 1294 2324; x_wconf 85' lang='lat' dir='ltr'>ges</span> <span class='ocrx_word' id='word_1_1773' title='bbox 1309 2290 1433 2315; x_wconf 84' lang='lat' dir='ltr'>conficiet</span> <span class='ocrx_word' id='word_1_1774' title='bbox 1447 2290 1511 2314; x_wconf 74' lang='lat' dir='ltr'>ssias.</span> <span class='ocrx_word' id='word_1_1775' title='bbox 1580 2287 1662 2314; x_wconf 81' lang='lat' dir='ltr'>Ouid.</span> <span class='ocrx_word' id='word_1_1776' title='bbox 1676 2288 1768 2312; x_wconf 84' lang='lat' dir='ltr'>Amor.</span> <span class='ocrx_word' id='word_1_1777' title='bbox 1788 2287 1810 2318; x_wconf 83' lang='grc' dir='ltr'>ι,</span> <span class='ocrx_word' id='word_1_1778' title='bbox 1818 2284 1846 2314; x_wconf 71' lang='grc' dir='ltr'>’8ζ</span> <span class='ocrx_word' id='word_1_1779' title='bbox 1860 2293 1891 2319; x_wconf 85' lang='lat'>27</span> <span class='ocrx_word' id='word_1_1780' title='bbox 1911 2285 1985 2311; x_wconf 82' lang='lat' dir='ltr'>Tam</span> <span class='ocrx_word' id='word_1_1781' title='bbox 1999 2286 2063 2312; x_wconf 88' lang='lat' dir='ltr'>felix</span> <span class='ocrx_word' id='word_1_1782' title='bbox 2078 2287 2148 2319; x_wconf 77' lang='lat' dir='ltr'>effes,</span> <span class='ocrx_word' id='word_1_1783' title='bbox 2163 2297 2240 2321; x_wconf 64' lang='lat' dir='ltr'>quan,</span> <span class='ocrx_word' id='word_1_1784' title='bbox 2254 2290 2307 2316; x_wconf 50' lang='lat' dir='ltr'>sm.-</span> 
     </span>
     <span class='ocr_line' id='line_1_192' title="bbox 1249 2320 2307 2359; baseline 0.003 -10"><span class='ocrx_word' id='word_1_1785' title='bbox 1249 2324 1395 2355; x_wconf 81' lang='lat' dir='ltr'>inosiilima,</span> <span class='ocrx_word' id='word_1_1786' title='bbox 1411 2324 1518 2350; x_wconf 82' lang='lat' dir='ltr'>vellem.</span> <span class='ocrx_word' id='word_1_1787' title='bbox 1717 2320 1737 2359; x_wconf 57' lang='lat' dir='ltr'><strong>ff</strong></span> <span class='ocrx_word' id='word_1_1788' title='bbox 1759 2329 1775 2355; x_wconf 85' lang='lat'>7</span> <span class='ocrx_word' id='word_1_1789' title='bbox 1812 2320 1858 2347; x_wconf 66' lang='lat' dir='ltr'>Sed</span> <span class='ocrx_word' id='word_1_1790' title='bbox 1872 2323 1946 2346; x_wconf 74' lang='lat' dir='ltr'>etiam</span> <span class='ocrx_word' id='word_1_1791' title='bbox 1957 2320 2107 2357; x_wconf 24' lang='lat' dir='ltr'>*limplictter</span> <span class='ocrx_word' id='word_1_1792' title='bbox 2116 2324 2307 2358; x_wconf 67' lang='lat' dir='ltr'>Supcrlati&#39;uum,</span> 
     </span>
     <span class='ocr_line' id='line_1_193' title="bbox 1247 2356 2308 2394; baseline -0.004 -9"><span class='ocrx_word' id='word_1_1793' title='bbox 1247 2359 1315 2394; x_wconf 72' lang='lat' dir='ltr'>quali</span> <span class='ocrx_word' id='word_1_1794' title='bbox 1333 2360 1459 2386; x_wconf 66' lang='lat' dir='ltr'>intendere</span> <span class='ocrx_word' id='word_1_1795' title='bbox 1476 2367 1499 2386; x_wconf 78' lang='lat' dir='ltr'>ct</span> <span class='ocrx_word' id='word_1_1796' title='bbox 1520 2366 1608 2394; x_wconf 72' lang='lat' dir='ltr'>augere</span> <span class='ocrx_word' id='word_1_1797' title='bbox 1628 2356 1738 2384; x_wconf 76' lang='lat' dir='ltr'>videtur.</span> <span class='ocrx_word' id='word_1_1798' title='bbox 1802 2357 1888 2382; x_wconf 87' lang='lat' dir='ltr'>Varro</span> <span class='ocrx_word' id='word_1_1799' title='bbox 1902 2357 1934 2382; x_wconf 84' lang='lat' dir='ltr'>de</span> <span class='ocrx_word' id='word_1_1800' title='bbox 1953 2357 1982 2383; x_wconf 85' lang='lat' dir='ltr'>L.</span> <span class='ocrx_word' id='word_1_1801' title='bbox 1992 2358 2022 2384; x_wconf 90' lang='lat' dir='ltr'>L.</span> <span class='ocrx_word' id='word_1_1802' title='bbox 2043 2366 2069 2392; x_wconf 95' lang='lat'>7,</span> <span class='ocrx_word' id='word_1_1803' title='bbox 2084 2367 2099 2384; x_wconf 90' lang='lat'>2</span> <span class='ocrx_word' id='word_1_1804' title='bbox 2118 2368 2141 2393; x_wconf 89' lang='lat' dir='ltr'>p.</span> <span class='ocrx_word' id='word_1_1805' title='bbox 2157 2365 2194 2392; x_wconf 72' lang='lat'>55,</span> <span class='ocrx_word' id='word_1_1806' title='bbox 2208 2369 2235 2386; x_wconf 81' lang='lat'>10</span> <span class='ocrx_word' id='word_1_1807' title='bbox 2257 2363 2308 2388; x_wconf 72' lang='lat' dir='ltr'>[m.</span> 
     </span>
     <span class='ocr_line' id='line_1_194' title="bbox 1247 2392 2305 2429; baseline 0.003 -9"><span class='ocrx_word' id='word_1_1808' title='bbox 1247 2395 1366 2429; x_wconf 83' lang='lat' dir='ltr'>politicia</span> <span class='ocrx_word' id='word_1_1809' title='bbox 1384 2396 1494 2422; x_wconf 87' lang='lat' dir='ltr'>nomina</span> <span class='ocrx_word' id='word_1_1810' title='bbox 1513 2396 1659 2421; x_wconf 82' lang='lat' dir='ltr'>voluerunt</span> <span class='ocrx_word' id='word_1_1811' title='bbox 1676 2394 1724 2419; x_wconf 72' lang='lat' dir='ltr'>ess&#39;e</span> <span class='ocrx_word' id='word_1_1812' title='bbox 1745 2401 1823 2426; x_wconf 85' lang='lat' dir='ltr'>quam</span> <span class='ocrx_word' id='word_1_1813' title='bbox 1844 2392 2009 2426; x_wconf 80' lang='lat' dir='ltr'>paucillima,</span> <span class='ocrx_word' id='word_1_1814' title='bbox 2030 2402 2084 2427; x_wconf 79' lang='lat' dir='ltr'>quo</span> <span class='ocrx_word' id='word_1_1815' title='bbox 2098 2395 2176 2422; x_wconf 87' lang='lat' dir='ltr'>eitius</span> <span class='ocrx_word' id='word_1_1816' title='bbox 2191 2397 2305 2423; x_wconf 85' lang='lat' dir='ltr'>ediscere</span> 
     </span>
     <span class='ocr_line' id='line_1_195' title="bbox 1247 2426 2306 2465; baseline 0.003 -8"><span class='ocrx_word' id='word_1_1817' title='bbox 1247 2431 1355 2465; x_wconf 78' lang='lat' dir='ltr'>possent.</span> <span class='ocrx_word' id='word_1_1818' title='bbox 1438 2426 1506 2458; x_wconf 66' lang='lat' dir='ltr'>T&#39;cr.</span> <span class='ocrx_word' id='word_1_1819' title='bbox 1522 2430 1603 2457; x_wconf 84' lang='lat' dir='ltr'>Andr.</span> <span class='ocrx_word' id='word_1_1820' title='bbox 1617 2439 1638 2462; x_wconf 70' lang='lat' dir='ltr'>s,</span> <span class='ocrx_word' id='word_1_1821' title='bbox 1652 2438 1672 2461; x_wconf 90' lang='lat' dir='ltr'>i,</span> <span class='ocrx_word' id='word_1_1822' title='bbox 1686 2432 1713 2455; x_wconf 80' lang='lat'>16</span> <span class='ocrx_word' id='word_1_1823' title='bbox 1736 2428 1841 2461; x_wconf 82' lang='lat' dir='ltr'>Qubus</span> <span class='ocrx_word' id='word_1_1824' title='bbox 1855 2428 1883 2454; x_wconf 82' lang='lat' dir='ltr'>id</span> <span class='ocrx_word' id='word_1_1825' title='bbox 1899 2430 2014 2455; x_wconf 76' lang='lat' dir='ltr'>maxime</span> <span class='ocrx_word' id='word_1_1826' title='bbox 2029 2430 2094 2456; x_wconf 86' lang='lat' dir='ltr'>vtile</span> <span class='ocrx_word' id='word_1_1827' title='bbox 2109 2430 2152 2461; x_wconf 84' lang='lat' dir='ltr'>est,</span> <span class='ocrx_word' id='word_1_1828' title='bbox 2166 2431 2242 2458; x_wconf 90' lang='lat' dir='ltr'>illum</span> <span class='ocrx_word' id='word_1_1829' title='bbox 2257 2434 2306 2460; x_wconf 83' lang='lat' dir='ltr'>efl&#39;e</span> 
     </span>
     <span class='ocr_line' id='line_1_196' title="bbox 1248 2464 2305 2503; baseline 0.005 -12"><span class='ocrx_word' id='word_1_1830' title='bbox 1248 2475 1326 2500; x_wconf 86' lang='lat' dir='ltr'>quam</span> <span class='ocrx_word' id='word_1_1831' title='bbox 1340 2466 1523 2494; x_wconf 83' lang='lat' dir='ltr'>deterrimum.</span> <span class='ocrx_word' id='word_1_1832' title='bbox 1597 2464 1670 2492; x_wconf 87' lang='lat' dir='ltr'>Idem</span> <span class='ocrx_word' id='word_1_1833' title='bbox 1690 2466 1785 2491; x_wconf 80' lang='lat' dir='ltr'>Heaut.</span> <span class='ocrx_word' id='word_1_1834' title='bbox 1800 2473 1830 2496; x_wconf 88' lang='lat'>2,</span> <span class='ocrx_word' id='word_1_1835' title='bbox 1847 2473 1875 2496; x_wconf 81' lang='lat'>3,</span> <span class='ocrx_word' id='word_1_1836' title='bbox 1892 2472 1937 2498; x_wconf 85' lang='lat'>127</span> <span class='ocrx_word' id='word_1_1837' title='bbox 1958 2465 2109 2493; x_wconf 71' lang='lat' dir='ltr'>Eademque</span> <span class='ocrx_word' id='word_1_1838' title='bbox 2123 2476 2150 2492; x_wconf 70' lang='lat' dir='ltr'>vt</span> <span class='ocrx_word' id='word_1_1839' title='bbox 2162 2468 2221 2494; x_wconf 72' lang='lat' dir='ltr'>eii&#39;et</span> <span class='ocrx_word' id='word_1_1840' title='bbox 2236 2470 2305 2503; x_wconf 82' lang='lat' dir='ltr'>apud</span> 
     </span>
     <span class='ocr_line' id='line_1_197' title="bbox 1248 2500 2306 2537; baseline -0.001 -9"><span class='ocrx_word' id='word_1_1841' title='bbox 1248 2510 1274 2529; x_wconf 79' lang='lat' dir='ltr'>tc</span> <span class='ocrx_word' id='word_1_1842' title='bbox 1287 2503 1323 2529; x_wconf 91' lang='lat' dir='ltr'>ob</span> <span class='ocrx_word' id='word_1_1843' title='bbox 1339 2503 1389 2529; x_wconf 90' lang='lat' dir='ltr'>hoc</span> <span class='ocrx_word' id='word_1_1844' title='bbox 1403 2512 1480 2537; x_wconf 85' lang='lat' dir='ltr'>quam</span> <span class='ocrx_word' id='word_1_1845' title='bbox 1494 2502 1642 2537; x_wconf 80' lang='lat' dir='ltr'>gratissima.</span> <span class='ocrx_word' id='word_1_1846' title='bbox 1710 2501 1765 2528; x_wconf 80' lang='lat' dir='ltr'>Cic.</span> <span class='ocrx_word' id='word_1_1847' title='bbox 1781 2500 1813 2527; x_wconf 87' lang='lat' dir='ltr'>de</span> <span class='ocrx_word' id='word_1_1848' title='bbox 1827 2500 1932 2526; x_wconf 86' lang='lat' dir='ltr'>Ainicit.</span> <span class='ocrx_word' id='word_1_1849' title='bbox 1947 2509 1979 2534; x_wconf 77' lang='lat'>45</span> <span class='ocrx_word' id='word_1_1850' title='bbox 2006 2501 2105 2528; x_wconf 82' lang='lat' dir='ltr'>Alienis</span> <span class='ocrx_word' id='word_1_1851' title='bbox 2121 2503 2202 2529; x_wconf 84' lang='lat' dir='ltr'>nimis</span> <span class='ocrx_word' id='word_1_1852' title='bbox 2216 2506 2306 2537; x_wconf 77' lang='lat' dir='ltr'>impli-</span> 
     </span>
     <span class='ocr_line' id='line_1_198' title="bbox 1248 2536 2305 2571; baseline -0.002 -6"><span class='ocrx_word' id='word_1_1853' title='bbox 1248 2538 1312 2571; x_wconf 85' lang='lat' dir='ltr'>cari,</span> <span class='ocrx_word' id='word_1_1854' title='bbox 1327 2539 1465 2565; x_wconf 81' lang='lat' dir='ltr'>molestum</span> <span class='ocrx_word' id='word_1_1855' title='bbox 1481 2540 1543 2565; x_wconf 77' lang='lat' dir='ltr'>etse:</span> <span class='ocrx_word' id='word_1_1856' title='bbox 1567 2536 1805 2564; x_wconf 85' lang='lat' dir='ltr'>commodissimuin</span> <span class='ocrx_word' id='word_1_1857' title='bbox 1822 2537 1888 2568; x_wconf 64' lang='lat' dir='ltr'>ess‘e,</span> <span class='ocrx_word' id='word_1_1858' title='bbox 1901 2544 1980 2569; x_wconf 86' lang='lat' dir='ltr'>quam</span> <span class='ocrx_word' id='word_1_1859' title='bbox 1995 2537 2131 2564; x_wconf 80' lang='lat' dir='ltr'>laxulinias</span> <span class='ocrx_word' id='word_1_1860' title='bbox 2148 2538 2246 2566; x_wconf 81' lang='lat' dir='ltr'>habere</span> <span class='ocrx_word' id='word_1_1861' title='bbox 2260 2542 2305 2568; x_wconf 74' lang='lat' dir='ltr'>ha-</span> 
     </span>
     <span class='ocr_line' id='line_1_199' title="bbox 1249 2571 2304 2612; baseline 0 -12"><span class='ocrx_word' id='word_1_1862' title='bbox 1249 2575 1328 2601; x_wconf 83' lang='lat' dir='ltr'>benas</span> <span class='ocrx_word' id='word_1_1863' title='bbox 1348 2575 1488 2601; x_wconf 86' lang='lat' dir='ltr'>amicitiae.</span> <span class='ocrx_word' id='word_1_1864' title='bbox 1585 2576 1671 2607; x_wconf 83' lang='lat' dir='ltr'>Qiani</span> <span class='ocrx_word' id='word_1_1865' title='bbox 1690 2571 1859 2599; x_wconf 77' lang='lat' dir='ltr'>occultissime</span> <span class='ocrx_word' id='word_1_1866' title='bbox 1880 2572 1993 2599; x_wconf 63' lang='lat' dir='ltr'>traieGlO</span> <span class='ocrx_word' id='word_1_1867' title='bbox 2012 2582 2089 2600; x_wconf 83' lang='lat' dir='ltr'>amne</span> <span class='ocrx_word' id='word_1_1868' title='bbox 2121 2574 2181 2601; x_wconf 86' lang='lat' dir='ltr'>Liu.</span> <span class='ocrx_word' id='word_1_1869' title='bbox 2202 2585 2242 2608; x_wconf 71' lang='grc' dir='ltr'>ει,</span> <span class='ocrx_word' id='word_1_1870' title='bbox 2264 2585 2304 2612; x_wconf 79' lang='lat'>²7-</span> 
     </span>
     <span class='ocr_line' id='line_1_200' title="bbox 1248 2608 2305 2645; baseline -0.002 -9"><span class='ocrx_word' id='word_1_1871' title='bbox 1248 2611 1303 2637; x_wconf 88' lang='lat' dir='ltr'>Cic.</span> <span class='ocrx_word' id='word_1_1872' title='bbox 1321 2611 1373 2637; x_wconf 84' lang='lat' dir='ltr'>Att.</span> <span class='ocrx_word' id='word_1_1873' title='bbox 1389 2613 1414 2642; x_wconf 82' lang='lat'>6,</span> <span class='ocrx_word' id='word_1_1874' title='bbox 1427 2619 1439 2644; x_wconf 78' lang='grc' dir='ltr'><strong><em>ς</em></strong></span> <span class='ocrx_word' id='word_1_1875' title='bbox 1455 2609 1581 2638; x_wconf 85' lang='lat' dir='ltr'>Officium</span> <span class='ocrx_word' id='word_1_1876' title='bbox 1596 2619 1685 2636; x_wconf 90' lang='lat' dir='ltr'>meum</span> <span class='ocrx_word' id='word_1_1877' title='bbox 1700 2609 1805 2643; x_wconf 85' lang='lat' dir='ltr'>putaui,</span> <span class='ocrx_word' id='word_1_1878' title='bbox 1819 2608 1965 2634; x_wconf 81' lang='lat' dir='ltr'>exercitum</span> <span class='ocrx_word' id='word_1_1879' title='bbox 1980 2608 2078 2636; x_wconf 79' lang='lat' dir='ltr'>habere</span> <span class='ocrx_word' id='word_1_1880' title='bbox 2092 2619 2170 2643; x_wconf 86' lang='lat' dir='ltr'>quam</span> <span class='ocrx_word' id='word_1_1881' title='bbox 2183 2612 2305 2645; x_wconf 76' lang='lat' dir='ltr'>proxime</span> 
     </span>
     <span class='ocr_line' id='line_1_201' title="bbox 1250 2644 2304 2680; baseline 0.001 -8"><span class='ocrx_word' id='word_1_1882' title='bbox 1250 2646 1362 2673; x_wconf 75' lang='lat' dir='ltr'>hostem.</span> <span class='ocrx_word' id='word_1_1883' title='bbox 1417 2648 1517 2673; x_wconf 68' lang='lat' dir='ltr'>Plenius</span> <span class='ocrx_word' id='word_1_1884' title='bbox 1537 2646 1597 2672; x_wconf 88' lang='lat' dir='ltr'>Liu.</span> <span class='ocrx_word' id='word_1_1885' title='bbox 1614 2654 1634 2678; x_wconf 87' lang='grc' dir='ltr'>ι,</span> <span class='ocrx_word' id='word_1_1886' title='bbox 1647 2654 1673 2677; x_wconf 77' lang='lat'>23</span> <span class='ocrx_word' id='word_1_1887' title='bbox 1694 2647 1718 2672; x_wconf 91' lang='lat' dir='ltr'>Is</span> <span class='ocrx_word' id='word_1_1888' title='bbox 1731 2645 1804 2671; x_wconf 83' lang='lat' dir='ltr'>ducit</span> <span class='ocrx_word' id='word_1_1889' title='bbox 1818 2644 1965 2670; x_wconf 73' lang='lat' dir='ltr'>exercituin</span> <span class='ocrx_word' id='word_1_1890' title='bbox 1985 2653 2062 2679; x_wconf 86' lang='lat' dir='ltr'>quam</span> <span class='ocrx_word' id='word_1_1891' title='bbox 2076 2647 2196 2680; x_wconf 84' lang='lat' dir='ltr'>proxime</span> <span class='ocrx_word' id='word_1_1892' title='bbox 2211 2648 2243 2673; x_wconf 80' lang='lat' dir='ltr'>ad</span> <span class='ocrx_word' id='word_1_1893' title='bbox 2258 2648 2304 2675; x_wconf 91' lang='lat' dir='ltr'>ho-</span> 
     </span>
     <span class='ocr_line' id='line_1_202' title="bbox 1248 2680 2304 2718; baseline 0 -9"><span class='ocrx_word' id='word_1_1894' title='bbox 1248 2683 1312 2709; x_wconf 89' lang='lat' dir='ltr'>stem</span> <span class='ocrx_word' id='word_1_1895' title='bbox 1327 2681 1419 2717; x_wconf 86' lang='lat' dir='ltr'>potest.</span> <span class='ocrx_word' id='word_1_1896' title='bbox 1464 2685 1556 2717; x_wconf 72' lang='lat' dir='ltr'>Nrmpr</span> <span class='ocrx_word' id='word_1_1897' title='bbox 1569 2689 1622 2708; x_wconf 79' lang='lat' dir='ltr'>tota</span> <span class='ocrx_word' id='word_1_1898' title='bbox 1636 2681 1695 2708; x_wconf 71' lang='lat' dir='ltr'>haec</span> <span class='ocrx_word' id='word_1_1899' title='bbox 1714 2680 1828 2716; x_wconf 72' lang='lat' dir='ltr'>loquendi·</span> <span class='ocrx_word' id='word_1_1900' title='bbox 1841 2684 1908 2707; x_wconf 64' lang='lat' dir='ltr'>ratio</span> <span class='ocrx_word' id='word_1_1901' title='bbox 1920 2681 2020 2707; x_wconf 72' lang='lat' dir='ltr'>uidctur</span> <span class='ocrx_word' id='word_1_1902' title='bbox 2039 2692 2054 2707; x_wconf 77' lang='lat' dir='ltr'>a</span> <span class='ocrx_word' id='word_1_1903' title='bbox 2063 2711 2066 2714; x_wconf 24' lang='grc' dir='ltr'><strong>Δ</strong></span> <span class='ocrx_word' id='word_1_1904' title='bbox 2069 2682 2145 2713; x_wconf 78' lang='lat' dir='ltr'>simili</span> <span class='ocrx_word' id='word_1_1905' title='bbox 2157 2683 2234 2718; x_wconf 68' lang='lat' dir='ltr'>ellipsi</span> <span class='ocrx_word' id='word_1_1906' title='bbox 2247 2692 2304 2711; x_wconf 83' lang='lat' dir='ltr'>orta</span> 
     </span>
     <span class='ocr_line' id='line_1_203' title="bbox 1249 2717 2305 2752; baseline -0.002 -7"><span class='ocrx_word' id='word_1_1907' title='bbox 1249 2717 1300 2752; x_wconf 73' lang='lat' dir='ltr'>cffi’.</span> <span class='ocrx_word' id='word_1_1908' title='bbox 1390 2719 1446 2745; x_wconf 90' lang='lat' dir='ltr'>Cic.</span> <span class='ocrx_word' id='word_1_1909' title='bbox 1461 2719 1493 2745; x_wconf 85' lang='lat' dir='ltr'>de</span> <span class='ocrx_word' id='word_1_1910' title='bbox 1506 2720 1580 2746; x_wconf 84' lang='lat' dir='ltr'>Orat.</span> <span class='ocrx_word' id='word_1_1911' title='bbox 1597 2726 1605 2743; x_wconf 92' lang='lat' dir='ltr'>i</span> <span class='ocrx_word' id='word_1_1912' title='bbox 1625 2727 1646 2744; x_wconf 90' lang='lat' dir='ltr'>c.</span> <span class='ocrx_word' id='word_1_1913' title='bbox 1663 2725 1689 2749; x_wconf 77' lang='lat'>33</span> <span class='ocrx_word' id='word_1_1914' title='bbox 1722 2718 1817 2743; x_wconf 87' lang='lat' dir='ltr'>Dicere</span> <span class='ocrx_word' id='word_1_1915' title='bbox 1838 2724 1916 2750; x_wconf 85' lang='lat' dir='ltr'>quam</span> <span class='ocrx_word' id='word_1_1916' title='bbox 1931 2717 2046 2744; x_wconf 86' lang='lat' dir='ltr'>maxime</span> <span class='ocrx_word' id='word_1_1917' title='bbox 2065 2717 2096 2744; x_wconf 90' lang='lat' dir='ltr'>ad</span> <span class='ocrx_word' id='word_1_1918' title='bbox 2111 2719 2247 2746; x_wconf 79' lang='lat' dir='ltr'>veritatem</span> <span class='ocrx_word' id='word_1_1919' title='bbox 2264 2729 2305 2746; x_wconf 91' lang='lat' dir='ltr'>ac.</span> 
     </span>
     <span class='ocr_line' id='line_1_204' title="bbox 1249 2752 2304 2793; baseline 0 -13"><span class='ocrx_word' id='word_1_1920' title='bbox 1249 2754 1424 2781; x_wconf 87' lang='lat' dir='ltr'>commodate.</span> <span class='ocrx_word' id='word_1_1921' title='bbox 1478 2756 1509 2781; x_wconf 80' lang='lat' dir='ltr'>Et</span> <span class='ocrx_word' id='word_1_1922' title='bbox 1527 2764 1548 2780; x_wconf 86' lang='lat' dir='ltr'>e.</span> <span class='ocrx_word' id='word_1_1923' title='bbox 1570 2762 1604 2786; x_wconf 81' lang='lat'>34</span> <span class='ocrx_word' id='word_1_1924' title='bbox 1633 2752 1755 2779; x_wconf 85' lang='lat' dir='ltr'>Versibus</span> <span class='ocrx_word' id='word_1_1925' title='bbox 1771 2752 1911 2793; x_wconf 71' lang='lat' dir='ltr'>propositis</span> <span class='ocrx_word' id='word_1_1926' title='bbox 1933 2761 2011 2786; x_wconf 86' lang='lat' dir='ltr'>quam</span> <span class='ocrx_word' id='word_1_1927' title='bbox 2032 2754 2147 2780; x_wconf 87' lang='lat' dir='ltr'>maxime</span> <span class='ocrx_word' id='word_1_1928' title='bbox 2168 2756 2304 2789; x_wconf 79' lang='lat' dir='ltr'>grauibus.</span> 
     </span>
    </p>
   </div>
   <div class='ocr_carea' id='block_1_38' title="bbox 345 2788 2305 2830">
    <p class='ocr_par' dir='ltr' id='par_1_49' title="bbox 345 2788 2305 2830">
     <span class='ocr_line' id='line_1_205' title="bbox 345 2788 2305 2830; baseline 0.001 -14"><span class='ocrx_word' id='word_1_1929' title='bbox 345 2790 423 2817; x_wconf 80' lang='lat' dir='ltr'>Nihil</span> <span class='ocrx_word' id='word_1_1930' title='bbox 439 2790 508 2816; x_wconf 89' lang='lat' dir='ltr'>inihi</span> <span class='ocrx_word' id='word_1_1931' title='bbox 524 2799 591 2816; x_wconf 88' lang='lat' dir='ltr'>minc</span> <span class='ocrx_word' id='word_1_1932' title='bbox 606 2790 670 2816; x_wconf 83' lang='lat' dir='ltr'>scito</span> <span class='ocrx_word' id='word_1_1933' title='bbox 685 2796 737 2816; x_wconf 82' lang='lat' dir='ltr'>tam</span> <span class='ocrx_word' id='word_1_1934' title='bbox 752 2788 849 2821; x_wconf 74' lang='lat' dir='ltr'>decise,</span> <span class='ocrx_word' id='word_1_1935' title='bbox 873 2798 951 2824; x_wconf 85' lang='lat' dir='ltr'>quam</span> <span class='ocrx_word' id='word_1_1936' title='bbox 966 2789 1103 2816; x_wconf 90' lang='lat' dir='ltr'>hominem</span> <span class='ocrx_word' id='word_1_1937' title='bbox 1117 2799 1188 2822; x_wconf 88' lang='lat' dir='ltr'>euin,</span> <span class='ocrx_word' id='word_1_1938' title='bbox 1199 2802 1231 2830; x_wconf 65' lang='grc'>7,-</span> <span class='ocrx_word' id='word_1_1939' title='bbox 1247 2791 1295 2818; x_wconf 77' lang='lat' dir='ltr'>Sed</span> <span class='ocrx_word' id='word_1_1940' title='bbox 1320 2789 1397 2817; x_wconf 82' lang='lat' dir='ltr'>offic.</span> <span class='ocrx_word' id='word_1_1941' title='bbox 1418 2799 1443 2823; x_wconf 87' lang='lat'>2,</span> <span class='ocrx_word' id='word_1_1942' title='bbox 1464 2799 1489 2824; x_wconf 84' lang='lat'>23</span> <span class='ocrx_word' id='word_1_1943' title='bbox 1509 2800 1530 2816; x_wconf 93' lang='lat' dir='ltr'>c.</span> <span class='ocrx_word' id='word_1_1944' title='bbox 1546 2798 1562 2824; x_wconf 89' lang='lat'><strong>7</strong></span> <span class='ocrx_word' id='word_1_1945' title='bbox 1588 2790 1715 2823; x_wconf 62' lang='lat' dir='ltr'>paretque</span> <span class='ocrx_word' id='word_1_1946' title='bbox 1729 2796 1808 2823; x_wconf 87' lang='lat' dir='ltr'>quam</span> <span class='ocrx_word' id='word_1_1947' title='bbox 1828 2796 1943 2814; x_wconf 79' lang='lat' dir='ltr'>maxime</span> <span class='ocrx_word' id='word_1_1948' title='bbox 1958 2797 2080 2820; x_wconf 84' lang='lat' dir='ltr'>mortuo,</span> <span class='ocrx_word' id='word_1_1949' title='bbox 2108 2791 2194 2816; x_wconf 66' lang='lat' dir='ltr'>melius</span> <span class='ocrx_word' id='word_1_1950' title='bbox 2211 2793 2305 2828; x_wconf 74' lang='lat' dir='ltr'>legitur</span> 
     </span>
    </p>
   </div>
   <div class='ocr_carea' id='block_1_39' title="bbox 1246 2824 2305 2970">
    <p class='ocr_par' dir='ltr' id='par_1_50' title="bbox 1246 2824 2305 2970">
     <span class='ocr_line' id='line_1_206' title="bbox 1246 2824 2305 2858; baseline 0.002 -6"><span class='ocrx_word' id='word_1_1951' title='bbox 1246 2836 1305 2852; x_wconf 88' lang='lat' dir='ltr'>cum</span> <span class='ocrx_word' id='word_1_1952' title='bbox 1318 2827 1441 2853; x_wconf 84' lang='lat' dir='ltr'>maxime.</span> <span class='ocrx_word' id='word_1_1953' title='bbox 1559 2826 1616 2852; x_wconf 85' lang='lat' dir='ltr'>Cic.</span> <span class='ocrx_word' id='word_1_1954' title='bbox 1630 2825 1706 2852; x_wconf 86' lang='lat' dir='ltr'>Verr.</span> <span class='ocrx_word' id='word_1_1955' title='bbox 1726 2833 1746 2857; x_wconf 91' lang='lat' dir='ltr'>i,</span> <span class='ocrx_word' id='word_1_1956' title='bbox 1760 2833 1791 2858; x_wconf 69' lang='grc' dir='ltr'>ς’]</span> <span class='ocrx_word' id='word_1_1957' title='bbox 1816 2824 1878 2857; x_wconf 82' lang='lat' dir='ltr'>Q=0</span> <span class='ocrx_word' id='word_1_1958' title='bbox 1893 2832 1970 2857; x_wconf 90' lang='lat' dir='ltr'>quam</span> <span class='ocrx_word' id='word_1_1959' title='bbox 1986 2826 2098 2851; x_wconf 90' lang='lat' dir='ltr'>minime</span> <span class='ocrx_word' id='word_1_1960' title='bbox 2112 2826 2190 2852; x_wconf 88' lang='lat' dir='ltr'>multi</span> <span class='ocrx_word' id='word_1_1961' title='bbox 2205 2836 2236 2853; x_wconf 81' lang='lat' dir='ltr'>ex</span> <span class='ocrx_word' id='word_1_1962' title='bbox 2251 2828 2305 2854; x_wconf 82' lang='lat' dir='ltr'>illis</span> 
     </span>
     <span class='ocr_line' id='line_1_207' title="bbox 1249 2860 2304 2896; baseline 0.002 -8"><span class='ocrx_word' id='word_1_1963' title='bbox 1249 2862 1281 2888; x_wconf 85' lang='lat' dir='ltr'>de</span> <span class='ocrx_word' id='word_1_1964' title='bbox 1295 2863 1368 2889; x_wconf 79' lang='lat' dir='ltr'>istius</span> <span class='ocrx_word' id='word_1_1965' title='bbox 1381 2862 1486 2889; x_wconf 75' lang='lat' dir='ltr'>nefario</span> <span class='ocrx_word' id='word_1_1966' title='bbox 1501 2862 1596 2888; x_wconf 81' lang='lat' dir='ltr'>scelere</span> <span class='ocrx_word' id='word_1_1967' title='bbox 1611 2861 1704 2887; x_wconf 83' lang='lat' dir='ltr'>audire</span> <span class='ocrx_word' id='word_1_1968' title='bbox 1722 2862 1830 2896; x_wconf 73' lang='lat' dir='ltr'>pollent.</span> <span class='ocrx_word' id='word_1_1969' title='bbox 1922 2860 1960 2886; x_wconf 87' lang='lat' dir='ltr'>Id.</span> <span class='ocrx_word' id='word_1_1970' title='bbox 1976 2861 2048 2887; x_wconf 79' lang='lat' dir='ltr'>Brut.</span> <span class='ocrx_word' id='word_1_1971' title='bbox 2085 2881 2091 2887; x_wconf 91' lang='lat'>.</span> <span class='ocrx_word' id='word_1_1972' title='bbox 2130 2881 2136 2887; x_wconf 96' lang='lat'>.</span> <span class='ocrx_word' id='word_1_1973' title='bbox 2174 2863 2210 2888; x_wconf 90' lang='lat' dir='ltr'>Vt</span> <span class='ocrx_word' id='word_1_1974' title='bbox 2226 2864 2304 2890; x_wconf 85' lang='lat' dir='ltr'>intel-</span> 
     </span>
     <span class='ocr_line' id='line_1_208' title="bbox 1247 2896 2303 2933; baseline -0.002 -9"><span class='ocrx_word' id='word_1_1975' title='bbox 1247 2899 1344 2933; x_wconf 78' lang='lat' dir='ltr'>ligatis,</span> <span class='ocrx_word' id='word_1_1976' title='bbox 1357 2899 1473 2933; x_wconf 83' lang='lat' dir='ltr'>primum</span> <span class='ocrx_word' id='word_1_1977' title='bbox 1487 2907 1518 2924; x_wconf 85' lang='lat' dir='ltr'>ex</span> <span class='ocrx_word' id='word_1_1978' title='bbox 1533 2898 1609 2924; x_wconf 86' lang='lat' dir='ltr'>omni</span> <span class='ocrx_word' id='word_1_1979' title='bbox 1623 2906 1746 2928; x_wconf 85' lang='lat' dir='ltr'>numero,</span> <span class='ocrx_word' id='word_1_1980' title='bbox 1759 2905 1836 2930; x_wconf 83' lang='lat' dir='ltr'>quam</span> <span class='ocrx_word' id='word_1_1981' title='bbox 1852 2905 1905 2922; x_wconf 85' lang='lat' dir='ltr'>non</span> <span class='ocrx_word' id='word_1_1982' title='bbox 1920 2896 1998 2922; x_wconf 86' lang='lat' dir='ltr'>multi</span> <span class='ocrx_word' id='word_1_1983' title='bbox 2013 2896 2065 2923; x_wconf 84' lang='lat' dir='ltr'>anfi</span> <span class='ocrx_word' id='word_1_1984' title='bbox 2081 2897 2128 2923; x_wconf 85' lang='lat' dir='ltr'>sint</span> <span class='ocrx_word' id='word_1_1985' title='bbox 2143 2897 2243 2931; x_wconf 84' lang='lat' dir='ltr'>dicere,</span> <span class='ocrx_word' id='word_1_1986' title='bbox 2259 2899 2303 2926; x_wconf 82' lang='lat' dir='ltr'>de.</span> 
     </span>
     <span class='ocr_line' id='line_1_209' title="bbox 1246 2931 2304 2970; baseline 0 -9"><span class='ocrx_word' id='word_1_1987' title='bbox 1246 2935 1308 2961; x_wconf 90' lang='lat' dir='ltr'>inde</span> <span class='ocrx_word' id='word_1_1988' title='bbox 1321 2943 1352 2960; x_wconf 79' lang='lat' dir='ltr'>ex</span> <span class='ocrx_word' id='word_1_1989' title='bbox 1368 2935 1401 2961; x_wconf 81' lang='lat' dir='ltr'>iis</span> <span class='ocrx_word' id='word_1_1990' title='bbox 1416 2935 1573 2970; x_wconf 79' lang='lat' dir='ltr'>ipsis,quam</span> <span class='ocrx_word' id='word_1_1991' title='bbox 1585 2933 1661 2968; x_wconf 86' lang='lat' dir='ltr'>pauci</span> <span class='ocrx_word' id='word_1_1992' title='bbox 1676 2933 1777 2959; x_wconf 84' lang='lat' dir='ltr'>fuerint</span> <span class='ocrx_word' id='word_1_1993' title='bbox 1791 2931 1867 2958; x_wconf 85' lang='lat' dir='ltr'>laude</span> <span class='ocrx_word' id='word_1_1994' title='bbox 1882 2932 1967 2966; x_wconf 82' lang='lat' dir='ltr'>digni.</span> <span class='ocrx_word' id='word_1_1995' title='bbox 2075 2934 2304 2970; x_wconf 84' lang='lat' dir='ltr'>Operamquedet,</span> 
     </span>
    </p>
   </div>
   <div class='ocr_carea' id='block_1_40' title="bbox 615 2967 2301 3006">
    <p class='ocr_par' dir='ltr' id='par_1_51' title="bbox 615 2967 2301 3006">
     <span class='ocr_line' id='line_1_210' title="bbox 615 2967 2301 3006; baseline 0.002 -12"><span class='ocrx_word' id='word_1_1996' title='bbox 615 2969 747 2996; x_wconf 84' lang='lat' dir='ltr'>Praclium</span> <span class='ocrx_word' id='word_1_1997' title='bbox 765 2970 880 2995; x_wconf 81' lang='lat' dir='ltr'>atrocius</span> <span class='ocrx_word' id='word_1_1998' title='bbox 901 2978 980 3004; x_wconf 86' lang='lat' dir='ltr'>quain</span> <span class='ocrx_word' id='word_1_1999' title='bbox 1002 2979 1050 3004; x_wconf 88' lang='lat' dir='ltr'>pro</span> <span class='ocrx_word' id='word_1_2000' title='bbox 1069 2979 1183 2996; x_wconf 83' lang='lat' dir='ltr'>numero</span> <span class='ocrx_word' id='word_1_2001' title='bbox 1195 2980 1227 3006; x_wconf 78' lang='lat'>80</span> <span class='ocrx_word' id='word_1_2002' title='bbox 1243 2977 1271 2997; x_wconf 81' lang='lat' dir='ltr'>vt</span> <span class='ocrx_word' id='word_1_2003' title='bbox 1289 2980 1350 2999; x_wconf 85' lang='lat' dir='ltr'>cuin</span> <span class='ocrx_word' id='word_1_2004' title='bbox 1369 2972 1420 2997; x_wconf 80' lang='lat' dir='ltr'>suis</span> <span class='ocrx_word' id='word_1_2005' title='bbox 1442 2971 1525 3006; x_wconf 82' lang='lat' dir='ltr'>copiis</span> <span class='ocrx_word' id='word_1_2006' title='bbox 1545 2979 1624 3004; x_wconf 89' lang='lat' dir='ltr'>quain</span> <span class='ocrx_word' id='word_1_2007' title='bbox 1646 2969 1768 3004; x_wconf 75' lang='lat' dir='ltr'>proxime</span> <span class='ocrx_word' id='word_1_2008' title='bbox 1784 2968 1887 2994; x_wconf 88' lang='lat' dir='ltr'>Italiam</span> <span class='ocrx_word' id='word_1_2009' title='bbox 1906 2968 1936 2995; x_wconf 84' lang='lat' dir='ltr'>fit</span> <span class='ocrx_word' id='word_1_2010' title='bbox 1972 2967 2044 2994; x_wconf 91' lang='lat' dir='ltr'>Ideni</span> <span class='ocrx_word' id='word_1_2011' title='bbox 2065 2969 2178 3002; x_wconf 81' lang='lat' dir='ltr'>Philipp.</span> <span class='ocrx_word' id='word_1_2012' title='bbox 2199 2979 2237 3002; x_wconf 85' lang='lat'>10,</span> <span class='ocrx_word' id='word_1_2013' title='bbox 2259 2974 2301 2998; x_wconf 87' lang='lat'>26.</span> 
     </span>
    </p>
   </div>
   <div class='ocr_carea' id='block_1_41' title="bbox 1244 3005 2303 3687">
    <p class='ocr_par' dir='ltr' id='par_1_52' title="bbox 1244 3005 2303 3687">
     <span class='ocr_line' id='line_1_211' title="bbox 1244 3005 2301 3041; baseline -0.004 -8"><span class='ocrx_word' id='word_1_2014' title='bbox 1244 3007 1336 3033; x_wconf 84' lang='lat' dir='ltr'>Tacit.</span> <span class='ocrx_word' id='word_1_2015' title='bbox 1352 3008 1420 3033; x_wconf 92' lang='lat' dir='ltr'>Ann.</span> <span class='ocrx_word' id='word_1_2016' title='bbox 1444 3016 1476 3040; x_wconf 76' lang='grc' dir='ltr'>ις,</span> <span class='ocrx_word' id='word_1_2017' title='bbox 1496 3015 1533 3041; x_wconf 80' lang='lat'>74</span> <span class='ocrx_word' id='word_1_2018' title='bbox 1564 3007 1598 3032; x_wconf 94' lang='lat' dir='ltr'>Vt</span> <span class='ocrx_word' id='word_1_2019' title='bbox 1611 3005 1739 3040; x_wconf 83' lang='lat' dir='ltr'>templum</span> <span class='ocrx_word' id='word_1_2020' title='bbox 1755 3005 1825 3030; x_wconf 87' lang='lat' dir='ltr'>Diuo</span> <span class='ocrx_word' id='word_1_2021' title='bbox 1840 3013 1919 3038; x_wconf 88' lang='lat' dir='ltr'>quam</span> <span class='ocrx_word' id='word_1_2022' title='bbox 1933 3005 2090 3030; x_wconf 81' lang='lat' dir='ltr'>maturrime</span> <span class='ocrx_word' id='word_1_2023' title='bbox 2104 3005 2209 3038; x_wconf 83' lang='lat' dir='ltr'>publica</span> <span class='ocrx_word' id='word_1_2024' title='bbox 2225 3015 2301 3040; x_wconf 82' lang='lat' dir='ltr'>pecu-</span> 
     </span>
     <span class='ocr_line' id='line_1_212' title="bbox 1515 3039 2302 3074; baseline 0 -5"><span class='ocrx_word' id='word_1_2025' title='bbox 1515 3042 1587 3069; x_wconf 90' lang='lat' dir='ltr'>ldem</span> <span class='ocrx_word' id='word_1_2026' title='bbox 1606 3041 1672 3068; x_wconf 84' lang='lat' dir='ltr'>ibid.</span> <span class='ocrx_word' id='word_1_2027' title='bbox 1688 3050 1723 3074; x_wconf 86' lang='lat'>12,</span> <span class='ocrx_word' id='word_1_2028' title='bbox 1737 3044 1767 3074; x_wconf 56' lang='grc' dir='ltr'>(ις</span> <span class='ocrx_word' id='word_1_2029' title='bbox 1787 3039 1916 3073; x_wconf 67' lang='lat' dir='ltr'>Ampleffl</span> <span class='ocrx_word' id='word_1_2030' title='bbox 1930 3040 2121 3073; x_wconf 84' lang='lat' dir='ltr'>Britannicum,</span> <span class='ocrx_word' id='word_1_2031' title='bbox 2135 3040 2220 3067; x_wconf 88' lang='lat' dir='ltr'>robur</span> <span class='ocrx_word' id='word_1_2032' title='bbox 2233 3048 2302 3069; x_wconf 85' lang='lat' dir='ltr'>acta-</span> 
     </span>
     <span class='ocr_line' id='line_1_213' title="bbox 1245 3076 2302 3112; baseline -0.001 -7"><span class='ocrx_word' id='word_1_2033' title='bbox 1245 3080 1279 3105; x_wconf 79' lang='lat' dir='ltr'>tis</span> <span class='ocrx_word' id='word_1_2034' title='bbox 1294 3087 1372 3112; x_wconf 81' lang='lat' dir='ltr'>quain</span> <span class='ocrx_word' id='word_1_2035' title='bbox 1387 3079 1575 3105; x_wconf 80' lang='lat' dir='ltr'>maturrimum</span> <span class='ocrx_word' id='word_1_2036' title='bbox 1590 3078 1700 3112; x_wconf 84' lang='lat' dir='ltr'>precari.</span> <span class='ocrx_word' id='word_1_2037' title='bbox 1791 3077 1952 3102; x_wconf 82' lang='lat' dir='ltr'>Memoriam</span> <span class='ocrx_word' id='word_1_2038' title='bbox 1968 3085 2045 3109; x_wconf 87' lang='lat' dir='ltr'>quain</span> <span class='ocrx_word' id='word_1_2039' title='bbox 2066 3076 2181 3102; x_wconf 81' lang='lat' dir='ltr'>maxime</span> <span class='ocrx_word' id='word_1_2040' title='bbox 2194 3077 2302 3111; x_wconf 82' lang='lat' dir='ltr'>longam</span> 
     </span>
     <span class='ocr_line' id='line_1_214' title="bbox 1247 3108 2300 3147; baseline -0.004 -7"><span class='ocrx_word' id='word_1_2041' title='bbox 1247 3113 1350 3141; x_wconf 59' lang='lat' dir='ltr'>ellit-ere</span> <span class='ocrx_word' id='word_1_2042' title='bbox 1369 3115 1467 3141; x_wconf 83' lang='lat' dir='ltr'>Sallust.</span> <span class='ocrx_word' id='word_1_2043' title='bbox 1482 3114 1560 3141; x_wconf 69' lang='lat' dir='ltr'>Catil.</span> <span class='ocrx_word' id='word_1_2044' title='bbox 1575 3123 1596 3140; x_wconf 87' lang='lat' dir='ltr'>c.</span> <span class='ocrx_word' id='word_1_2045' title='bbox 1612 3122 1631 3140; x_wconf 94' lang='grc' dir='ltr'>ι.</span> <span class='ocrx_word' id='word_1_2046' title='bbox 1809 3108 1829 3145; x_wconf 65' lang='lat' dir='ltr'>‘l</span> <span class='ocrx_word' id='word_1_2047' title='bbox 1852 3116 1864 3141; x_wconf 91' lang='lat'><em>8</em></span> <span class='ocrx_word' id='word_1_2048' title='bbox 1901 3113 1981 3137; x_wconf 73' lang='lat' dir='ltr'>Etiam</span> <span class='ocrx_word' id='word_1_2049' title='bbox 1999 3114 2034 3143; x_wconf 70' lang='lat' dir='ltr'>lic</span> <span class='ocrx_word' id='word_1_2050' title='bbox 2046 3115 2154 3146; x_wconf 75' lang='lat' dir='ltr'>ponitur</span> <span class='ocrx_word' id='word_1_2051' title='bbox 2167 3122 2221 3138; x_wconf 78' lang='lat' dir='ltr'>cum</span> <span class='ocrx_word' id='word_1_2052' title='bbox 2236 3113 2300 3147; x_wconf 74' lang='lat' dir='ltr'>Post.</span> 
     </span>
     <span class='ocr_line' id='line_1_215' title="bbox 1369 3145 2303 3184; baseline -0.002 -7"><span class='ocrx_word' id='word_1_2053' title='bbox 1369 3151 1439 3177; x_wconf 87' lang='lat' dir='ltr'>Ter.</span> <span class='ocrx_word' id='word_1_2054' title='bbox 1453 3151 1517 3176; x_wconf 84' lang='lat' dir='ltr'>Enn.</span> <span class='ocrx_word' id='word_1_2055' title='bbox 1537 3159 1562 3182; x_wconf 90' lang='lat'>2,</span> <span class='ocrx_word' id='word_1_2056' title='bbox 1583 3158 1604 3184; x_wconf 71' lang='lat'>3,</span> <span class='ocrx_word' id='word_1_2057' title='bbox 1624 3157 1655 3181; x_wconf 74' lang='lat'>43</span> <span class='ocrx_word' id='word_1_2058' title='bbox 1676 3145 1940 3175; x_wconf 83' lang='lat' dir='ltr'>Continuo&#39;accurrit</span> <span class='ocrx_word' id='word_1_2059' title='bbox 1954 3147 1985 3173; x_wconf 85' lang='lat' dir='ltr'>ad</span> <span class='ocrx_word' id='word_1_2060' title='bbox 1999 3156 2042 3173; x_wconf 83' lang='lat' dir='ltr'>mc</span> <span class='ocrx_word' id='word_1_2061' title='bbox 2056 3156 2136 3181; x_wconf 91' lang='lat' dir='ltr'>quam</span> <span class='ocrx_word' id='word_1_2062' title='bbox 2151 3148 2230 3182; x_wconf 70' lang='lat' dir='ltr'>longe</span> <span class='ocrx_word' id='word_1_2063' title='bbox 2243 3151 2303 3183; x_wconf 58' lang='lat' dir='ltr'>quiv</span> 
     </span>
     <span class='ocr_line' id='line_1_216' title="bbox 1247 3182 2302 3216; baseline -0.002 -4"><span class='ocrx_word' id='word_1_2064' title='bbox 1247 3186 1319 3212; x_wconf 75' lang='lat' dir='ltr'>deni:</span> <span class='ocrx_word' id='word_1_2065' title='bbox 1407 3187 1463 3213; x_wconf 92' lang='lat' dir='ltr'>Cic.</span> <span class='ocrx_word' id='word_1_2066' title='bbox 1479 3187 1510 3212; x_wconf 83' lang='lat' dir='ltr'>dc</span> <span class='ocrx_word' id='word_1_2067' title='bbox 1524 3186 1586 3212; x_wconf 83' lang='lat' dir='ltr'>Nat.</span> <span class='ocrx_word' id='word_1_2068' title='bbox 1601 3185 1681 3211; x_wconf 88' lang='lat' dir='ltr'>Deor.</span> <span class='ocrx_word' id='word_1_2069' title='bbox 1700 3193 1722 3216; x_wconf 78' lang='lat'>3,</span> <span class='ocrx_word' id='word_1_2070' title='bbox 1743 3192 1775 3216; x_wconf 77' lang='lat'>34</span> <span class='ocrx_word' id='word_1_2071' title='bbox 1799 3183 1870 3209; x_wconf 78' lang='lat' dir='ltr'>Soles</span> <span class='ocrx_word' id='word_1_2072' title='bbox 1890 3182 1936 3216; x_wconf 77' lang='lat' dir='ltr'>ipi&#39;i</span> <span class='ocrx_word' id='word_1_2073' title='bbox 1952 3191 2031 3216; x_wconf 87' lang='lat' dir='ltr'>quain</span> <span class='ocrx_word' id='word_1_2074' title='bbox 2051 3184 2155 3209; x_wconf 83' lang='lat' dir='ltr'>multia</span> <span class='ocrx_word' id='word_1_2075' title='bbox 2169 3183 2302 3213; x_wconf 66' lang='lat' dir='ltr'>theologis</span> 
     </span>
     <span class='ocr_line' id='line_1_217' title="bbox 1249 3215 2302 3256; baseline 0 -8"><span class='ocrx_word' id='word_1_2076' title='bbox 1249 3223 1440 3256; x_wconf 78' lang='lat' dir='ltr'>proferuntur?</span> <span class='ocrx_word' id='word_1_2077' title='bbox 1502 3222 1574 3248; x_wconf 88' lang='lat' dir='ltr'>Idem</span> <span class='ocrx_word' id='word_1_2078' title='bbox 1588 3221 1671 3248; x_wconf 80' lang='lat' dir='ltr'>Tuse.</span> <span class='ocrx_word' id='word_1_2079' title='bbox 1686 3229 1705 3251; x_wconf 80' lang='lat'>3,</span> <span class='ocrx_word' id='word_1_2080' title='bbox 1719 3225 1746 3252; x_wconf 74' lang='lat'>83</span> <span class='ocrx_word' id='word_1_2081' title='bbox 1764 3219 1845 3253; x_wconf 86' lang='lat' dir='ltr'>Atqui</span> <span class='ocrx_word' id='word_1_2082' title='bbox 1860 3218 1950 3253; x_wconf 80' lang='lat' dir='ltr'>stirpes</span> <span class='ocrx_word' id='word_1_2083' title='bbox 1965 3220 2021 3245; x_wconf 86' lang='lat' dir='ltr'>sunt</span> <span class='ocrx_word' id='word_1_2084' title='bbox 2033 3220 2207 3252; x_wconf 73' lang='lat' dir='ltr'>aegritudinis</span> <span class='ocrx_word' id='word_1_2085' title='bbox 2222 3215 2302 3254; x_wconf 67' lang='lat' dir='ltr'>quam</span> 
     </span>
     <span class='ocr_line' id='line_1_218' title="bbox 1248 3255 2302 3292; baseline -0.002 -8"><span class='ocrx_word' id='word_1_2086' title='bbox 1248 3258 1355 3289; x_wconf 90' lang='lat' dir='ltr'>multae,</span> <span class='ocrx_word' id='word_1_2087' title='bbox 1371 3267 1450 3292; x_wconf 84' lang='lat' dir='ltr'>quain</span> <span class='ocrx_word' id='word_1_2088' title='bbox 1461 3257 1577 3284; x_wconf 83' lang='lat' dir='ltr'>amarae!</span> <span class='ocrx_word' id='word_1_2089' title='bbox 1642 3258 1672 3283; x_wconf 76' lang='lat' dir='ltr'>Et</span> <span class='ocrx_word' id='word_1_2090' title='bbox 1685 3257 1738 3282; x_wconf 87' lang='lat' dir='ltr'>Att.</span> <span class='ocrx_word' id='word_1_2091' title='bbox 1752 3263 1778 3289; x_wconf 89' lang='lat'>7,</span> <span class='ocrx_word' id='word_1_2092' title='bbox 1795 3263 1818 3287; x_wconf 76' lang='grc' dir='ltr'>ις</span> <span class='ocrx_word' id='word_1_2093' title='bbox 1840 3255 1916 3281; x_wconf 82' lang='lat' dir='ltr'>Suam</span> <span class='ocrx_word' id='word_1_2094' title='bbox 1932 3255 1958 3280; x_wconf 89' lang='lat' dir='ltr'>in</span> <span class='ocrx_word' id='word_1_2095' title='bbox 1973 3255 2066 3281; x_wconf 85' lang='lat' dir='ltr'>Senatu</span> <span class='ocrx_word' id='word_1_2096' title='bbox 2082 3264 2200 3289; x_wconf 80' lang='lat' dir='ltr'>operam,</span> <span class='ocrx_word' id='word_1_2097' title='bbox 2214 3257 2302 3283; x_wconf 63' lang='lat' dir='ltr'>auclo-</span> 
     </span>
     <span class='ocr_line' id='line_1_219' title="bbox 1247 3291 2301 3328; baseline 0 -9"><span class='ocrx_word' id='word_1_2098' title='bbox 1247 3295 1408 3328; x_wconf 86' lang='lat' dir='ltr'>ritatemque</span> <span class='ocrx_word' id='word_1_2099' title='bbox 1425 3303 1501 3328; x_wconf 81' lang='lat' dir='ltr'>quani</span> <span class='ocrx_word' id='word_1_2100' title='bbox 1515 3293 1602 3323; x_wconf 68' lang='lat' dir='ltr'>inazni</span> <span class='ocrx_word' id='word_1_2101' title='bbox 1617 3292 1744 3318; x_wconf 80' lang='lat' dir='ltr'>aestimat.</span> <span class='ocrx_word' id='word_1_2102' title='bbox 1764 3291 1816 3316; x_wconf 64' lang='lat' dir='ltr'>viil.</span> <span class='ocrx_word' id='word_1_2103' title='bbox 1838 3291 1862 3316; x_wconf 76' lang='lat' dir='ltr'>h.</span> <span class='ocrx_word' id='word_1_2104' title='bbox 1876 3292 1892 3316; x_wconf 87' lang='lat' dir='ltr'>l.</span> <span class='ocrx_word' id='word_1_2105' title='bbox 1915 3293 2003 3317; x_wconf 64' lang='lat' dir='ltr'>(imru.</span> <span class='ocrx_word' id='word_1_2106' title='bbox 2058 3291 2088 3316; x_wconf 77' lang='lat' dir='ltr'>Et</span> <span class='ocrx_word' id='word_1_2107' title='bbox 2102 3291 2182 3317; x_wconf 84' lang='lat' dir='ltr'>alibi:</span> <span class='ocrx_word' id='word_1_2108' title='bbox 2203 3293 2301 3320; x_wconf 80' lang='lat' dir='ltr'>Scribit</span> 
     </span>
     <span class='ocr_line' id='line_1_220' title="bbox 2108 3327 2301 3362; baseline 0.016 -10"><span class='ocrx_word' id='word_1_2109' title='bbox 2108 3327 2240 3360; x_wconf 69' lang='lat' dir='ltr'>Qiinffll.</span> <span class='ocrx_word' id='word_1_2110' title='bbox 2262 3338 2301 3362; x_wconf 90' lang='lat'>12,</span> 
     </span>
     <span class='ocr_line' id='line_1_221' title="bbox 1248 3361 2301 3399; baseline -0.005 -7"><span class='ocrx_word' id='word_1_2111' title='bbox 1248 3374 1281 3397; x_wconf 82' lang='lat'>12,</span> <span class='ocrx_word' id='word_1_2112' title='bbox 1290 3375 1324 3398; x_wconf 83' lang='lat'>24</span> <span class='ocrx_word' id='word_1_2113' title='bbox 1345 3368 1432 3399; x_wconf 82' lang='lat' dir='ltr'>Qiam</span> <span class='ocrx_word' id='word_1_2114' title='bbox 1448 3366 1538 3396; x_wconf 85' lang='lat' dir='ltr'>multa,</span> <span class='ocrx_word' id='word_1_2115' title='bbox 1548 3366 1631 3391; x_wconf 88' lang='lat' dir='ltr'>immo</span> <span class='ocrx_word' id='word_1_2116' title='bbox 1644 3372 1724 3398; x_wconf 80' lang='lat' dir='ltr'>paene</span> <span class='ocrx_word' id='word_1_2117' title='bbox 1733 3363 1823 3389; x_wconf 86' lang='lat' dir='ltr'>omnia</span> <span class='ocrx_word' id='word_1_2118' title='bbox 1838 3361 1950 3388; x_wconf 82' lang='lat' dir='ltr'>tradidit</span> <span class='ocrx_word' id='word_1_2119' title='bbox 1959 3362 2053 3388; x_wconf 85' lang='lat' dir='ltr'>Varro.</span> <span class='ocrx_word' id='word_1_2120' title='bbox 2091 3362 2139 3389; x_wconf 67' lang='lat' dir='ltr'>Sed</span> <span class='ocrx_word' id='word_1_2121' title='bbox 2152 3363 2251 3398; x_wconf 67' lang='lat' dir='ltr'>boi-per</span> <span class='ocrx_word' id='word_1_2122' title='bbox 2263 3368 2301 3390; x_wconf 80' lang='lat' dir='ltr'>in.</span> 
     </span>
     <span class='ocr_line' id='line_1_222' title="bbox 1244 3395 2301 3437; baseline -0.003 -10"><span class='ocrx_word' id='word_1_2123' title='bbox 1244 3405 1436 3437; x_wconf 55' lang='lat' dir='ltr'>arrogationem</span> <span class='ocrx_word' id='word_1_2124' title='bbox 1451 3404 1491 3428; x_wconf 72' lang='lat' dir='ltr'>ve!</span> <span class='ocrx_word' id='word_1_2125' title='bbox 1502 3401 1691 3427; x_wconf 65' lang='lat' dir='ltr'>adnisi-ationem</span> <span class='ocrx_word' id='word_1_2126' title='bbox 1707 3402 1779 3425; x_wconf 74' lang='lat' dir='ltr'>etiam</span> <span class='ocrx_word' id='word_1_2127' title='bbox 1794 3397 1880 3431; x_wconf 68' lang='lat' dir='ltr'>cſjirri</span> <span class='ocrx_word' id='word_1_2128' title='bbox 1892 3395 1981 3432; x_wconf 55' lang='lat' dir='ltr'>potest,</span> <span class='ocrx_word' id='word_1_2129' title='bbox 2002 3405 2031 3423; x_wconf 75' lang='lat' dir='ltr'>vt</span> <span class='ocrx_word' id='word_1_2130' title='bbox 2056 3397 2131 3432; x_wconf 80' lang='lat' dir='ltr'>Virg.</span> <span class='ocrx_word' id='word_1_2131' title='bbox 2147 3399 2200 3424; x_wconf 83' lang='lat' dir='ltr'>Ecl.</span> <span class='ocrx_word' id='word_1_2132' title='bbox 2220 3408 2235 3426; x_wconf 88' lang='lat'>2</span> <span class='ocrx_word' id='word_1_2133' title='bbox 2245 3420 2252 3432; x_wconf 89' lang='lat'>‚</span> <span class='ocrx_word' id='word_1_2134' title='bbox 2266 3409 2301 3426; x_wconf 92' lang='lat'>20</span> 
     </span>
     <span class='ocr_line' id='line_1_223' title="bbox 1246 3433 2300 3471; baseline -0.002 -7"><span class='ocrx_word' id='word_1_2135' title='bbox 1246 3437 1313 3469; x_wconf 88' lang='lat' dir='ltr'>Nec,</span> <span class='ocrx_word' id='word_1_2136' title='bbox 1326 3437 1371 3471; x_wconf 86' lang='lat' dir='ltr'>qui</span> <span class='ocrx_word' id='word_1_2137' title='bbox 1389 3437 1445 3470; x_wconf 83' lang='lat' dir='ltr'>fini,</span> <span class='ocrx_word' id='word_1_2138' title='bbox 1461 3438 1577 3471; x_wconf 83' lang='lat' dir='ltr'>quaeris,</span> <span class='ocrx_word' id='word_1_2139' title='bbox 1592 3435 1686 3466; x_wconf 88' lang='lat' dir='ltr'>Alexi,</span> <span class='ocrx_word' id='word_1_2140' title='bbox 1728 3436 1814 3467; x_wconf 79' lang='lat' dir='ltr'>Qiam</span> <span class='ocrx_word' id='word_1_2141' title='bbox 1829 3433 1901 3459; x_wconf 82' lang='lat' dir='ltr'>diucs</span> <span class='ocrx_word' id='word_1_2142' title='bbox 1916 3433 2017 3467; x_wconf 75' lang='lat' dir='ltr'>pecoris</span> <span class='ocrx_word' id='word_1_2143' title='bbox 2032 3433 2115 3464; x_wconf 85' lang='lat' dir='ltr'>niuei,</span> <span class='ocrx_word' id='word_1_2144' title='bbox 2131 3443 2209 3468; x_wconf 88' lang='lat' dir='ltr'>quam</span> <span class='ocrx_word' id='word_1_2145' title='bbox 2225 3436 2300 3462; x_wconf 69' lang='lat' dir='ltr'>laGtis</span> 
     </span>
     <span class='ocr_line' id='line_1_224' title="bbox 1461 3469 2300 3505; baseline 0.004 -10"><span class='ocrx_word' id='word_1_2146' title='bbox 1461 3474 1521 3499; x_wconf 75' lang='lat' dir='ltr'>Lm,</span> <span class='ocrx_word' id='word_1_2147' title='bbox 1537 3475 1622 3505; x_wconf 72' lang='lat'>26,14</span> <span class='ocrx_word' id='word_1_2148' title='bbox 1642 3473 1729 3504; x_wconf 66' lang='lat' dir='ltr'>(Qiam</span> <span class='ocrx_word' id='word_1_2149' title='bbox 1744 3470 1810 3495; x_wconf 79' lang='lat' dir='ltr'>forti</span> <span class='ocrx_word' id='word_1_2150' title='bbox 1825 3469 1924 3501; x_wconf 80' lang='lat' dir='ltr'>animo,</span> <span class='ocrx_word' id='word_1_2151' title='bbox 1945 3475 1990 3495; x_wconf 74' lang='lat' dir='ltr'>etc.</span> <span class='ocrx_word' id='word_1_2152' title='bbox 2050 3470 2145 3496; x_wconf 90' lang='lat' dir='ltr'>Tuum</span> <span class='ocrx_word' id='word_1_2153' title='bbox 2160 3471 2300 3498; x_wconf 84' lang='lat' dir='ltr'>confilium</span> 
     </span>
     <span class='ocr_line' id='line_1_225' title="bbox 2032 3506 2300 3538; baseline 0.015 -8"><span class='ocrx_word' id='word_1_2154' title='bbox 2032 3506 2119 3538; x_wconf 81' lang='lat' dir='ltr'>Qiam</span> <span class='ocrx_word' id='word_1_2155' title='bbox 2137 3506 2216 3533; x_wconf 84' lang='lat' dir='ltr'>facile</span> <span class='ocrx_word' id='word_1_2156' title='bbox 2234 3509 2300 3534; x_wconf 88' lang='lat' dir='ltr'>acci—</span> 
     </span>
     <span class='ocr_line' id='line_1_226' title="bbox 1247 3541 2299 3579; baseline -0.005 -8"><span class='ocrx_word' id='word_1_2157' title='bbox 1247 3545 1316 3579; x_wconf 84' lang='lat' dir='ltr'>pitei·</span> <span class='ocrx_word' id='word_1_2158' title='bbox 1329 3546 1479 3571; x_wconf 78' lang='lat' dir='ltr'>columbam</span> <span class='ocrx_word' id='word_1_2159' title='bbox 1496 3545 1667 3578; x_wconf 83' lang='lat' dir='ltr'>consequitur</span> <span class='ocrx_word' id='word_1_2160' title='bbox 1688 3543 1761 3574; x_wconf 71' lang='lat' dir='ltr'>Virg.</span> <span class='ocrx_word' id='word_1_2161' title='bbox 1772 3543 1835 3567; x_wconf 83' lang='lat' dir='ltr'>Aen.</span> <span class='ocrx_word' id='word_1_2162' title='bbox 1850 3549 1882 3572; x_wconf 90' lang='lat' dir='ltr'>ii,</span> <span class='ocrx_word' id='word_1_2163' title='bbox 1896 3547 1945 3575; x_wconf 82' lang='lat'>722</span> <span class='ocrx_word' id='word_1_2164' title='bbox 2036 3541 2140 3567; x_wconf 79' lang='lat' dir='ltr'>Liberis</span> <span class='ocrx_word' id='word_1_2165' title='bbox 2156 3541 2218 3568; x_wconf 86' lang='lat' dir='ltr'>dare</span> <span class='ocrx_word' id='word_1_2166' title='bbox 2238 3553 2299 3577; x_wconf 85' lang='lat' dir='ltr'>ope.</span> 
     </span>
     <span class='ocr_line' id='line_1_227' title="bbox 1247 3576 2299 3614; baseline -0.004 -8"><span class='ocrx_word' id='word_1_2167' title='bbox 1247 3590 1302 3607; x_wconf 83' lang='lat' dir='ltr'>ram</span> <span class='ocrx_word' id='word_1_2168' title='bbox 1318 3590 1396 3614; x_wconf 78' lang='lat' dir='ltr'>quam</span> <span class='ocrx_word' id='word_1_2169' title='bbox 1412 3581 1518 3607; x_wconf 81' lang='lat' dir='ltr'>lioucstc</span> <span class='ocrx_word' id='word_1_2170' title='bbox 1534 3581 1634 3606; x_wconf 82' lang='lat' dir='ltr'>dicitur</span> <span class='ocrx_word' id='word_1_2171' title='bbox 1659 3579 1715 3605; x_wconf 87' lang='lat' dir='ltr'>Cic.</span> <span class='ocrx_word' id='word_1_2172' title='bbox 1732 3578 1802 3603; x_wconf 73' lang='lat' dir='ltr'>Fam.</span> <span class='ocrx_word' id='word_1_2173' title='bbox 1816 3585 1846 3609; x_wconf 84' lang='lat'>9,</span> <span class='ocrx_word' id='word_1_2174' title='bbox 1869 3585 1904 3602; x_wconf 61' lang='grc' dir='ltr'>τις.</span> <span class='ocrx_word' id='word_1_2175' title='bbox 1975 3576 2039 3602; x_wconf 84' lang='lat' dir='ltr'>Suos</span> <span class='ocrx_word' id='word_1_2176' title='bbox 2053 3577 2128 3603; x_wconf 78' lang='lat' dir='ltr'>valde</span> <span class='ocrx_word' id='word_1_2177' title='bbox 2142 3587 2222 3611; x_wconf 85' lang='lat' dir='ltr'>quam</span> <span class='ocrx_word' id='word_1_2178' title='bbox 2238 3588 2299 3612; x_wconf 85' lang='lat' dir='ltr'>pau.</span> 
     </span>
     <span class='ocr_line' id='line_1_228' title="bbox 1247 3612 2299 3647; baseline -0.005 -5"><span class='ocrx_word' id='word_1_2179' title='bbox 1247 3626 1290 3642; x_wconf 87' lang='lat' dir='ltr'>cos</span> <span class='ocrx_word' id='word_1_2180' title='bbox 1305 3616 1382 3642; x_wconf 81' lang='lat' dir='ltr'>habet</span> <span class='ocrx_word' id='word_1_2181' title='bbox 1404 3618 1476 3642; x_wconf 74' lang='lat' dir='ltr'>l&#39;irut.</span> <span class='ocrx_word' id='word_1_2182' title='bbox 1490 3617 1520 3642; x_wconf 81' lang='lat' dir='ltr'>ad</span> <span class='ocrx_word' id='word_1_2183' title='bbox 1536 3616 1593 3642; x_wconf 85' lang='lat' dir='ltr'>Cic.</span> <span class='ocrx_word' id='word_1_2184' title='bbox 1608 3616 1678 3641; x_wconf 80' lang='lat' dir='ltr'>Fam.</span> <span class='ocrx_word' id='word_1_2185' title='bbox 1695 3622 1725 3642; x_wconf 84' lang='grc' dir='ltr'>ιι,</span> <span class='ocrx_word' id='word_1_2186' title='bbox 1739 3621 1771 3643; x_wconf 76' lang='lat'>13.</span> <span class='ocrx_word' id='word_1_2187' title='bbox 1853 3612 1927 3638; x_wconf 84' lang='lat' dir='ltr'>Pater</span> <span class='ocrx_word' id='word_1_2188' title='bbox 1939 3617 2017 3646; x_wconf 65' lang='lat' dir='ltr'>qum</span> <span class='ocrx_word' id='word_1_2189' title='bbox 2032 3612 2107 3638; x_wconf 87' lang='lat' dir='ltr'>breui</span> <span class='ocrx_word' id='word_1_2190' title='bbox 2123 3622 2249 3647; x_wconf 84' lang='lat' dir='ltr'>corpore,</span> <span class='ocrx_word' id='word_1_2191' title='bbox 2262 3622 2299 3641; x_wconf 70' lang='lat' dir='ltr'>at.</span> 
     </span>
     <span class='ocr_line' id='line_1_229' title="bbox 1246 3648 2299 3687; baseline -0.002 -9"><span class='ocrx_word' id='word_1_2192' title='bbox 1246 3661 1297 3685; x_wconf 77' lang='lat' dir='ltr'>que</span> <span class='ocrx_word' id='word_1_2193' title='bbox 1312 3653 1393 3679; x_wconf 87' lang='lat' dir='ltr'>etiam</span> <span class='ocrx_word' id='word_1_2194' title='bbox 1407 3652 1502 3687; x_wconf 76' lang='lat' dir='ltr'>gibber</span> <span class='ocrx_word' id='word_1_2195' title='bbox 1528 3654 1598 3678; x_wconf 68' lang='lat' dir='ltr'>Suet.</span> <span class='ocrx_word' id='word_1_2196' title='bbox 1609 3650 1691 3677; x_wconf 85' lang='lat' dir='ltr'>Galba</span> <span class='ocrx_word' id='word_1_2197' title='bbox 1703 3657 1724 3673; x_wconf 84' lang='lat' dir='ltr'>c.</span> <span class='ocrx_word' id='word_1_2198' title='bbox 1735 3657 1756 3678; x_wconf 66' lang='grc' dir='ltr'>ς.</span> <span class='ocrx_word' id='word_1_2199' title='bbox 1777 3649 1810 3674; x_wconf 76' lang='lat' dir='ltr'>al.</span> <span class='ocrx_word' id='word_1_2200' title='bbox 1831 3657 2001 3682; x_wconf 83' lang='lat' dir='ltr'>quamquam.</span> <span class='ocrx_word' id='word_1_2201' title='bbox 2092 3648 2149 3675; x_wconf 88' lang='lat' dir='ltr'>Nae</span> <span class='ocrx_word' id='word_1_2202' title='bbox 2162 3649 2206 3675; x_wconf 90' lang='lat' dir='ltr'>ille</span> <span class='ocrx_word' id='word_1_2203' title='bbox 2220 3658 2299 3683; x_wconf 89' lang='lat' dir='ltr'>quam</span> 
     </span>
    </p>
   </div>
   <div class='ocr_carea' id='block_1_42' title="bbox 1244 3472 1388 3499">
    <p class='ocr_par' dir='ltr' id='par_1_53' title="bbox 1244 3472 1388 3499">
     <span class='ocr_line' id='line_1_230' title="bbox 1244 3472 1388 3499; baseline 0 0"><span class='ocrx_word' id='word_1_2204' title='bbox 1244 3472 1388 3499; x_wconf 83' lang='lat' dir='ltr'>abundans.</span> 
     </span>
    </p>
   </div>
   <div class='ocr_carea' id='block_1_43' title="bbox 824 3683 2300 3723">
    <p class='ocr_par' dir='ltr' id='par_1_54' title="bbox 824 3683 2300 3723">
     <span class='ocr_line' id='line_1_231' title="bbox 824 3683 2300 3723; baseline 0 -11"><span class='ocrx_word' id='word_1_2205' title='bbox 824 3683 844 3723; x_wconf 58' lang='lat' dir='ltr'><strong>ff</strong></span> <span class='ocrx_word' id='word_1_2206' title='bbox 867 3695 878 3718; x_wconf 82' lang='lat'><em>3</em></span> <span class='ocrx_word' id='word_1_2207' title='bbox 915 3688 1019 3720; x_wconf 75' lang='lat' dir='ltr'>Quam,</span> <span class='ocrx_word' id='word_1_2208' title='bbox 1036 3694 1084 3721; x_wconf 84' lang='lat' dir='ltr'>pro</span> <span class='ocrx_word' id='word_1_2209' title='bbox 1101 3689 1238 3721; x_wconf 68' lang='lat' dir='ltr'>an-ioo</span> <span class='ocrx_word' id='word_1_2210' title='bbox 1246 3687 1323 3714; x_wconf 83' lang='lat' dir='ltr'>breui</span> <span class='ocrx_word' id='word_1_2211' title='bbox 1341 3695 1460 3722; x_wconf 75' lang='lat' dir='ltr'>tempore</span> <span class='ocrx_word' id='word_1_2212' title='bbox 1475 3687 1605 3714; x_wconf 57' lang='lat' dir='ltr'>elli-ecrit.</span> <span class='ocrx_word' id='word_1_2213' title='bbox 1626 3693 1653 3712; x_wconf 83' lang='lat' dir='ltr'>vt</span> <span class='ocrx_word' id='word_1_2214' title='bbox 1673 3693 1764 3711; x_wconf 82' lang='lat' dir='ltr'>omncs</span> <span class='ocrx_word' id='word_1_2215' title='bbox 1779 3692 1833 3710; x_wconf 86' lang='lat' dir='ltr'>non</span> <span class='ocrx_word' id='word_1_2216' title='bbox 1846 3683 2014 3719; x_wconf 82' lang='lat' dir='ltr'>posterorum</span> <span class='ocrx_word' id='word_1_2217' title='bbox 2029 3683 2126 3716; x_wconf 90' lang='lat' dir='ltr'>modo,</span> <span class='ocrx_word' id='word_1_2218' title='bbox 2147 3685 2189 3711; x_wconf 85' lang='lat' dir='ltr'>sed</span> <span class='ocrx_word' id='word_1_2219' title='bbox 2204 3686 2244 3712; x_wconf 91' lang='lat' dir='ltr'>sui</span> <span class='ocrx_word' id='word_1_2220' title='bbox 2259 3695 2300 3713; x_wconf 79' lang='lat' dir='ltr'>iia-</span> 
     </span>
    </p>
   </div>
   <div class='ocr_carea' id='block_1_44' title="bbox 1246 3716 2298 3890">
    <p class='ocr_par' dir='ltr' id='par_1_55' title="bbox 1246 3716 2298 3890">
     <span class='ocr_line' id='line_1_232' title="bbox 1247 3716 2298 3758; baseline -0.002 -9"><span class='ocrx_word' id='word_1_2221' title='bbox 1247 3731 1406 3757; x_wconf 81' lang='lat' dir='ltr'>rentumquc</span> <span class='ocrx_word' id='word_1_2222' title='bbox 1422 3724 1555 3758; x_wconf 77' lang='lat' dir='ltr'>poeniteat</span> <span class='ocrx_word' id='word_1_2223' title='bbox 1577 3723 1642 3748; x_wconf 81' lang='lat' dir='ltr'>l&#39;lin.</span> <span class='ocrx_word' id='word_1_2224' title='bbox 1659 3722 1750 3754; x_wconf 80' lang='lat' dir='ltr'>Paucg.</span> <span class='ocrx_word' id='word_1_2225' title='bbox 1767 3729 1787 3746; x_wconf 95' lang='lat' dir='ltr'>c.</span> <span class='ocrx_word' id='word_1_2226' title='bbox 1800 3728 1842 3754; x_wconf 84' lang='lat'>27.</span> <span class='ocrx_word' id='word_1_2227' title='bbox 1878 3721 1912 3745; x_wconf 79' lang='lat' dir='ltr'>al.</span> <span class='ocrx_word' id='word_1_2228' title='bbox 1932 3726 1984 3745; x_wconf 83' lang='lat' dir='ltr'>tani</span> <span class='ocrx_word' id='word_1_2229' title='bbox 1999 3719 2023 3754; x_wconf 87' lang='lat' dir='ltr'>s.</span> <span class='ocrx_word' id='word_1_2230' title='bbox 2045 3720 2072 3745; x_wconf 93' lang='lat' dir='ltr'>in</span> <span class='ocrx_word' id='word_1_2231' title='bbox 2087 3727 2148 3746; x_wconf 88' lang='lat' dir='ltr'>tam.</span> <span class='ocrx_word' id='word_1_2232' title='bbox 2211 3721 2233 3747; x_wconf 84' lang='lat' dir='ltr'>A</span> <span class='ocrx_word' id='word_1_2233' title='bbox 2247 3716 2298 3747; x_wconf 81' lang='lat' dir='ltr'>ma-</span> 
     </span>
     <span class='ocr_line' id='line_1_233' title="bbox 1248 3755 2297 3793; baseline -0.003 -7"><span class='ocrx_word' id='word_1_2234' title='bbox 1248 3761 1314 3786; x_wconf 83' lang='lat' dir='ltr'>teria</span> <span class='ocrx_word' id='word_1_2235' title='bbox 1329 3760 1416 3786; x_wconf 83' lang='lat' dir='ltr'>aliena</span> <span class='ocrx_word' id='word_1_2236' title='bbox 1431 3760 1548 3793; x_wconf 74' lang='lat' dir='ltr'>quaestio</span> <span class='ocrx_word' id='word_1_2237' title='bbox 1563 3758 1639 3784; x_wconf 83' lang='lat' dir='ltr'>debet</span> <span class='ocrx_word' id='word_1_2238' title='bbox 1658 3764 1736 3791; x_wconf 89' lang='lat' dir='ltr'>quam</span> <span class='ocrx_word' id='word_1_2239' title='bbox 1759 3755 1879 3782; x_wconf 84' lang='lat' dir='ltr'>breuiter</span> <span class='ocrx_word' id='word_1_2240' title='bbox 1893 3755 1987 3789; x_wconf 80' lang='lat' dir='ltr'>attingi</span> <span class='ocrx_word' id='word_1_2241' title='bbox 2016 3755 2131 3782; x_wconf 57' lang='lat' dir='ltr'>Laetam.</span> <span class='ocrx_word' id='word_1_2242' title='bbox 2147 3756 2179 3782; x_wconf 88' lang='lat' dir='ltr'>de</span> <span class='ocrx_word' id='word_1_2243' title='bbox 2191 3757 2233 3783; x_wconf 88' lang='lat' dir='ltr'>Ira</span> <span class='ocrx_word' id='word_1_2244' title='bbox 2248 3757 2297 3783; x_wconf 88' lang='lat' dir='ltr'>Dei</span> 
     </span>
     <span class='ocr_line' id='line_1_234' title="bbox 1246 3790 2298 3826; baseline -0.001 -6"><span class='ocrx_word' id='word_1_2245' title='bbox 1246 3804 1268 3820; x_wconf 90' lang='lat' dir='ltr'>c.</span> <span class='ocrx_word' id='word_1_2246' title='bbox 1281 3802 1295 3824; x_wconf 87' lang='lat'>8</span> <span class='ocrx_word' id='word_1_2247' title='bbox 1306 3804 1369 3822; x_wconf 74' lang='lat' dir='ltr'>extr.</span> <span class='ocrx_word' id='word_1_2248' title='bbox 1463 3795 1609 3822; x_wconf 82' lang='lat' dir='ltr'>Cannabias</span> <span class='ocrx_word' id='word_1_2249' title='bbox 1628 3792 1712 3818; x_wconf 89' lang='lat' dir='ltr'>nutrit</span> <span class='ocrx_word' id='word_1_2250' title='bbox 1727 3791 1818 3823; x_wconf 81' lang='lat' dir='ltr'>siluas,</span> <span class='ocrx_word' id='word_1_2251' title='bbox 1833 3799 1912 3826; x_wconf 89' lang='lat' dir='ltr'>quarn</span> <span class='ocrx_word' id='word_1_2252' title='bbox 1933 3790 2071 3816; x_wconf 83' lang='lat' dir='ltr'>commoda</span> <span class='ocrx_word' id='word_1_2253' title='bbox 2091 3791 2180 3817; x_wconf 85' lang='lat' dir='ltr'>nostro</span> <span class='ocrx_word' id='word_1_2254' title='bbox 2207 3794 2298 3819; x_wconf 77' lang='lat' dir='ltr'>Arma-</span> 
     </span>
     <span class='ocr_line' id='line_1_235' title="bbox 1247 3826 2298 3865; baseline -0.003 -8"><span class='ocrx_word' id='word_1_2255' title='bbox 1247 3837 1334 3857; x_wconf 84' lang='lat' dir='ltr'>mcnta</span> <span class='ocrx_word' id='word_1_2256' title='bbox 1348 3832 1423 3865; x_wconf 86' lang='lat' dir='ltr'>operi</span> <span class='ocrx_word' id='word_1_2257' title='bbox 1456 3832 1528 3856; x_wconf 82' lang='lat' dir='ltr'>Grat.</span> <span class='ocrx_word' id='word_1_2258' title='bbox 1545 3831 1643 3863; x_wconf 72' lang='lat' dir='ltr'>cyneg.</span> <span class='ocrx_word' id='word_1_2259' title='bbox 1664 3838 1689 3854; x_wconf 88' lang='lat' dir='ltr'>v.</span> <span class='ocrx_word' id='word_1_2260' title='bbox 1707 3837 1748 3860; x_wconf 84' lang='lat'>47.</span> <span class='ocrx_word' id='word_1_2261' title='bbox 1804 3827 1877 3862; x_wconf 72' lang='lat' dir='ltr'>Cous.</span> <span class='ocrx_word' id='word_1_2262' title='bbox 1897 3826 2080 3853; x_wconf 59' lang='lat' dir='ltr'>Sailustflrat.</span> <span class='ocrx_word' id='word_1_2263' title='bbox 2095 3826 2126 3852; x_wconf 87' lang='lat' dir='ltr'>ad</span> <span class='ocrx_word' id='word_1_2264' title='bbox 2141 3828 2211 3853; x_wconf 84' lang='lat' dir='ltr'>Caes.</span> <span class='ocrx_word' id='word_1_2265' title='bbox 2227 3837 2236 3854; x_wconf 87' lang='lat'>1</span> <span class='ocrx_word' id='word_1_2266' title='bbox 2256 3835 2298 3863; x_wconf 85' lang='lat' dir='ltr'>pr.</span> 
     </span>
     <span class='ocr_line' id='line_1_236' title="bbox 2164 3871 2297 3890; baseline 0.008 -2"><span class='ocrx_word' id='word_1_2267' title='bbox 2164 3873 2198 3889; x_wconf 73' lang='grc' dir='ltr'>ι’ῙῙΙ</span> <span class='ocrx_word' id='word_1_2268' title='bbox 2219 3871 2297 3890; x_wconf 66' lang='grc' dir='ltr'>ΠΟῙιῘῘ.</span> 
     </span>
    </p>
   </div>
   <div class='ocr_carea' id='block_1_45' title="bbox 1442 3898 2296 3929">
    <p class='ocr_par' dir='ltr' id='par_1_56' title="bbox 1442 3898 2296 3929">
     <span class='ocr_line' id='line_1_237' title="bbox 1442 3898 2296 3929; baseline 0.008 -11"><span class='ocrx_word' id='word_1_2269' title='bbox 1442 3906 1463 3929; x_wconf 32' lang='grc' dir='ltr'>(Ι</span> <span class='ocrx_word' id='word_1_2270' title='bbox 2165 3898 2296 3925; x_wconf 80' lang='lat' dir='ltr'>Columel.</span> 
     </span>
    </p>
   </div>
  </div>
 </body>
</html>
