2434 4156
211 136 248 172 5¹
594 112 846 172 Qvi

204 216 254 245 pro
268 204 393 237 Quidam-4
439 202 507 230 Geli.
521 212 547 235 2,
561 212 586 229 21
603 203 679 229 Tum
692 201 822 236 quispiam
830 207 861 225 ex
875 197 916 230 iis,
927 198 972 231 qui
985 197 1078 223 eodem
1089 195 1119 221 in
1129 201 1241 220 numero

212 245 317 270 Graecas
335 247 374 264 res
386 238 484 266 eruditi
497 245 579 265 erant.

244 280 478 312 ‹ixvisrv‘in-w,
499 273 594 307 diuifim
601 272 682 307 sin-ibi
694 271 770 297 debet.
1113 297 1119 302 ‚

242 315 288 347 ἣν
298 316 307 334 1
317 316 329 335 S
339 315 419 347 QVA
427 317 451 336 M
461 329 469 342 ,
494 316 652 342 quaequam,
671 307 814 339 quidquam
830 303 871 329 vel
887 302 1043 334 quicquam
1077 305 1241 331 cuiusquam,

207 345 338 378 cuiquam.
372 343 554 379 Ali'qi‹.·m,jim'
568 341 766 376 unumquemlibet
773 337 910 373 fignificat.
945 337 976 362 Et
985 337 1089 369 ponitur
1102 333 1174 367 strepi*
1187 341 1241 357 cum
1263 341 1277 367 ς

209 382 338 415 negatinis.
375 380 469 412 Neque
482 387 524 403 inc
537 377 636 402 tinxill'e
649 376 702 400 falli
717 373 869 407 quidquam,
878 379 923 395 nec
935 378 995 395 meo
1008 367 1081 394 cordi
1094 368 1141 392 else
1153 375 1242 400 quem-

210 421 287 447 quam
304 415 431 441 cariorem
446 415 494 439 hoe
509 410 634 437 Phaedria
654 410 721 435 Ter.
735 410 799 433 hun.
814 415 832 436 i,
845 414 869 435 2,
886 413 939 430 120.
1032 403 1174 436 Nunquam
1189 402 1241 427 cui-

209 458 286 482 quam
300 449 417 476 nostrsim
431 448 541 474 verbum
557 446 618 471 fecit
642 445 710 470 Ter.
722 442 802 468 Andr.
817 450 836 472 1,
853 449 877 472 2,
893 447 918 473 7.
952 438 1020 473 conf.
1040 437 1107 463 Cart.
1128 437 1161 461 αι]
1180 437 1241 463 Sall.

209 486 288 512 Catil.
303 495 326 518 5,
339 494 364 517 4.
470 484 525 508 Cic.
545 482 615 507 Fam.
639 488 657 513 i,
683 487 691 504 1
721 479 790 504 Ν3111
806 485 865 502 curn
887 475 915 500 in
936 474 1055 499 sermone
1075 471 1242 506 quotidiano,

209 527 265 548 tum
275 521 302 546 in
317 521 402 545 senatu
417 518 500 551 palam
518 517 550 542 lic
563 516 615 549 egit
628 514 727 540 causam
744 519 824 540 tuam,
837 516 866 536 vt
877 518 962 542 neque
977 508 1128 541 eloquentia
1141 507 1243 533 maiore

209 559 361 590 quisquam,
379 563 425 579 nec
444 553 583 586 grauitate,
601 558 647 574 nec
661 548 760 577 studio,
775 555 821 572 nec
842 545 1009 571 contentione
1028 552 1104 576 agere
1119 542 1244 576 potuerit.

209 594 351 626 Interrogat
358 589 416 624 fere
429 597 482 614 cum
495 587 674 622 indignatione.
709 583 764 609 Cic.
774 583 848 608 Verr.
858 589 929 613 i‚t42
948 577 1020 611 Quid
1028 579 1098 604 enim
1107 578 1245 611 quisquam

210 627 242 653 ad
254 635 337 652 meam
352 624 487 658 pecuniam
505 630 546 647 me
564 620 650 646 inuito
663 618 773 652 aspirat?
843 617 915 643 Idem
928 623 976 648 pro
983 615 1052 648 Lege
1062 614 1152 639 Manil.
1161 620 1193 645 45
1213 613 1244 652 Iit

209 663 344 696 quisquam
359 658 505 688 dubitabit,
519 655 582 690 quid
597 655 694 681 virtute
708 652 875 688 profe&urus
887 652 932 681 iit,
951 650 997 684 qui
1011 655 1111 676 tantum
1130 648 1244 674 311151011-

208 703 260 724 tate
280 694 435 730 profecerit?

207 733 316 759 adoret?
361 730 435 756 Alias
449 736 538 763 quoque
554 725 764 760 uniuersalitattm
778 722 915 760 fignificat.
969 722 1037 747 Ter.
1059 718 1124 754 prol.
1146 720 1209 745 Eun.
1233 726 1243 744 1

208 769 234 794 Si
251 768 386 800 quisquam
398 763 443 795 est,
459 764 504 796 qui
516 762 614 796 placere
626 762 651 787 se
663 761 760 787 studeat
774 760 850 786 bonis
866 766 943 792 quam
952 756 1083 792 plurimis,
1094 761 1120 782 et
1133 754 1245 781 minime

207 803 313 834 multos·
323 799 438 830 laedere,
471 799 502 824 In
523 798 564 824 his
583 798 660 823 Po'e'ta
687 804 783 822 nomen
809 793 946 828 profitetur
970 794 1053 818 suum.
1187 790 1245 816 Cic.

209 839 261 863 Art.
297 856 303 862 .
342 855 348 861 .
386 854 393 861 .
427 833 506 866 Qod
519 833 537 860 fi
551 842 604 859 non
618 832 697 858 modo
712 838 753 861 iu,
766 829 809 856 sed
825 830 962 863 quisquam
977 828 1042 853 alius
1057 826 1151 852 fuisset.
1206 823 1244 850 id.

538 691 611 724 Virg.
630 692 695 716 Aen.
718 698 736 720 1,
755 697 785 722 52
818 689 849 714 Et
870 686 1008 720 quisquam
1025 694 1123 711 numen
1136 684 1246 710 Iunonis
1273 690 1435 721 15pretimtur
1446 693 1555 712 ramenta
1567 694 1590 712 et
1602 690 1727 719 minutias,
1740 697 1799 723 quae
1813 687 1953 722 resecantur
1967 686 1994 712 de
2013 689 2096 713 coriis.

1681 100 1954 161 Qvo
2285 114 2331 150 σε

1494 195 1666 229 Purgamenta
1681 198 1810 219 terrarum
1827 193 1900 218 etiam
1913 197 1986 218 vocat
2002 191 2074 218 Seru.
2087 190 2122 218 ad
2131 190 2225 225 virgil.
2234 189 2334 225 (ἔδοι-ς’.

1451 232 1518 257 Hinc
1541 229 1675 264 metaphor.
1698 229 1811 258 Gerrae,
1837 227 2008 260 quisquiliae,
2034 228 2200 261 ineptiaeque
2235 227 2334 252 Auson.

1304 266 1399 298 Eidyll.
1413 274 1439 300 7,
1451 275 1472 299 ς.
1579 264 1756 298 Quisquilias,
1775 262 1902 288 Homines
1916 263 1996 289 nihili
2009 269 2084 288 vocat
2108 263 2164 288 Cic.
2184 263 2237 288 Att.
2256 270 2284 294 1,
2303 261 2333 287 16

1305 310 1328 335 p.
1343 309 1389 335 107
1417 303 1503 328 Grata.
1609 300 1681 326 Idem
1701 308 1749 333 pro
1770 298 1836 336 Sext.
1854 305 1885 329 94
1906 307 1927 324 c.
1946 306 1978 332 43
2012 298 2116 324 Omitto
2135 298 2188 323 iam
2206 297 2335 323 Numeri-

1304 345 1366 368 um,
1390 336 1543 368 Serranum,
1566 336 1686 366 Aelium,
1704 332 1859 368 quisquilias
1880 332 2015 360 seditionis
2039 333 2193 359 Clodianae,
2295 332 2335 358 De

1295 371 1404 410 piscibus
1422 375 1495 406 parui
1510 374 1590 406 pretii
1616 371 1690 404 Apul.
1703 371 1766 396 Met.
1786 378 1796 395 1
1820 378 1843 402 p.
1861 375 1913 399 113,
1927 373 1966 398 28.
2160 365 2181 404 ff
2207 375 2220 393 2
2255 366 2336 399 Quia-

1303 406 1417 438 quilium
1435 408 1464 435 ,lc
1483 414 1527 432 unt
1549 409 1665 442 autiquae
1689 405 1807 431 editiones
1819 424 1827 436 ‚
1858 403 1900 428 vbi
1911 403 1994 437 postea
2012 402 2140 439 repositum
2165 400 2199 435 est
2218 399 2348 429 Cuscuii-'

1303 448 1357 478 um.
1447 442 1463 467 P
1476 442 1512 468 iu.
1532 444 1574 472 16,
1593 447 1606 472 8
1631 442 1649 467 s.
1672 449 1700 467 12
1737 442 1835 467 Omnes
1852 438 1999 472 tamenghas
2018 440 2074 465 eius
2098 437 2240 470 (roboris)
2261 436 2335 463 dotes

1304 473 1355 501 ilex
1375 475 1430 502 solo
1451 483 1576 510 prouocat
1594 485 1680 502 cocco.
1748 476 1863 502 Granum
1888 474 1955 506 hoc,
1987 475 2128 508 primoque
2158 482 2204 499 ceu
2238 471 2336 498 scabies

1301 201 1439 223 terrarum.

1305 240 1326 262 1,
1346 237 1382 263 83.

1268 519 1297 537 10
1306 508 1364 542 (fic
1387 512 1467 537 Turn.
1487 518 1510 537 et
1531 512 1657 538 Harduin.
1676 521 1704 537 ex
1721 511 1818 544 MSS.)
1844 509 1959 541 fruticis,
1991 518 2086 543 paruae
2117 508 2261 543 aquifoliae
2293 507 2336 533 ili-

1306 543 1342 568 cis
1356 553 1369 584 ³.
1388 546 1548 584 *cusculium
1569 547 1646 578 (libri
1662 548 1762 582 antiqui
1780 545 1978 578 Qisquilium)
2001 550 2094 572 vocant
2114 551 2160 571 etc.
2233 543 2347 569 Scabies‘

1304 578 1407 619 fruticis
1421 587 1443 606 et
1456 581 1637 615 Quisquilium
1651 582 1767 608 videntur
1776 591 1850 607 vnum
1863 581 1985 616 idemqm
2004 589 2043 606 res
2051 583 2144 606 minum
2156 579 2338 613 ddhffl’rfstfflss

1305 620 1396 654 ‘ostium
1402 619 1494 656 ⁴potius,
1507 625 1577 651 quam
1584 617 1700 652 sruflus.
1744 618 1834 643 Totum
1851 626 1907 652 ergo
1920 617 1963 642 hoc
1975 615 2156 649 Qiisquilium
2174 622 2197 641 et
2210 613 2336 647 Qiisqui-

1307 649 1355 675 lias
1367 648 1470 676 deruaem
1484 660 1499 676 a
1516 652 1666 680 Graecorum.
1676 661 1733 678 voce
1750 651 1914 685 κοσκύλματοι
1928 652 1966 677 vel
1978 651 2164 683 κασκυλμαίτια,
2182 659 2241 685 quae
2259 652 2338 675 inter-

1336 723 1340 726 ·
2147 687 2234 712 Vtitur
2251 694 2275 711 eo
2295 693 2338 710 no-

1306 729 1370 746 mine
1386 719 1546 760 metaphorice
1566 721 1763 761 tie-adulatorum
1780 724 1875 749 voculis
1895 720 2072 757 Aristophanes
2086 723 2168 756 liquit.
2192 730 2218 747 v.
2237 729 2273 754 49
2295 720 2338 746 vbi

1307 755 1460 795 Casaubmms
1478 756 1640 790 Qusquilias
1653 758 1681 784 ab
1698 767 1723 784 eo
1735 757 1787 793 ips}
1797 767 1886 794 quoque
1899 757 2006 784 deducit.
2054 757 2205 783 Cusculium
2224 763 2246 782 et
2260 755 2339 788 Quis-

1306 790 1422 824 quilium
1436 789 1491 825 sola
1511 791 1696 827 Orthographja
1712 792 1842 827 diff'erunr.
1901 794 2009 820 Hermol.
2030 793 2156 819 Barbarus
2174 793 2215 819 hic
2233 791 2342 823 deriuar.

1305 825 1371 861 quod
1383 824 1539 858 Squallatam
1550 826 1634 852 dicant
1642 827 1689 862 sua
1701 835 1780 855 aetate
1793 827 1878 861 uestem
1892 829 2038 855 coccinam:
2055 835 2135 862 nempe
2148 837 2218 863 quam
2233 826 2339 853 escarla-

208 874 276 899 Fam.
296 879 341 903 14,
355 877 372 904 7
402 869 460 896 Nili
478 878 525 896 vos
542 868 668 895 fortiores
687 866 850 900 cognossem,
871 873 950 898 quam
969 870 1127 896 quemquam
1147 859 1291 895 1111110141)Ν
1306 868 1370 897 iam,
1383 860 1531 892 scarlatam‚
1555 861 1693 888 Scharlach
1706 864 1799 899 reliqua
1812 865 1907 899 Europa
1920 869 2009 890 vocat:
2034 872 2092 899 quac
2107 863 2203 898 quidem.
2217 863 2279 890 mihi
2298 871 2341 889 ra·-

206 908 286 933 Plaut.
300 904 394 939 Amph.
410 915 431 938 5,
451 914 471 938 1,
491 913 518 938 ¹9
546 905 642 937 Neque
655 902 770 928 nostrum
786 901 925 935 quisquam
944 898 1064 925 sensimus
1078 906 1158 931 quum
1171 904 1246 930 pepe·

206 943 253 973 rit,
268 942 378 977 loquitur
389 941 487 968 ancilla.
543 941 584 967 Sic
601 939 668 965 Ter.
684 938 748 963 Eun.
767 946 790 969 2,
808 945 829 968 3,
846 941 874 965 82
903 932 1124 967 Qiandoquidem
1138 931 1246 958 illarum

205 986 289 1010 neque
302 977 438 1010 quisquam
453 982 478 1002 te
490 975 575 1005 nouit,
588 982 672 1008 neque
684 973 730 999 scit
743 973 802 1006 quis
815 971 869 997 fies.
918 973 948 996 Et
961 969 989 995 de
1004 969 1071 1001 Qiis
1089 967 1153 993 idem
1161 967 1245 1001 paullo

205 1019 261 1040 ante
273 1012 422 1047 objeruatum
433 1010 475 1043 est.
511 1011 579 1036 Ter.
593 1010 657 1036 Hec.
672 1017 720 1041 3,1,
735 1017 759 1039 13
779 1008 819 1033 An
834 1006 971 1040 quisquam
983 1005 1100 1039 gentium
1116 1002 1151 1028 est
1163 1010 1245 1036 aeque

204 1048 299 1074 miser?
321 1049 358 1074 Ex
374 1046 497 1073 emendato
512 1047 644 1081 exemplari
656 1046 758 1080 legitur,
779 1044 819 1069 An
832 1043 972 1076 quisquam
993 1048 1101 1073 vsquam
1117 1038 1244 1072 gentium.
1254 1042 1282 1069 ις

204 1083 264 1110 Liu.
278 1091 301 1113 2,
315 1091 331 1115 9
349 1083 406 1109 Nee
422 1082 560 1116 quisquam
574 1089 641 1107 vnus
653 1079 729 1106 malis
742 1078 841 1105 artibus
856 1078 943 1112 postea
960 1082 1012 1102 tam
1028 1074 1161 1110 popularis
1177 1074 1244 1104 esset,

205 1127 284 1152 quam
307 1125 363 1144 tum
380 1118 447 1144 bene
467 1117 637 1152 imperando,
655 1115 793 1141 vniuersus
807 1114 912 1140 Senatus
931 1112 993 1138 fuit.
1085 1110 1154 1136 Ibid.
1176 1109 1246 1142 Qiia

204 1154 322 1180 nondum
335 1154 363 1179 in
378 1162 535 1187 quemquam
550 1161 630 1178 vnum
645 1151 818 1177 saeuiebatur.
921 1148 977 1174 Cic.
993 1148 1070 1173 Verr.
1089 1154 1115 1177 2,
1136 1153 1175 1178 ¹19
1205 1145 1246 1170 An

203 1189 254 1216 hoc
274 1189 407 1215 dubitabit
426 1189 566 1222 quisquam
585 1187 721 1217 omnium,
741 1186 806 1220 quin
824 1184 846 1211 is
864 1183 984 1211 venalem
997 1183 1025 1209 in
1038 1182 1127 1208 Sicilia
1140 1179 1245 1207 iurisdi-

204 1225 321 1252 &ionem
335 1225 473 1250 habuerit?

241 1266 337 1297 Qvis
349 1266 442 1297 QVE,
466 1266 600 1293 quaeque,
620 1257 746 1292 quodque
766 1262 789 1283 et
813 1255 946 1291 quidque;
980 1254 1124 1287 cuiusque,
1140 1251 1245 1285 cuique.

203 1296 269 1329 [γι-ἒς
289 1296 341 1328 τίς]
383 1295 524 1330 sziuersalc
536 1296 686 1326 Pronomen,
711 1292 775 1328 quod
794 1292 847 1318 ideo
868 1291 940 1318 verbo
954 1291 1053 1326 plurali
1071 1290 1143 1322 iungi
1156 1284 1245 1322 potest.

203 1332 278 1364 Virg..
286 1331 349 1356 Aen.
358 1334 383 1362 6,
391 1338 442 1364 743
454 1330 637 1362 Qisquesuos
647 1329 763 1363 patimur
770 1336 866 1354 manes.
902 1327 970 1353 Ter.
978 1326 1074 1351 Heaut.
1085 1332 1103 1355 1,
1113 1332 1132 1355 i,
1140 1330 1176 1357 74
1195 1323 1245 1348 Pro

203 1366 228 1392 se
243 1366 353 1400 quisque
365 1364 658 1396 sedulofaeiebant,quo
670 1364 743 1389 illam
757 1363 826 1389 mihi
839 1363 952 1389 lenirent
959 1360 1101 1387 miseriam.
1155 1357 1247 1383 Accius

204 1402 270 1437 apud
284 1401 357 1428 Non.
370 1411 398 1435 4,
411 1409 456 1433 225
479 1399 614 1431 Gaudent,
627 1403 746 1429 currunt,
760 1398 900 1429 celebrant,
914 1397 1023 1422 herbam
1040 1394 1188 1423 conferunt,
1202 1393 1246 1417 do·
1254 1405 1282 1430 33

204 1443 276 1468 nant,
290 1443 379 1463 tenent
393 1445 441 1471 pro
455 1437 479 1462 se
493 1435 612 1469 quisque.
706 1432 806 1459 Sallust.
822 1432 901 1458 Catil.
921 1439 938 1464 7
953 1437 996 1464 pr.
1029 1428 1078 1454 Sed
1099 1435 1128 1452 ea
1147 1435 1247 1459 tempe-

206 1472 268 1499 state
285 1480 393 1506 coepere
409 1473 434 1497 se
448 1471 558 1505 quisque
571 1469 652 1503 magis
664 1469 800 1495 extollere.
895 1466 953 1492 Liu.
969 1466 1010 1496 26,
1025 1466 1055 1496 36
1073 1463 1124 1488 Pro
1138 1462 1162 1487 se
1176 1461 1246 1494 quis-

206 1517 257 1542 que
272 1516 374 1540 aurum,
387 1513 533 1541 argentum,
550 1512 576 1531 et
588 1514 630 1531 aes
644 1505 672 1531 in
687 1504 821 1539 publicum
838 1502 987 1528 conferunt.
1082 1497 1174 1523 Manil.
1184 1500 1247 1529 c.78

205 1544 235 1576 Se
249 1544 358 1578 quisque
372 1543 429 1569 satis
442 1542 542 1568 nouisse
555 1540 686 1576 putabant.
723 1541 763 1567 Sic
777 1539 858 1565 Bentl.
877 1546 905 1563 ex
918 1536 992 1563 MSS.
1054 1533 1120 1560 Plin.
1135 1541 1161 1565 9,
1179 1539 1212 1562 13,
1228 1539 1248 1562 4

206 1580 256 1606 Pro
270 1580 293 1605 se
310 1579 420 1612 quisque
439 1578 562 1604 inimicos
576 1577 634 1602 suos
661 1591 707 1595 —
731 1574 923 1610 postulauerant
937 1570 1011 1598 simul
1026 1577 1051 1595 et
1063 1567 1294 1605 opp1-ess‘erant.40
1305 1574 1355 1602 pro
1368 1567 1503 1600 Qiisquis.

207 1616 250 1643 lta
263 1615 329 1641 cort.
344 1623 373 1640 ex
387 1614 461 1641 MSS.
505 1614 536 1639 Et
549 1612 601 1638 ead.
616 1609 692 1646 Epist.
711 1620 737 1636 n.
753 1615 778 1639 18
804 1610 875 1635 Haec
888 1608 939 1638 illi,
953 1614 1006 1639 quo
1020 1605 1130 1639 quisque
1145 1602 1248 1628 ordine.

207 1650 361 1676 citabantur.
397 1649 444 1676 Sed
457 1651 531 1674 ctiam
543 1649 649 1682 Syntaxi
663 1654 771 1680 congrua
779 1644 852 1679 saepe
860 1646 974 1678 ponitur.
1069 1640 1125 1665 Cic.
1142 1638 1173 1663 d‘:
1187 1637 1250 1663 Nat.

207 1686 287 1713 Deor.
309 1693 334 1716 2,
353 1689 380 1717 58
413 1685 537 1710 Caeterae
560 1688 668 1708 naturae
695 1681 745 1707 suis
776 1679 920 1706 seminibus
949 1683 1067 1710 quaeque
1097 1674 1250 1708 gignuntur.

206 1720 383 1749 Pseudo-Cic.
397 1720 426 1746 in
440 1719 538 1745 Sallust.
553 1720 581 1744 16
614 1716 734 1751 Elogium
750 1715 896 1741 censorium
910 1712 991 1746 Appii
1005 1709 1112 1737 Claudii
1126 1715 1151 1735 et
1165 1709 1194 1734 L.
1209 1708 1250 1734 Pi-

205 1757 276 1783 sonis
299 1755 531 1790 integerrimorum
549 1754 686 1784 virorum,
720 1760 774 1786 quo
794 1751 853 1777 vsus
872 1749 907 1775 est
930 1748 1041 1782 quisque
1060 1754 1169 1776 eorum,
1201 1746 1289 1778 pro45

205 1793 263 1826 lege
280 1799 324 1818 etc.
426 1791 502 1817 Suam
516 1790 626 1823 quisque
641 1788 722 1814 homo
735 1796 792 1814 rein
805 1785 927 1811 meminit
945 1783 1027 1809 Plaut.
1042 1783 1121 1808 Merc.
1135 1789 1158 1812 ς,
1172 1788 1199 1812 4,
1213 1787 1249 1812 51.

207 1829 263 1855 Cic.
277 1825 389 1860 Philipp.
404 1834 427 1858 3,
441 1835 473 1858 24
490 1825 588 1851 Diuina
604 1832 669 1849 vero
681 1822 864 1857 opportunitas
878 1826 907 1846 vt
923 1827 988 1853 quae
1001 1817 1096 1850 cuique
1110 1823 1167 1850 apta
1180 1816 1249 1846 estet,

208 1872 238 1890 ea
253 1863 346 1896 cuique
360 1861 509 1887 obueuiret.
526 1860 559 1885 *de
578 1861 727 1885 Prouinciis.
830 1855 903 1888 Qid
918 1862 1049 1889 quemque
1068 1852 1162 1886 cuique
1177 1859 1249 1885 prae-

209 1899 273 1925 stare
285 1902 419 1931 oporteret
443 1894 516 1922 Itlcni
530 1894 582 1922 Off.
603 1902 625 1926 3,
639 1901 682 1928 70.
790 1893 844 1926 Ego
859 1890 923 1925 quid
935 1889 967 1917 ad
981 1896 1006 1916 te
1019 1895 1125 1915 tuorum
1140 1888 1250 1921 quisque

208 1933 407 1960 neceffariorum
420 1930 529 1961 scribat,
548 1930 635 1956 nescio
663 1928 736 1955 Idem
749 1928 821 1954 Fam.
836 1936 855 1959 1,
870 1935 894 1959 9.

208 1976 232 1996 et
244 1970 295 1996 alia
309 1967 475 2003 vniuerfizlia,
496 1973 525 1992 vt
549 1965 673 1999 Optimus
692 1964 804 1998 quisque
823 1962 936 1989 maxime
956 1961 1042 1995 gloria
1061 1960 1165 1986 ducitur
1193 1957 1249 1984 Cic.

543 2001 617 2028 Idem
635 1999 713 2026 Acad.
731 2008 751 2031 1,
771 2008 795 2031 13
815 2008 836 2024 e.
852 2007 870 2031 4
894 1998 972 2024 Certe
991 1997 1069 2022 enim
1081 1993 1251 2021 recentissima

992 2030 1067 2057 Idem
1080 2031 1161 2057 Tusc.
1176 2037 1196 2061 1,
1216 2036 1251 2063 77

1150 2064 1250 2090 Sallust.
1263 2073 1264 2077 ¹

210 2013 259 2040 pro
273 2003 350 2030 Arch.
370 2012 392 2029 c.
406 2011 436 2030 ii.

209 2047 328 2075 quaeque
348 2039 405 2064 sunt
425 2036 543 2064 correcta
562 2042 587 2062 et
607 2035 744 2061 emendata
762 2034 884 2060 maxime.

210 2086 232 2103 c.
246 2084 269 2108 31
288 2074 336 2102 Sed
349 2074 444 2104 nescio,
452 2081 506 2106 quo
518 2071 599 2098 niodo
613 2069 770 2097 doeiiffimus
782 2070 891 2103 quisque
902 2067 1056 2094 coutemnit.

210 2111 289 2139 Catil.
307 2118 344 2143 51,
362 2118 378 2136 2
403 2109 500 2142 Neque
519 2107 658 2141 quisquam
674 2106 796 2132 omnium
814 2103 930 2130 lubidini
943 2102 1019 2129 fimul
1039 2107 1064 2127 et
1078 2100 1136 2126 vsui
1155 2099 1250 2134 paruit.
1258 2106 1285 2134 55

209 2146 249 2175 id.
264 2146 330 2173 ibid.
351 2153 406 2178 102,
419 2152 436 2179 7
465 2143 619 2170 Amicorum
632 2149 717 2175 neque
733 2140 827 2172 nobis,
845 2146 930 2172 neque
946 2138 1068 2170 cuiquam
1082 2135 1202 2161 omnium
1216 2136 1252 2160 sa-

211 2183 255 2210 tis.
314 2183 431 2217 Iungitur
443 2182 515 2205 etiam
528 2178 691 2205 numeralibus
704 2175 859 2203 ordinalibus
869 2185 876 2199 :
929 2172 1010 2199 Plaut.
1024 2170 1112 2197 Pseud.
1131 2180 1159 2204 4,
1178 2178 1205 2202 z,
1227 2178 1252 2201 17

212 2219 284 2245 Nam
297 2217 325 2244 in
340 2216 400 2243 foro
415 2215 460 2241 vix
475 2214 596 2240 decumus
611 2213 722 2247 quisque
735 2211 784 2242 est,
799 2210 845 2244 qui
860 2210 928 2243 ipsus
942 2209 993 2234 sese
1006 2206 1121 2233 nouerit.
1179 2203 1254 2230 Idem

213 2254 294 2280 Merc.
304 2252 371 2287 prol.
385 2254 416 2285 5⁶
434 2251 529 2284 Neque
542 2249 588 2275 nisi
603 2249 697 2282 quinto
709 2255 815 2281 quoque
829 2253 898 2272 anno
909 2244 976 2278 poss'e
986 2249 1042 2268 tum
1056 2242 1140 2267 visere
1148 2240 1252 2266 vrbem.

214 2289 270 2316 Cic.
284 2289 364 2315 Tusc.
381 2296 406 2319 2,
426 2295 448 2313 11
474 2287 579 2319 Qiotus
593 2293 664 2310 enim
678 2284 790 2317 quisque
803 2279 1020 2316 philosophorum
1036 2276 1188 2305 inuenitur,
1209 2273 1298 2308 qui60

214 2325 252 2352 ita
272 2324 302 2351 fit
322 2323 453 2349 moratus?
480 2325 631 2357 paucitatem
650 2319 757 2346 indicat.
813 2317 886 2344 Idem
907 2315 939 2341 de
953 2315 1044 2341 Diuin.
1066 2321 1094 2344 2,
1113 2320 1140 2343 5²
1165 2312 1255 2343 Qiota

215 2361 287 2386 enim
306 2367 424 2393 quaeque
443 2366 484 2383 res
503 2357 609 2388 euenit,
624 2354 758 2390 praedicia
775 2353 806 2379 ab
826 2353 905 2379 istis?
1003 2350 1062 2375 Cum
1081 2348 1126 2374 Sui
1145 2354 1167 2373 et
1188 2347 1254 2372 Suus

214 2400 288 2422 etiam
303 2397 424 2430 eleganter
435 2396 558 2429 iungitur.
620 2391 687 2417 Ter.
701 2389 803 2424 prolog.
821 2387 932 2421 Adelph.
947 2395 969 2412 21
997 2386 1118 2418 Qioruni
1131 2391 1211 2416 opera
1226 2382 1255 2407 in

215 2432 299 2463 bello,
313 2431 341 2456 in
353 2430 421 2462 otio,
436 2429 464 2454 in
477 2427 594 2461 negotio,
607 2427 653 2452 suo
667 2427 779 2460 quisque
792 2431 912 2458 tempore
925 2423 984 2448 vsus
1001 2421 1047 2453 est,
1059 2419 1112 2446 fine
1126 2417 1255 2452 superbia.

216 2468 272 2495 Cic.
287 2465 412 2492 deFinib.
426 2473 450 2497 5,
466 2472 493 2496 ες
512 2464 561 2489 Sua
575 2470 700 2495 cuiusque
713 2461 852 2487 animantis
865 2464 955 2484 natura
969 2456 1014 2483 est.
1052 2456 1083 2482 Et
1093 2455 1176 2490 paullo
1186 2450 1256 2489 post:
1270 2451 1300 2484 65

216 2504 247 2531 Et
261 2504 304 2529 sua
317 2502 412 2536 cuique
426 2499 548 2534 propria,
564 2503 589 2524 et
602 2497 632 2523 ad
647 2497 675 2523 id
688 2502 760 2531 apta,
778 2495 849 2530 quod
868 2495 993 2527 cuiusque
1014 2497 1108 2518 natura
1122 2489 1256 2516 desiderat.

215 2538 335 2572 ,pictores
354 2544 380 2564 ct
403 2550 446 2555 -
472 2536 566 2562 Poetae
585 2535 659 2560 suum
679 2532 791 2566 quisque
811 2539 876 2566 opus
895 2539 910 2556 a
929 2528 1011 2563 vulgo
1026 2526 1183 2554 considerari
1200 2524 1259 2551 vult

219 2574 291 2601 idem
307 2573 358 2600 Off.
373 2581 391 2603 1,
407 2579 452 2606 147
471 2580 491 2597 e.
505 2579 544 2604 41.
650 2569 686 2594 Ex
700 2577 753 2603 quo
768 2568 830 2601 quia
846 2567 920 2593 suum
940 2565 1066 2598 cuiusque
1085 2562 1128 2589 fit:
1154 2569 1257 2592 eorum,

220 2618 286 2644 quac
305 2615 396 2635 natura
414 2608 522 2634 fuerunt
541 2604 708 2636 communia,
728 2603 799 2637 quod
813 2603 910 2636 cuique
922 2600 1034 2635 obtigit,
1053 2597 1081 2625 id
1096 2598 1208 2632 quisque
1221 2602 1258 2623 te-

220 2646 279 2672 ntat
300 2645 355 2672 Cic.
367 2642 418 2670 Off.
439 2651 458 2675 1,
470 2651 499 2669 21
521 2651 542 2667 c.
555 2651 576 2673 7.
689 2639 818 2672 Qxinffil.
857 2657 863 2664 .

221 2680 250 2707 fit
264 2680 425 2714 aptiillmum.
531 2678 600 2703 Sues.
615 2675 714 2703 Othon.
729 2683 744 2701 2
774 2674 918 2707 Ferebatur
936 2678 962 2699 et
975 2670 1067 2705 vagari
1084 2668 1207 2695 noctibus
1220 2667 1261 2692 so-

222 2716 293 2747 litus,
306 2721 382 2749 atque
395 2713 543 2740 inualidum
563 2720 695 2746 quemque
712 2711 857 2737 obuiorum
874 2709 916 2735 vel
930 2707 1095 2742 potulentum
1115 2703 1259 2737 corripere.

220 2761 250 2779 ac
271 2752 381 2777 distento
400 2750 459 2783 sago
481 2748 630 2782 impositum
650 2748 677 2773 in
696 2746 807 2773 sublime
826 2745 932 2771 iactare.
1044 2738 1175 2773 Ql‘mc‘ffl·
1196 2746 1227 2767 22
1247 2745 1260 2768 3

222 2788 279 2814 Erit
295 2787 374 2812 etiam
388 2794 420 2811 eo
432 2784 586 2815 obscurior,
605 2792 658 2816 quo
671 2782 780 2816 quisque
794 2780 919 2807 deterior.
1022 2776 1078 2803 Cic.
1094 2775 1172 2801 Verr.
1192 2782 1212 2805 1,
1229 2774 1260 2801 68

223 2824 274 2849 Pro
290 2823 313 2848 se
326 2822 447 2855 quisque,
461 2826 489 2847 vt
502 2821 530 2846 in
544 2827 650 2853 quoque
668 2823 724 2844 erat
737 2815 901 2844 aufloritatis
914 2814 1056 2849 plurimum
1065 2831 1073 2844 ,
1087 2809 1119 2837 ad
1134 2810 1261 2845 populum
1274 2809 1306 2838 75

224 2857 388 2892 loquebatur.
475 2855 547 2882 Idem
556 2854 593 2881 ‘dc
608 2856 677 2888 Lege
691 2855 780 2887 Agr-ar.
797 2862 815 2884 1,
829 2853 859 2878 26
881 2860 901 2877 c.
913 2859 929 2883 9
952 2849 1023 2875 Huic
1038 2856 1085 2882 pro
1100 2847 1125 2872 se
1148 2845 1260 2880 quisque

222 2892 342 2921 nostrum
362 2891 476 2921 mederi,
500 2896 578 2924 atque
600 2889 649 2916 hoc
668 2897 758 2915 omnes
780 2889 868 2914 sanare
888 2886 956 2913 velle
976 2884 1110 2910 debemus.
1205 2880 1262 2907 Cic.

223 2930 302 2956 Verr.
316 2938 342 2961 2,
356 2937 395 2961 139
409 2937 429 2953 c.
447 2929 477 2959 56
495 2927 598 2959 Quinto
613 2933 719 2958 quoque
730 2933 798 2950 anno
813 2922 902 2950 Sicilia
915 2927 969 2948 tota
985 2920 1111 2946 censetur.
1189 2916 1262 2942 Idem

224 2974 275 3000 pro
288 2965 377 2991 Rabir.
393 2962 458 2989 Post.
471 2970 504 2996 34
530 2961 613 2987 Modo
626 2960 702 2986 vobis
716 2958 919 2994 inspeetantibus
934 2957 961 2982 in
976 2955 1077 2982 iudicio
1091 2952 1200 2980 Gabinii
1213 2958 1264 2978 ter-

224 3002 266 3027 tio
286 3009 392 3034 quoque
414 2997 498 3025 verbo
524 2996 713 3023 excitabantur.

226 3035 356 3070 Quinetil.
373 3038 400 3065 6,
416 3042 443 3066 4.
550 3032 658 3066 Qiique
669 3039 719 3066 pro
737 3031 862 3064 Qioque.
933 3027 1025 3054 Multis
1041 3026 1090 3052 fibi
1104 3025 1202 3059 quique
1215 3023 1263 3049 im-

227 3072 329 3106 perium
346 3069 493 3104 petentibus
516 3069 574 3095 Sall.
588 3069 645 3102 lug.
658 3076 679 3093 c.
696 3071 731 3098 18,
749 3075 769 3097 3.
807 3065 860 3093 vid.
880 3065 947 3091 Cort.
962 3063 995 3089 ad
1013 3062 1038 3089 h.
1056 3063 1074 3088 1.
1161 3060 1217 3086 Cic.
1233 3059 1264 3085 de

227 3107 327 3134 SeneSt.
343 3114 367 3138 ις
390 3107 497 3135 Earum,
513 3103 531 3130 si
546 3104 642 3137 placet,
657 3103 789 3129 causarum
805 3106 932 3136 quantum
947 3106 1065 3133 quaeque
1077 3096 1172 3128 valeat,
1186 3104 1266 3129 quan-

226 3150 336 3176 tumque
350 3141 414 3167 iusta
428 3140 641 3172 fit‚vnaquaeque
653 3137 796 3164 videamus.
875 3136 1004 3169 Qiisque,
1023 3133 1052 3160 de
1066 3132 1164 3158 duobm.
1189 3132 1268 3157 Caius

230 3179 259 3205 ’111
273 3178 289 3203 l.
303 3178 329 3204 Si
342 3178 431 3204 seruus

231 3221 306 3246 gere,
324 3219 352 3239 vt
373 3218 423 3238 tam
445 3210 595 3244 stipulator,
615 3218 694 3243 quam
715 3209 868 3243 promissor,
888 3214 947 3234 ante
966 3204 1074 3239 aliquod
1093 3209 1194 3238 tempus
1222 3204 1267 3228 suo

232 3248 341 3281 quisque
361 3246 533 3281 dispensatori
551 3252 645 3271 notum
663 3245 766 3271 fecerit.
859 3244 917 3269 Cum
930 3243 1113 3277 Comparatiuo.
1138 3237 1268 3272 Quintilii.

233 3291 259 3320 9,
275 3292 292 3314 4
308 3284 355 3308 Sed
368 3292 421 3316 quo
438 3282 537 3316 quique
550 3281 624 3315 pedes
636 3281 694 3306 sunt
705 3278 870 3313 temporibus
885 3278 1026 3313 pleniores,
1044 3275 1181 3309 longisque
1196 3273 1268 3306 sylla-

232 3317 274 3344 bis
289 3318 369 3350 magis
384 3318 500 3349 stabiles,
520 3317 570 3343 lioc
588 3317 738 3351 grauiorem
759 3314 859 3341 faciunt
872 3314 1036 3344 orationem,
1048 3311 1142 3338 breues
1157 3310 1269 3337 celerem

235 3361 264 3379 ac
280 3353 413 3378 mobilem.

236 3387 287 3414 hoc
300 3386 419 3421 pluribus
432 3388 604 3414 condiendum
616 3387 651 3413 est
664 3386 853 3420 voluptatibus.
947 3383 1077 3417 Quisque,
1102 3385 1119 3407 i.
1142 3382 1272 3416 Quisquis,

235 3426 377 3486 ῗςὶσκνιιμιε.
436 3423 470 3448 Vt
489 3424 581 3457 cuique
601 3422 725 3457 priuatim
738 3420 840 3455 aliquid
860 3420 924 3446 iuris
943 3419 1065 3446 aduersus
1085 3411 1197 3451 fingul'os
1216 3422 1271 3443 erat

261 3466 296 3484 iu.
309 3467 333 3490 2,
348 3466 391 3490 44.
417 3457 478 3496 bid.
491 3459 596 3497 Cronou.
612 3458 646 3485 ad
662 3459 686 3485 h.
703 3459 720 3484 1.
798 3457 832 3483 Vt
851 3456 963 3489 quisque
983 3454 1064 3481 homo
1078 3452 1113 3479 est
1133 3461 1187 3478 non
1202 3460 1271 3486 prae-

237 3503 303 3527 ceps,
318 3501 403 3525 neque
416 3492 509 3517 iudicii
523 3494 560 3518 sui
575 3494 697 3527 prodigus
716 3491 783 3519 Gell.
797 3500 821 3522 z,
833 3499 854 3524 ς-
950 3490 1024 3523 Qsm
1041 3488 1143 3523 spolie-'⁵1
1156 3488 1272 3522 mutiles,

237 3529 340 3559 laceres,
353 3536 483 3561 quemque
495 3527 567 3553 naffi‘ta
582 3528 610 3553 sis
629 3530 697 3556 Ter.
710 3529 774 3555 Hec.
789 3535 809 3559 1,
821 3535 841 3559 i,
854 3532 876 3555 8.

237 3565 329 3592 Parcto
344 3564 411 3601 legi,
432 3563 541 3596 quisque
555 3563 635 3595 legem
646 3564 760 3590 sanxeris
784 3563 882 3589 Auson.
899 3571 910 3593 7
931 3562 986 3595 Sap.
1030 3559 1099 3595 conf.
1121 3559 1180 3585 Sall.
1194 3558 1272 3585 Catil.

239 3607 261 3631 Ξ,
275 3608 285 3638 3
307 3610 334 3624 cx
349 3597 404 3624 lec?-
414 3599 489 3637 Crat.
501 3605 523 3623 et
532 3598 598 3636 Cort.
685 3601 786 3634 Corpus
801 3598 900 3632 patiens
917 3597 1020 3623 inediae
1039 3610 1084 3615 —-
1104 3595 1179 3628 supra
1194 3602 1273 3628 quam

240 3643 334 3666 cuique
349 3632 474 3659 credibile
489 3633 524 3658 est
545 3632 634 3658 Sidon.
644 3633 729 3660 Carni.
742 3644 764 3667 2,
778 3641 822 3669 77.
856 3634 940 3659 Burni.
955 3632 988 3659 ad
999 3630 1150 3658 Ruti1.1tin.
1160 3638 1179 3661 i,
1194 3630 1253 3664 276.

278 3675 327 3704 QV
338 3675 345 3692 ¹
356 3676 368 3695 S
378 3676 443 3708 QVI
457 3674 471 3692 1.
482 3676 491 3693 1
501 3675 520 3695 Α
531 3674 556 3697 F,
575 3672 658 3693 Titum.
674 3669 693 3694 f.
719 3671 756 3695 Pl.
770 3676 873 3695 tantum.
893 3666 1088 3702 [πεμψήμοιτκ]
1109 3665 1170 3691 Dici
1185 3670 1274 3699 putan-

241 3710 294 3735 tur,
314 3710 342 3728 vt
355 3707 391 3728 ait
408 3703 509 3734 Festus,
527 3703 656 3736 quidquid
671 3712 700 3729 ex
720 3705 860 3730 arboribus
873 3704 981 3730 minutis
998 3702 1178 3732 surculorum,
1196 3700 1327 3728 folio-100
1336 3702 1399 3733 Qio
1421 3697 1539 3732 gentium
1562 3693 1679 3728 fugiam?

241 3747 341 3778 rumne⁴
351 3738 427 3777 cadit,
440 3738 512 3763 velut
528 3739 655 3771 quidquid
670 3738 746 3764 cadit.
811 3739 954 3765 Caecilius:
982 3736 1147 3771 Qiisquilias
1160 3736 1274 3762 volantis

241 3782 314 3813 venti
329 3774 408 3806 ipolia
421 3774 576 3812 memoranti
597 3774 676 3798 modo
696 3776 802 3803 (Docer.
819 3778 882 3801 cmii.
907 3782 1050 3804 memoras,
1081 3772 1090 3797 i
1113 3770 1211 3802 modo)
1243 3771 1274 3797 Et

240 3809 361 3838 Nouius,
387 3808 437 3833 Abi
451 3807 559 3848 deturba
571 3814 596 3834 ic
611 3810 683 3839 saxo,
702 3808 784 3834 homo
797 3817 849 3834 non
863 3809 1038 3843 quisquiliae.
1057 3807 1100 3833 vbi
1116 3806 1275 3842 fingularitcr

234 3848 297 3879 poni
310 3844 418 3882 uidetur,
431 3850 463 3881 ‘vt
479 3843 542 3873 assis,
555 3844 676 3870 teruncii.
779 3844 836 3868 isid.
849 3847 924 3879 Orig.
942 3852 979 3878 17,
995 3846 1011 3870 6
1024 3849 1088 3868 extr.
1107 3842 1273 3875 Qiisquiliae

240 3880 349 3914 ilipulae
363 3884 499 3905 immixtae
517 3879 624 3905 surculis
644 3885 668 3905 ct
689 3878 761 3905 soliis
774 3878 863 3905 aridis.

1259 1221 1291 1246 30

979 1926 1056 1952 Amat
1073 1925 1250 1959 supermnms,
1257 1927 1289 1953 50

822 2993 896 3027 Qiid
927 3000 1034 3026 quoque
1063 2990 1123 3016 loco
1154 2986 1309 3022 quadre180
1326 2986 1449 3022 Datiuos

447 3173 470 3210 ᾗ.
492 3176 518 3200 Si
531 3177 607 3201 inter.
627 3175 660 3200 D.
680 3173 711 3202 de
725 3173 832 3199 verbor.
845 3172 955 3205 obligat.
989 3169 1060 3202 Qua
1078 3167 1150 3202 possit
1168 3167 1268 3193 contin·
1293 3167 1321 3197 85
1330 3165 1385 3192 illis
1405 3164 1575 3198 regionibus,

500 3353 573 3378 Idem
592 3360 604 3384 ς
623 3358 686 3377 εκιν.
722 3352 836 3383 Quoque
850 3350 914 3383 quid
929 3354 1019 3375 natura
1039 3347 1121 3381 magis
1140 3347 1312 3381 asperum‚90
1331 3344 1391 3372 hinc
1404 3349 1430 3370 te
1443 3343 1496 3377 agis

913 3526 970 3552 αιίιί.
991 3525 1072 3551 Plaut.
1084 3523 1143 3550 Mil.
1165 3532 1191 3555 2,
1210 3532 1232 3555 2,
1251 3530 1310 3556 5.93

919 3880 984 3907 Sunt
1001 3884 1089 3906 autem
1105 3883 1274 3912 purgamenta
1284 3882 1329 3907 ιος
1337 3876 1399 3909 Qio
1418 3871 1488 3900 mihi
1499 3871 1621 3901 fortuna,
1639 3869 1658 3897 fi
1674 3878 1728 3896 non

1307 899 1344 922 tio
1356 904 1417 931 prae
1437 897 1585 929 Salmaflana
1603 897 1736 931 probatur,
1753 901 1824 933 quia
1843 899 1961 926 Galatico
1975 907 2058 934 grano
2081 899 2123 925 seu
2137 906 2215 924 cocco
2233 898 2342 924 deducit.
2366 895 2368 898 ’

1306 931 1354 959 Sed
1369 932 1426 957 haec
1438 940 1486 957 non
1500 930 1571 957 valde
1583 932 1616 958 ad
1628 941 1672 958 nos
1679 936 1817 967 pertinent.
1852 934 2018 970 Obseruemus,
2030 934 2182 967 Qiisquilia
2196 936 2269 960 etiam
2284 942 2342 959 neu-

1306 973 1347 994 tro
1359 976 1445 1008 genere
1457 969 1525 1007 poni,
1546 973 1575 992 vt
1593 967 1765 1001 Qisquilias.
1833 969 1938 996 Petron.
1953 980 1974 997 c.
1986 978 2018 1004 75
2045 969 2186 996 Corculum
2199 968 2249 999 est,
2269 967 2342 1002 quod

1307 1002 1429 1030 homines
1437 1002 1508 1033 facit,
1516 1006 1616 1028 caetera
1624 1002 1869 1036 quisquiliaomnia.
1904 1006 2011 1032 Vet.Gl.
2031 1005 2184 1039 Qiisquilia
2196 1003 2320 1030 σκύἔοιλα.

1344 1043 1551 1076 qvisqws,
1568 1040 1596 1063 in
1616 1044 1718 1077 utroque
1735 1047 1821 1073 gwere
1840 1045 1864 1065 et
1881 1048 1917 1066 m.
1937 1048 1960 1067 ee
1981 1041 2001 1067 f.
2025 1049 2048 1067 et
2074 1046 2276 1078 qwnqvu)
2302 1039 2343 1066 vel

1308 1079 1523 1114 QVICQYID.
1543 1081 1568 1112 ¹.¹'
1601 1081 1759 1112 euiuseuius.
1793 1071 1887 1109 [ἵςις]
1917 1075 2046 1112 figmficat
2065 1078 2216 1111 Qcicunque.
2275 1074 2342 1101 Satis

1308 1118 1357 1144 pro
1370 1117 1496 1144 imperio,
1509 1116 1628 1148 quisquis
1640 1108 1915 1137 esrTerent.>Phonn.
1932 1119 1950 1142 1,
1967 1120 1995 1144 4,
2014 1120 2050 1145 ¹9-
2153 1111 2234 1137 Plaut.
2252 1110 2344 1137 Pseud.

1307 1154 1343 1185 4,
1370 1153 1404 1180 7,
1436 1154 1469 1178 4²
1508 1145 1636 1177 Qiisquis
1655 1152 1682 1183 es
1701 1143 1862 1178 adolescens,
1879 1154 1985 1180 operam
1997 1147 2037 1173 fac
2051 1146 2190 1181 compendi
2210 1154 2344 1180 quaerere.

1309 1182 1372 1220 Liu.
1383 1185 1450 1220 458
1469 1180 1540 1206 Nam
1553 1185 1579 1206 et
1591 1188 1625 1220 rie
1638 1179 1743 1212 stirpem
1756 1179 1829 1217 domi
1843 1181 2035 1215 relinquerent,
2047 1183 2147 1209 liberos
2163 1183 2221 1208 suos
2236 1181 2343 1216 quibus-

1308 1216 1407 1250 quibus
1422 1223 1450 1255 ¹.¹¹
1464 1224 1521 1254 eam
1535 1215 1716 1254 conditionem
1727 1220 1755 1241 vt
1768 1217 2029 1250 manumitterentur,
2041 1218 2173 1252 mancipio
2187 1217 2282 1244 dabant
2298 1224 2344 1243 etc.

1309 1253 1433 1291 Veterani
1442 1271 1450 1284 ,
1471 1259 1565 1284 quiqui
1578 1250 1692 1276 Casilini
1704 1255 1730 1279 et
1742 1251 1857 1278 Calatiae
1871 1253 1928 1279 sunt
1953 1253 2009 1279 Cic.
2023 1253 2076 1279 Att.
2090 1255 2127 1285 16,
2149 1258 2171 1283 8.
2264 1253 2344 1286 Qiis-

1305 1294 1370 1327 quis
1383 1287 1418 1312 est
1433 1287 1479 1312 ille
1489 1306 1497 1318 ,
1512 1285 1529 1312 li
1543 1285 1624 1312 modo
1638 1285 1673 1311 est
1685 1285 1779 1319 aliquis
1800 1286 1873 1313 Idem
1886 1287 1918 1314 de
1931 1288 2001 1315 Clar.
2012 1288 2086 1316 Orat.
2099 1296 2140 1321 255
2158 1298 2180 1315 c.
2194 1295 2233 1323 73.
2303 1288 2345 1314 Se-

1310 1330 1418 1362 quimur
1430 1327 1465 1353 te,
1479 1321 1564 1360 sancte
1577 1321 1697 1353 deorum,
1716 1321 1845 1354 Quisquis
1859 1330 1885 1347 es
1908 1323 1982 1356 Virg.
1995 1326 2061 1348 Aen.
2075 1333 2103 1356 4,
2114 1326 2177 1358 476.
2266 1323 2345 1356 Qiis'-

1309 1366 1378 1392 quis,
1392 1364 1442 1392 pro
1460 1357 1590 1390 Qisque,
1608 1356 1726 1382 laudatur
1758 1356 1815 1381 Cic.
1831 1355 1883 1380 Off.
1897 1363 1918 1383 1,
1933 1359 1969 1387 46
1989 1357 2133 1383 Colendum
2147 1363 2234 1385 autem
2245 1360 2293 1386 effe
2308 1359 2346 1385 ita

1309 1401 1441 1427 quemque
1455 1392 1579 1423 maxime,
1591 1397 1621 1417 vt
1634 1391 1755 1423 quisquis
1770 1390 1810 1416 his
1821 1388 2032 1416 virtutibuserit
2044 1395 2158 1416 ornatus.
2204 1395 2242 1418 Ex
2252 1394 2345 1426 vetusto

1308 1428 1389 1454 codice
1404 1428 1518 1461 legitur,
1535 1428 1572 1452 Vt
1584 1426 1695 1460 quisque
1708 1425 1822 1451 maxime
1835 1423 1980 1450 virtutibus
1993 1423 2035 1449 his
2047 1421 2259 1451 leuioribuserit
2273 1435 2349 1454 orna.

1309 1469 1360 1488 ωε.
1395 1463 1465 1496 conf.
1486 1463 1541 1488 Cic.
1557 1462 1628 1488 Fam.
1643 1463 1669 1493 6,
1683 1469 1692 1487 1
1710 1470 1771 1486 cum.
1785 1466 1837 1485 not.
1849 1460 1949 1486 Manui.
2033 1457 2161 1491 Quisquis
2175 1457 2272 1491 vbique
2284 1463 2337 1488 viri

1311 1496 1400 1522 faciles
1413 1497 1543 1522 aduertite
1557 1501 1657 1521 mentes
1682 1495 1764 1521 Ouid.
1780 1496 1837 1521 Art.
1851 1495 1909 1521 Am.
1927 1502 1952 1525 i,
1972 1495 2030 1527 267.
2139 1493 2278 1528 Qisquis,
2299 1482 2351 1532 pro,

1311 1533 1486 1565 Qfieunque,
1513 1530 1566 1556 vid.
1581 1531 1665 1556 Burm.
1690 1530 1724 1556 ad
1739 1530 1870 1561 Qiinffil.
1887 1530 1959 1555 Decl.
1973 1534 1996 1560 8,
2010 1537 2027 1560 9
2040 1538 2065 1563 p.
2080 1535 2136 1561 174.
2227 1530 2345 1565 -iQiiqui,

1564 1565 1605 1592 Ab
1619 1573 1661 1596 e0,
1676 1565 1772 1598 quiqui
1784 1564 1829 1596 est,
1845 1565 1932 1599 posces
1949 1564 2030 1590 Plaut.
2047 1563 2108 1589 Aul.
2123 1571 2151 1595 4,
2165 1570 2257 1596 io,>45.
2287 1566 2342 1594 add,

1312 1602 1351 1642 Id..
1369 1603 1426 1629 Cas.
1440 1609 1547 1642 3,.1,.1ο.
1572 1608 1596 1629 et
1615 1601 1694 1627 Poen.
1711 1609 1733 1632 3,
1744 1608 1769 1632 2,
1781 1608 1814 1626 11.
2010 1597 2031 1640 ‘j
2053 1607 2069 1625 2
2105 1599 2248 1632 Quisquis,
2261 1602 2345 1634 generi

1312 1644 1393 1665 etiam
1414 1638 1547 1663 feminino
1564 1635 1676 1662 attribui
1693 1636 1762 1670 posse
1780 1640 1900 1661 veterum
1919 1633 2062 1661 aridioritas
2081 1634 2176 1660 voluit.
2246 1635 2348 1663 Liuius:

1311 1674 1412 1700 Mulier
1428 1672 1549 1707 quisquis
1561 1681 1599 1704 es,
1611 1677 1636 1697 te
1650 1671 1781 1697 volumus.
1853 1670 1997 1697 Caecilius:
2020 1670 2123 1702 Quaeso
2137 1669 2222 1703 igitur
2235 1671 2350 1706 quisquis

1312 1717 1339 1734 es
1352 1718 1410 1734 mea
1423 1708 1530 1734 mulier.
1599 1708 1742 1734 Pacuuius:
1762 1705 1890 1739 Qnisquis
1903 1712 1932 1732 tu
1945 1715 1972 1731 es
1985 1715 2042 1732 mea
2059 1705 2166 1735 mulier,
2181 1713 2248 1738 quae
2261 1715 2302 1732 me
2314 1707 2352 1733 in-

1312 1745 1388 1771 sueto
1400 1743 1552 1778 nuncupasti
1563 1743 1680 1769 nomine.
1716 1743 1784 1768 Haec
1798 1741 1870 1768 Non.
1884 1750 1906 1774 3,
1920 1750 1965 1775 49.
2018 1742 2102 1768 Plaut.
2117 1740 2220 1774 {hid-4,
2234 1752 2257 1773 ⁴,
2272 1741 2355 1768 io2ad

1313 1778 1477 1812 Palaestram.-
1503 1779 1579 1805 Tum
1598 1778 1651 1805 tibi
1671 1778 1758 1804 hercle
1777 1778 1846 1803 Deos
1866 1777 1947 1804 iratos
1967 1777 2016 1803 effe
2034 1782 2139 1811 oportet
2173 1777 2354 1812 Quisquis-es,

1315 1817 1390 1848 Quae
1404 1820 1522 1850 parentes
1535 1814 1564 1840 iu
1577 1819 1630 1841 tam
1642 1813 1779 1848 angustum
1792 1818 1852 1839 tuos
1871 1812 2149 1847 locumreompegeris.
2302 1810 2322 1851 ff
2340 1821 2353 1845 3

1311 1853 1344 1879 In
1364 1851 1438 1879 MSS.
1456 1850 1634 1886 permiscentur
1652 1849 1772 1883 quisquis
1792 1855 1816 1875 et
1833 1848 1853 1875 fi
1867 1848 1940 1882 quis:
1973 1849 2059 1876 Burm.
2073 1847 2107 1875 ad
2116 1847 2197 1875 Ouid.
2209 1848 2272 1875 Her.
2286 1856 2295 1874 1
2317 1856 2355 1875 21.

1317 1887 1375 1914 Vid.
1395 1889 1468 1913 etiam
1487 1891 1660 1924 QiRinn.
2296 1870 2305 1883 ¹

1349 1929 1416 1961 QVI
1427 1929 1463 1947 Vi
1474 1928 1498 1954 s,
1519 1921 1635 1956 quaeuis,
1647 1920 1762 1955 quoduis
1780 1920 1820 1947 vel
1836 1918 1958 1954 quiduis;
1975 1918 2100 1951 cuiusuis,
2115 1918 2208 1945 cuiuis.
2229 1915 2265 1951 [ὃς
2273 1917 2356 1954 ζέλσ]

1318 1959 1388 1986 Vnm
1407 1967 1417 1983 e
1435 1959 1536 1988 multis,
1561 1956 1609 1994 fid
1632 1956 1808 1990 indifferenter
1827 1957 1878 1981 Hic
1902 1956 1943 1981 vel
1966 1955 2021 1987 Ille,
2048 1964 2115 1990 quem
2132 1955 2240 1981 volueris
2261 1956 2355 1990 eligere.
2389 1967 2391 1970 ⁴

1313 1994 1383 2034 Ter.
1399 1992 1509 2027 Adelph.
1531 2001 1557 2025 2,
1578 2001 1601 2026 3,
1617 2001 1628 2019 1
1651 1992 1704 2019 Abs
1719 1990 1808 2025 quiuis
1825 1990 1948 2023 homine,
1963 1999 2044 2024 quum
2059 1990 2094 2016 est
2106 1999 2185 2024 opus,
2200 1989 2354 2017 beneficium

1313 2037 1432 2069 accipere
1445 2028 1567 2063 gaudeas,
1601 2028 1626 2055 h.
1647 2037 1667 2054 e.
1691 2027 1722 2054 ab
1736 2025 1854 2060 ἱππ-,βαι
1866 2026 1896 2053 ab
1909 2028 1967 2059 illo,
1981 2025 2165 2059 indifferenter.
2237 2027 2295 2052 Cic.
2309 2033 2352 2060 pro

1315 2066 1410 2098 Qiint.
1430 2070 1463 2097 84
1496 2065 1646 2098 Vtrumque
1668 2063 1756 2097 quiuis
1774 2062 1924 2096 intelligere
1942 2063 2072 2097 potuifl'et.
2183 2061 2248 2088 Non
2268 2061 2357 2095 quiuis

1313 2109 1381 2127 vnus
1393 2109 1407 2126 e
1421 2099 1520 2134 populo
1538 2099 1641 2139 Cia-de
1653 2100 1724 2125 Clar.
1732 2099 1806 2124 Orat.
1820 2106 1878 2130 320.
1984 2097 2025 2124 De
2036 2097 2128 2131 queuis
2140 2105 2192 2124 vna
2205 2106 2233 2123 re
2253 2097 2357 2124 Lucrer.

1313 2145 1334 2168 1,
1348 2143 1405 2170 417.
1440 2169 1446 2174 .
1495 2135 1621 2166 Qieisuis
1642 2134 1705 2159 anni
1722 2134 1888 2166 temporibus
1904 2138 2007 2160 matura
2024 2133 2060 2159 est
2081 2139 2106 2159 et
2125 2133 2295 2167 tempestiua,
2310 2139 2358 2167 pro

1313 2170 1460 2203 Qiibusuis
1480 2170 1547 2195 Cato
1561 2176 1598 2204 17,
1612 2176 1633 2194 1.
1673 2168 1714 2194 Sic
1725 2174 1782 2193 ante
1801 2166 1940 2193 thtorium
1953 2168 2084 2194 edebatur:
2108 2168 2139 2193 ab
2152 2177 2177 2194 eo
2190 2166 2223 2200 est
2242 2167 2356 2200 Quidni·

1313 2206 1377 2231 anni
1384 2205 1541 2239 fimpliciter.
1646 2203 1702 2229 Cic.
1717 2210 1766 2236 pro
1780 2201 1884 2228 Cluent.
1897 2203 1931 2233 96
1949 2202 1995 2227 Vis
2009 2202 2055 2228 illa
2067 2201 2129 2233 fuit,
2137 2207 2164 2228 et
2174 2208 2202 2228 vt
2217 2203 2290 2237 saepe
2304 2204 2358 2230 iam

1316 2240 1389 2271 dixi,
1407 2239 1486 2277 ruina
1499 2238 1626 2277 quaedam
1639 2243 1716 2271 atque
1729 2236 1863 2271 tempestas
1872 2256 1881 2269 ,
1900 2242 1926 2262 et
1941 2235 2049 2269 quiduis
2060 2237 2148 2270 potius
2167 2246 2246 2271 quain
2260 2238 2359 2265 iudici-

1317 2284 1377 2306 um,
1396 2279 1440 2300 aut
1449 2273 1628 2312 disceptatio,
1649 2278 1693 2297 aut
1707 2273 1835 2304 quaestio.
1903 2271 1976 2298 Idem
1987 2273 2063 2298 Verr.
2083 2279 2106 2303 3,
2127 2279 2159 2304 45
2176 2281 2197 2298 c.
2213 2277 2238 2302 18
2266 2274 2358 2301 Tanta

1317 2311 1357 2337 vis
1373 2314 1428 2336 erat
1447 2309 1624 2338 iniuriarum,
1645 2312 1675 2332 vt
1689 2305 1811 2332 homines
1823 2306 1928 2340 quiduis
1941 2307 2058 2340 perpeti,
2076 2315 2154 2341 quain
2166 2315 2220 2333 non
2235 2307 2267 2333 de
2284 2309 2358 2335 istius

1317 2345 1448 2381 prauitate
1465 2349 1491 2370 et
1509 2342 1617 2368 iniuriis
1637 2340 1774 2375 deplorare
1792 2347 1818 2367 et
1837 2341 1965 2374 conqueri
1987 2342 2101 2368 mallent.
2177 2342 2233 2368 Cic.
2252 2343 2282 2369 de
2295 2344 2359 2377 Opt.

1318 2381 1457 2416 gen.Orat.
1473 2388 1483 2405 1
1503 2378 1633 2405 Po'essmatis
1646 2376 1738 2411 tragici
1764 2390 1810 2396 —
1834 2377 1910 2401 suum
1924 2375 2038 2409 quoduis
2050 2376 2085 2402 est
2099 2375 2229 2404 diuersum
2242 2386 2258 2404 a
2275 2385 2359 2405 caete.

1318 2419 1355 2444 ris
1372 2425 1458 2453 genus.
1514 2413 1594 2440 Nihil
1613 2411 1685 2439 aliud
1699 2410 1798 2443 studet,
1816 2411 1864 2437 nisi
1879 2416 1907 2436 vt
1919 2410 2063 2437 lutulentus
2077 2412 2118 2437 sus
2131 2419 2189 2437 eum
2205 2413 2299 2445 quouis
2311 2422 2359 2440 vo.

1321 2453 1402 2479 lutari
1429 2449 1607 2477 Pseudo-Cic.
1626 2448 1655 2474 in
1667 2446 1766 2473 Sallust.
1780 2455 1792 2478 3
1813 2455 1834 2471 c.
1848 2455 1864 2471 i.
1971 2446 2027 2472 Cic.
2049 2446 2081 2471 de
2095 2447 2170 2472 Orat.
2187 2455 2215 2479 2,
2235 2454 2276 2481 271
2289 2457 2311 2474 c.
2323 2451 2360 2482 67

1321 2490 1370 2515 Per
1384 2487 1453 2514 mihi
1469 2486 1561 2512 scitum
1575 2483 1691 2514 videtur,
1710 2482 1740 2508 C.
1753 2480 1902 2508 Publicium
1915 2480 2022 2507 solitum
2038 2479 2133 2511 dicere,
2160 2482 2185 2506 P.
2199 2482 2362 2509 Mummium

1320 2524 1405 2551 cuiuis
1419 2521 1533 2555 tempori
1546 2519 1682 2546 hominem
1697 2518 1754 2543 effe.
1790 2518 1882 2551 Nempe
1900 2518 1944 2550 qui
1962 2519 1990 2542 in
2003 2518 2068 2547 otio,
2089 2518 2115 2541 in
2128 2520 2238 2552 negotio,
2251 2520 2278 2543 in
2291 2518 2363 2544 rebus

1320 2562 1406 2590 laetis,
1422 2561 1450 2584 in
1462 2557 1571 2591 asperis,
1591 2553 1710 2580 iucmzdus
1727 2552 1864 2579 hominibus
1877 2551 1947 2585 ςθὲΐ,
1967 2558 1991 2578 et
2006 2555 2139 2586 cuicunque
2159 2555 2262 2586 tempori
2279 2559 2363 2587 aptus.

1320 2596 1403 2622 Simile
1417 2594 1532 2628 quiddam
1544 2590 1572 2616 de
1584 2589 1674 2616 Afinio
1688 2588 1810 2615 Pollione
1822 2587 1902 2622 refert
1922 2586 2052 2620 Qinffii.
2066 2589 2093 2619 6,
2107 2595 2129 2618 3,
2144 2595 2186 2613 110
2211 2588 2244 2614 Vt
2258 2587 2290 2614 de
2303 2588 2363 2614 Poi-

899 2657 906 2664 .
942 2657 949 2663 .
987 2635 1038 2662 Cui
1057 2634 1181 2668 quodque
1200 2632 1259 2657 loco
1268 2634 1303 2662 70
1320 2631 1393 2656 lione
1408 2628 1497 2654 Afinio
1509 2626 1584 2652 scriis
1598 2625 1716 2660 iocisque
1727 2623 1825 2659 pariter
1839 2622 2038 2650 accommodato
2051 2621 2153 2650 dietum
2172 2622 2223 2656 est,
2240 2623 2289 2650 effi:
2301 2631 2364 2651 eum

1322 2665 1443 2694 omnium
1462 2662 1597 2690 horarum.

1360 2816 1416 2849 qv
1430 2815 1459 2834 o.
1494 2807 1583 2841 [mii]
1619 2804 1660 2838 Est
1678 2805 1812 2833 Ablatiuus
1831 2800 1989 2830 Honominis
2006 2802 2108 2829 relatiui
2131 2808 2155 2829 et
2178 2803 2366 2838 interrogatiui.

1326 2846 1392 2872 Hor.
1412 2845 1461 2871 Sat.
1475 2852 1499 2874 2,
1519 2851 1543 2875 3,
1564 2849 1608 2875 295
1629 2844 1726 2875 Qione
1746 2840 1817 2866 malo
1836 2845 1951 2865 mentem
1964 2839 2098 2864 conculsa?
2128 2838 2225 2865 timore
2245 2837 2366 2864 deorum.

1326 2882 1455 2908 particula
1472 2888 1505 2905 ne
1523 2878 1673 2913 stmpliciter
1691 2880 1845 2912 interrogat:
1874 2874 1922 2908 nist
1939 2875 2011 2900 malis
2028 2876 2207 2909 interpretari,
2224 2873 2366 2907 aliquoness

1326 2915 1347 2954 ff
1365 2926 1377 2943 2
1413 2914 1598 2942 Aduerbialitcr
1612 2922 1666 2939 cum
1673 2915 1789 2948 ponitur,
1807 2910 1930 2937 interdum
1943 2919 1972 2936 ex
1985 2909 2105 2936 Ablatiuo
2122 2915 2201 2936 ortum
2213 2908 2324 2941 videtur,
2337 2913 2367 2936 vt

1326 2962 1379 2978 cum
1393 2948 1580 2984 adiunfiosfibi
1594 2949 1664 2975 babet
1676 2949 1877 2983 Comparatiuos,
1894 2946 1986 2979 magis,
1993 2945 2079 2970 minus
2097 2951 2142 2971 etc.
2197 2944 2325 2970 Interdum
2336 2953 2366 2969 ex

1444 2985 1547 3013 eczmdce
1562 2986 1751 3014 Declinationis,
1768 2992 1821 3009 cum
1835 2983 1955 3016 explicari
1960 2979 2041 3016 potest
2049 2987 2096 3015 per
2113 2980 2144 3006 ad
2162 2979 2242 3013 quid,
2264 2980 2304 3005 ve!
2322 2979 2367 3005 cui

1327 3024 1376 3050 rei.
1421 3024 1492 3049 Forte
1505 3022 1538 3047 ad
1555 3022 1674 3047 Datiuum
1687 3019 1749 3056 sunt
1762 3021 1804 3054 qui
1821 3018 1950 3054 referant,
1967 3026 2020 3042 cum
2038 3015 2071 3048 eli
2085 3015 2234 3042 Aduerbium
2252 3015 2320 3046 Ioci„
2333 3013 2367 3041 ad

1327 3059 1480 3093 quemsvel
1499 3057 1526 3083 in
1540 3065 1619 3090 quem
1636 3058 1696 3082 itur.
1772 3053 1847 3087 Virg.
1866 3053 1930 3079 Aen.
1951 3060 1976 3082 1,
1995 3059 2046 3085 374
2072 3052 2167 3084 Quoue
2185 3050 2277 3077 tenetis
2297 3050 2368 3077 iter?

1329 3096 1385 3122 Cic.
1401 3095 1471 3121 Fam.
1487 3095 1513 3125 6,
1528 3100 1544 3118 2
1570 3092 1619 3118 Tu
1631 3091 1713 3117 velim
1725 3089 1818 3116 scribas
1829 3087 1862 3115 ad
1874 3097 1932 3120 me,
1945 3086 2009 3120 quid
2021 3095 2094 3121 agas,
2109 3093 2134 3112 et
2147 3085 2194 3113 vbi
2208 3086 2313 3113 futurus
2326 3085 2368 3118 fis,

1330 3137 1358 3157 vt
1378 3136 1421 3157 aut
1442 3136 1496 3162 quo
1515 3127 1643 3160 scribam,
1674 3132 1719 3152 aut
1741 3134 1794 3159 quo
1813 3123 1933 3155 veniam,
1964 3122 2028 3148 scire
2050 3121 2148 3156 possim.
2244 3121 2317 3147 Num
2337 3121 2366 3148 in

1606 3171 1659 3197 quo
1679 3162 1704 3188 se
1730 3160 1845 3188 Catilina
1868 3157 2000 3184 inferebat
2036 3157 2111 3184 idem
2125 3165 2172 3191 pro
2193 3156 2262 3184 Sulla
2283 3165 2304 3182 c.
2327 3164 2366 3188 19.

1330 3202 1372 3229 Sic
1386 3202 1460 3235 Virg.
1475 3201 1540 3226 Aen.
1553 3207 1591 3231 10,
1605 3201 1658 3231 649
1679 3198 1741 3230 Qio
1753 3195 1823 3229 fugis
1836 3194 1940 3221 Aenea?
2044 3192 2113 3219 Ibid.
2128 3195 2176 3225 369
2200 3193 2261 3225 Quo
2274 3190 2367 3224 fugitis

1332 3237 1397 3264 socii
1412 3238 1421 3263 ἓ
1487 3235 1527 3261 Sic
1548 3234 1683 3268 loquitur,
1700 3232 1747 3267 qui
1764 3231 1822 3257 vult
1840 3228 1975 3257 ostendere
1988 3227 2170 3255 conditionem
2183 3228 2319 3258 locorum,
2336 3227 2366 3254 in

1331 3282 1384 3308 qua
1405 3271 1528 3307 peruerso
1553 3269 1634 3295 modo
1647 3269 1714 3295 alius
1726 3272 1844 3302 petatur,
1863 3265 1928 3291 alius
1947 3264 2090 3298 linquatur.
2182 3263 2250 3289 Ter.
2264 3262 2330 3288 Hec.
2343 3272 2367 3295 3,

1332 3317 1361 3341 ς,
1386 3316 1419 3342 43
1457 3307 1520 3340 Qio
1538 3305 1612 3332 abis?
1647 3312 1741 3335 mane,
1772 3310 1847 3328 inane
1879 3301 1988 3334 inquam
2003 3310 2008 3325 z
2050 3308 2105 3334 quo
2124 3298 2180 3326 abis
2193 3298 2203 3324 3
2303 3298 2365 3330 Qo

1511 3343 1520 3368 3
1555 3340 1704 3367 admonitio
1717 3337 1878 3365 discedentia.
1913 3344 1974 3361 narn
1985 3344 1999 3361 a
2016 3344 2070 3369 quo
2092 3332 2223 3362 discedere
2241 3331 2366 3359 desidera-

1333 3388 1405 3411 mus,
1422 3378 1591 3405 admonemus
1604 3384 1663 3403 eum
1675 3374 1723 3401 vbi
1743 3373 1834 3405 vadat,
1853 3376 1897 3398 aut
1910 3379 1964 3406 quo
1986 3377 2036 3397 eat.
2142 3370 2210 3395 Haec
2227 3369 2321 3395 Donat.
2334 3367 2369 3395 ad

1334 3416 1402 3442 Ter.
1417 3413 1497 3440 Andr.
1510 3421 1536 3446 4,
1551 3422 1574 3446 2,
1591 3419 1618 3445 ²5
1643 3409 1755 3437 Proinde
1778 3409 1840 3435 hinc
1862 3415 1910 3433 vos
1924 3406 2072 3438 amolimini
2086 3416 2092 3432 ι
2124 3412 2183 3430 nani
2198 3403 2266 3429 mihi
2283 3404 2368 3438 irnpe-

1334 3452 1454 3478 dimento
1469 3449 1536 3474 estis.
1573 3454 1596 3474 Ρ.
1617 3455 1667 3481 ego
1679 3445 1744 3472 hane
1757 3444 1848 3470 visam.
1884 3448 1913 3468 D.
1934 3442 1998 3476 quid
2010 3447 2037 3468 tu
2053 3442 2062 3467 3
2114 3448 2150 3465 uo
2170 3439 2232 3466 hinc
2249 3445 2275 3465 te
2294 3439 2368 3473 agis?

1335 3487 1404 3514 Ter.
1420 3483 1530 3518 Adelph.
1545 3493 1573 3516 4,
1589 3485 1615 3514 6,
1629 3490 1647 3514 4
1666 3479 1817 3514 Perreptaui
1836 3487 1917 3512 vsque
1939 3486 2016 3504 omne
2033 3475 2094 3510 oppi
2115 3484 2176 3507 um,
2194 3474 2227 3502 ad
2253 3482 2367 3509 portam,

1334 3522 1366 3549 ad
1379 3523 1463 3549 lacum
1479 3530 1484 3545 :
1521 3528 1574 3554 quo
1588 3526 1641 3544 non
1656 3518 1665 3542 3
1779 3514 1853 3540 Idem
1866 3513 1946 3540 Andr.
1958 3522 1978 3544 2,
1990 3522 2011 3545 3,
2024 3519 2054 3543 25
2079 3510 2155 3543 Vide,
2169 3519 2223 3544 quo
2237 3519 2278 3536 me
2291 3509 2367 3536 indu-

1334 3567 1383 3584 cas.
1486 3555 1554 3582 Ter.
1567 3551 1677 3585 Adelph.
1693 3559 1715 3582 2,
1729 3559 1750 3583 1,
1765 3552 1794 3581 36
1811 3549 1877 3575 Illuc
1891 3549 1987 3584 quaeso
2000 3546 2057 3573 redi
2071 3554 2124 3580 quo
2139 3544 2366 3579 coepisti,Aeschi-

1334 3603 1384 3625 ne,
1403 3596 1449 3619 int.
1463 3591 1512 3617 ire.
1614 3588 1696 3614 Plaut.
1709 3585 1776 3612 Rud.
1790 3593 1810 3617 1,
1825 3594 1847 3617 2,
1861 3594 1887 3611 22
1908 3586 1949 3611 An
1969 3591 2023 3617 quo
2045 3581 2162 3608 furatum
2184 3589 2246 3607 mox
2266 3580 2368 3612 venias,

1334 3628 1443 3661 vestigas
1472 3627 1545 3657 loca,
1580 3627 1599 3650 i.
1618 3626 1646 3649 in
1664 3631 1723 3656 quae
1741 3622 1802 3646 loca.
1905 3621 1990 3647 Varro
2003 3617 2034 3643 R.
2048 3617 2079 3643 R.
2096 3626 2115 3648 i,
2129 3625 2166 3649 19,
2179 3625 2196 3643 2
2215 3616 2299 3643 Foffas
2312 3624 2367 3649 quo

1334 3672 1402 3699 aqua
1415 3662 1556 3688 delabatur.
1649 3658 1705 3684 Cic.
1721 3658 1773 3682 Att.
1788 3662 1811 3688 8,
1823 3665 1835 3687 3
1862 3657 1920 3690 Qia
1933 3659 2020 3680 autem
2037 3659 2063 3678 et
2085 3661 2155 3686 quo,
2173 3651 2242 3678 nihil
2263 3651 2366 3677 scimus.

1714 3691 1795 3717 Plaut.
1820 3692 1887 3718 Rud.
1905 3698 1929 3722 3,
1942 3697 1961 3720 1,
1973 3696 2020 3720 44.
2214 3685 2234 3723 ἢ
2256 3695 2267 3718 3
2305 3687 2368 3720 Qio

1335 3738 1408 3762 etiam
1419 3732 1462 3765 ‘ffi
1476 3733 1566 3759 Datim*
1578 3729 1648 3764 casus
1659 3747 1668 3760 ‚
1687 3737 1736 3753 non
1748 3727 1815 3753 modo
1828 3728 1941 3761 analogia
1947 3724 2016 3759 sintii·
2030 3721 2137 3754 indicat,
2148 3721 2195 3757 sed
2207 3726 2280 3748 etiam
2293 3730 2368 3747 exem-

1330 3772 1384 3806 pla.
1428 3767 1483 3793 Vid.
1496 3768 1610 3792 Perizon.
1623 3763 1657 3789 ad
1669 3761 1767 3789 sanein·
1779 3764 1846 3789 Min.
1859 3771 1882 3794 3,
1895 3769 1932 3793 14,
1945 3766 1962 3793 7
1973 3765 1997 3784 et
2010 3767 2049 3790 39.
2155 3758 2240 3784 Varro
2254 3758 2285 3783 R.
2300 3758 2330 3783 R.
2343 3765 2368 3788 2,

1337 3814 1359 3837 1,
1373 3812 1396 3830 21
1416 3802 1497 3828 Cuius
1525 3800 1647 3827 scientiae
1678 3807 1772 3832 genera
1791 3798 1864 3824 duo:
1898 3809 1944 3815 --
1977 3793 2105 3823 alterum,
2124 3802 2169 3828 quo
2182 3793 2261 3819 etiam
2283 3792 2367 3827 pastor

1337 3840 1449 3873 diligens
1463 3835 1563 3862 mederi
1577 3834 1664 3869 ponit,
1696 3836 1714 3859 i.
1727 3838 1773 3860 cui.
1878 3832 1946 3857 Hinc
1958 3828 2069 3856 armilla
2094 3828 2160 3854 Hor.
2177 3828 2254 3863 Epist.
2270 3837 2289 3860 1,
2301 3835 2323 3860 ς,
2338 3834 2375 3858 12,

1741 3868 1891 3897 conceditur
1902 3865 1944 3892 vti
1956 3865 1966 3891 ἰ
2036 3863 2113 3899 Virg.
2126 3865 2191 3891 Aen.
2205 3873 2231 3897 2,
2244 3872 2287 3897 130
2305 3862 2366 3923 Cluso

2266 3906 2310 3925 mo
2321 3904 2365 3923 em
