2434 4156
213 113 258 152 95
570 93 852 134 REC
1720 88 1977 133 REC
2292 97 2343 142 96

215 187 276 220 Qio
294 191 347 210 tum
365 180 487 216 exemplo
504 182 618 217 Lepidus
631 201 639 214 ,
664 190 824 217 quamquain
840 180 965 216 pecuniae
983 180 1103 207 modicus
1118 197 1126 211 ,
1145 178 1248 204 auitum
1313 190 1352 212 10,
1366 185 1391 213 33
1432 181 1538 215 Merops
1557 184 1685 211 vocatur,
1698 177 1830 213 genitores
1843 177 1908 206 'suos
1927 179 2077 209 reconditos
2093 181 2204 216 pascens.
2287 179 2347 207 Cic.

215 221 289 247 decus
302 216 423 244 recoluit.
441 217 466 244 h·
479 227 500 244 ε.
519 217 653 250 Restituit,
665 220 801 243 renouauit.
870 215 900 241 T
902 215 961 241 acit.
976 215 1043 240 Hist·
1065 223 1086 246 ι,
1104 221 1149 247 77,
1168 221 1186 252 4,
1215 212 1246 238 Et
1312 217 1389 242 Verr.
1404 224 1430 249 4,
1446 226 1480 250 42
1508 217 1659 243 Statuerunt
1672 215 1698 241 se
1711 213 1779 240 nihil
1793 218 1846 240 tani
1858 214 1986 248 clausum,
2009 223 2161 251 neque-tam
2178 214 2347 244 reconditum

214 260 301 282 recens
313 251 346 277 ab
365 252 448 279 exilio
467 254 586 280 reuersus
603 252 706 278 nobiles
726 249 931 277 adolescentulos
950 249 1030 275 auitis
1044 257 1072 274 ae
1086 253 1200 281 paternis
1212 247 1249 273 sa·
1311 251 1380 285 poss‘e
1393 250 1505 285 habete,
1528 251 1600 286 quod
1613 259 1668 276 non
1681 249 1754 276 istius
1773 248 1912 283 cupiditati
1922 252 2122 286 apertiffimum‚
2136 251 2347 287 promtiffimum.

213 286 337 314 cerdotiis
351 287 379 314 in
390 288 514 315 solatium
527 287 648 315 recoluit.
667 287 690 313 h.
704 296 723 312 e.
743 285 839 321 Rursus
850 286 941 316 coluit,
954 284 1096 314 decorauit,
1109 282 1249 322 honorum?-
1313 295 1364 321 que
1376 287 1444 315 esset.
1516 287 1594 320 Quod
1613 286 1692 313 celari
1715 285 1868 320 oportebat,
1879 284 2008 314 habebant
2026 287 2166 323 sepositum
2185 293 2211 314 et
2229 286 2351 314 recondi.

212 322 284 350 Idem
299 322 363 349 Hist.
377 328 399 356 3,
413 330 439 358 7,
456 332 468 355 3
493 324 592 350 Galbae
606 322 733 355 imagines
747 320 878 347 discordia
892 326 1041 354 temporum
1054 317 1203 348 subuersaS,
1221 325 1251 343 m
1277 328 1292 354 ς
1315 327 1373 348 tum
1386 322 1441 349 Cic,
1456 323 1531 350 vers,
1546 332 1573 355 4⁵
1588 331 1625 354 23,
1696 321 1770 348 Idem
1785 321 1816 347 de
1830 320 1899 354 Lege
1912 321 1972 359 Agr,
1991 332 2017 355 2,
2031 332 2062 356 41
2093 323 2167 355 Qid
2181 322 2351 353 Alexandria,

213 357 337 384 omnibus
354 359 507 402 municipiis
527 357 610 385 recoli
629 356 696 383 itillit
712 356 851 382 Antonius.
1018 351 1038 391 ff
1060 362 1076 379 2
1113 352 1250 383 Recolere,
1315 356 1460 391 umidaque
1474 358 1620 393 Aegyptus!
1640 363 1668 384 vt
1680 357 1782 384 occulte
1797 356 1874 382 latet}
1894 362 1923 383 vt
1933 358 2070 387 recondita
2082 358 2135 385 est?
2208 358 2264 384 Cic.
2273 358 2350 384 Vere.

213 392 424 428 [ἐνκλογίζειθαι,
448 391 679 426 ..mammonam
704 392 837 451 Repetere,
852 389 985 430 meditari,
1000 395 1023 415 et
1041 394 1119 415 mente
1131 385 1253 415 tractare.
1314 400 1337 423 3,
1347 401 1389 424 193
1425 394 1557 428 Anguluni
1571 394 1639 420 mihi
1657 393 1773 428 aliquem
1786 392 1865 426 eligas
1878 393 2030 426 prouinciae
2044 393 2213 420 reconditum
2230 401 2259 419 ac
2278 392 2352 419 det-e-

213 428 370 457 Diomedes:
397 428 514 464 Superest
528 434 556 454 vt
569 427 665 461 lingula
679 434 739 451 reco
751 424 835 457 endo,
847 433 977 452 memoria
996 431 1070 451 tenus
1084 423 1252 454 mandentur,
1315 426 1419 454 licium.
1488 429 1561 455 Idem
1575 429 1607 456 de
1623 430 1697 456 Orat.
1712 438 1732 461 1,
1744 436 1757 457 8
1783 427 1873 455 Studia
1887 436 1954 462 quae
1972 430 2116 457 reconditis
2130 430 2159 455 in
2173 428 2282 456 Artibus
2293 436 2351 454 vei·—

215 472 249 490 ne
267 464 361 492 frustra
380 473 440 491 cum
459 461 769 501 temporeeuanescantn..
813 460 870 487 Cic.
883 469 933 495 pro
944 459 1022 500 Arch.
1037 467 1061 491 13
1081 468 1101 485 t·
1115 461 1132 485 6
1164 460 1254 492 Quan-
1315 461 1411 489 santur.
1470 464 1620 491 Caecubum
1634 464 1801 492 reconditum
1821 472 1911 498 prome
1930 465 1997 492 Hor.
2008 466 2097 493 Carni.
2111 473 2134 498 3,
2147 470 2187 497 28,
2202 472 2224 491 2.
2294 463 2352 491 Cic.

215 504 272 533 tum
283 500 331 527 alii
342 500 464 527 tribuunt
477 497 637 532 tempestiuis
650 503 799 536 conuiuiis,
809 503 935 530 quantum
950 495 1065 529 denique
1077 494 1161 527 aleae,
1173 503 1253 529 quan·
1271 501 1299 519 ιο
1317 496 1388 524 Fam.
1402 505 1437 531 ις,
1451 507 1479 525 21
1499 500 1601 527 Multae
1613 506 1687 528 erant
1700 508 1725 527 et
1738 499 1888 526 reconditae
1901 499 2017 527 Literae.
2056 520 2057 523 ,
2070 501 2144 527 Idem
2157 500 2190 526 de
2199 499 2353 527 manerat.

214 540 272 562 tum
292 535 373 570 pilae:
400 540 500 561 tantum
518 537 623 567 egomet
648 531 718 557 mihi
738 530 771 557 ad
790 531 860 571 haec·
872 531 955 558 studia
974 530 1254 571 recolenda-sumsero.
1318 533 1367 563 263
1396 533 1475 561 Erant
1493 535 1521 561 in
1539 544 1571 561 eo
1585 536 1715 570 plurimae
1734 536 1854 567 Lirerae,
1868 543 1914 561 nec
1931 544 1977 561 eae
1993 535 2130 570 vulgares,
2149 535 2191 561 sed
2210 534 2354 561 interiore·

213 570 287 598 Idem
301 571 412 604 Philipp.
428 578 462 602 13,
475 576 508 602 45
520 578 542 594 c.
554 576 589 606 ²:0
618 567 694 599 Quae
710 565 728 593 fi
746 572 833 594 tecum
852 568 907 601 ipse
927 566 1037 599 recolis,
1050 574 1178 601 aequiore
1198 573 1254 592 ani·
1318 567 1444 600 quaedam
1460 574 1486 596 et
1497 571 1658 598 reconditae.
1680 571 1753 607 Coris.
1765 571 1838 598 Idem
1848 571 1879 597 de
1889 571 1963 597 N.D.
1976 579 1988 603 3
2003 580 2023 597 c.
2040 573 2077 598 16.
2147 571 2204 597 Cic.
2219 569 2251 595 de
2260 568 2353 604 Legib-

214 615 276 638 mo,
290 612 316 632 et
328 606 429 632 maiore
447 603 627 631 consolatione
646 602 772 629 moriere.
843 603 918 636 Virg.
933 603 998 628 Aen.
1016 604 1039 633 6,
1057 603 1100 632 681
1138 601 1252 627 Inclusas
1320 610 1340 632 1,
1355 603 1389 628 26
1416 603 1493 630 Tum
1508 606 1638 639 specimen
1658 607 1696 634 ita
1713 608 1843 634 formauit
1864 606 1934 638 oris,
1950 614 1977 633 vt
1992 606 2019 632 i„
2035 615 2065 633 ς,
2078 607 2183 641 penitus
2192 605 2354 633 Recondjm

213 642 329 674 animas,
353 642 527 675 superumque
540 638 571 664 ad
585 637 676 664 lumen
688 638 770 664 ituras
805 638 943 665 Lustrabat
956 636 1044 663 studio
1055 636 1183 664 recolens.
1205 636 1255 662 i.e.
1317 638 1408 664 Mores
1421 637 1564 674 effingeret.
1630 642 1704 669 Idem
1717 651 1766 677 pro
1780 643 1874 676 Quint.
1884 650 1915 674 59
1928 651 1949 668 c.
1964 647 1988 672 18
2018 642 2094 669 Vixit
2113 642 2185 668 enim
2200 642 2302 675 semper
2317 638 2355 667 iti—

214 676 379 704 Circumibat
392 674 505 701 studiose
517 673 672 705 retra&ans,
686 673 803 700 Seruius.
825 708 831 713 ⁵
857 673 915 699 Cic.
930 672 962 698 de
975 673 1051 712 Orat.⁴
1063 682 1082 705 1,
1097 681 1113 699 2
1127 681 1149 698 c.
1162 680 1173 699 1
1200 671 1257 698 Ne·
1276 680 1302 707 ις
1317 673 1387 699 culte
1399 677 1478 707 atque
1492 675 1616 704 horride:
1636 678 1862 706 Naturatrissiac
1874 678 2009 704 recondita
2021 677 2090 704 suit:
2105 686 2160 704 non
2173 676 2205 704 ad
2220 676 2356 708 solarium,

216 721 268 746 que
281 720 347 738 vero
365 710 441 737 nobis
452 709 620 744 cupientibus
633 714 712 743 atque
730 708 882 743 optantibus
894 708 996 735 friitilus
1014 708 1066 735 otii
1080 707 1154 734 datus
1173 707 1209 733 est
1223 706 1256 733 ad
1318 717 1373 734 non
1385 707 1414 735 in
1427 717 1533 744 campo,
1546 720 1599 738 non
1612 712 1641 738 in
1655 714 1788 745 conuiuiis
1801 715 1916 741 versatus
1928 713 1980 745 est,
1999 713 2088 745 υενόο,
2099 712 2275 740 solitudinem
2289 719 2356 738 ama·

213 756 256 774 eas
267 754 342 779 artes,
351 744 447 781 quibus
459 753 473 771 a
481 745 569 779 pueris
582 743 785 776 deditifuimus,
799 742 977 776 celebrandas,
985 744 1107 778 interque
1121 751 1169 769 nos
1183 750 1256 769 reco-
1317 744 1368 771 bat.
1440 744 1522 771 Saltus
1533 747 1665 774 reconditi
1679 749 1776 776 Catull.
1791 758 1834 783 32,
1848 758 1879 776 ιι.
1986 749 2099 784 Compar.
2122 749 2178 775 Cic.
2193 746 2272 774 Acad.
2288 757 2317 780 4,
2329 755 2357 773 ιο

210 783 309 810 lendas.
377 780 435 820 Liu.
451 788 490 813 39,
508 789 545 814 24
558 779 718 820 'Vecliigalia
736 780 813 814 regni
833 788 888 805 non
906 779 1039 806 fructibus
1059 785 1161 805 tantum
1180 786 1256 818 agro·
1318 788 1341 806 c.
1354 788 1373 813 4
1402 779 1425 805 A
1439 788 1481 806 me
1492 781 1563 808 enim
1576 791 1688 816 ea,quae
1701 783 1731 811 in
1748 791 1854 820 promtu
1868 789 1959 817 crant,
1971 783 2041 810 dieta
2055 785 2126 811 sunt:
2153 792 2167 811 a
2180 783 2294 810 Lucullo
2311 780 2356 809 a't'l-

212 827 271 845 rum
299 822 479 851 portoriisque
497 815 640 842 maritimis
657 815 746 848 auxit,
760 815 802 841 sed
822 814 931 841 Metalla
950 816 1030 842 etiam
1048 820 1075 841 et
1094 819 1196 841 caetera
1214 822 1254 839 iri-
1318 820 1372 841 tem
1385 815 1566 843 reconditiora
1582 817 1709 846 desidero.
1763 821 1835 847 Brut.
1847 820 1880 847 ad
1895 820 1953 846 Cic.
1969 820 2038 846 Fam.
2055 828 2088 851 ιι,
2104 827 2139 845 20
2170 818 2210 845 Ad
2229 819 2276 845 has
2296 814 2356 844 lite-

212 853 324 881 termifl'a
342 851 473 883 recoluit,
486 858 512 877 et
530 860 599 878 noua
618 851 708 877 multis
727 850 792 877 locis
813 850 938 877 instituit.
1010 849 1077 877 Plin.
1093 849 1172 884 Epist.
1187 857 1214 883 7,
1235 857 1252 881 9
1267 859 1304 878 20
1316 859 1358 878 ras
1371 850 1457 877 statim
1472 850 1541 878 mihi
1551 852 1679 880 rescribe:
1699 859 1860 891 tuorumque
1877 855 1996 891 aliquem
2010 856 2104 889 mitte,
2120 855 2139 882 fi
2153 854 2219 890 quid
2236 851 2357 884 recondh

211 890 246 914 Vt
259 887 330 913 enini
348 893 433 913 terrae
451 887 533 913 variis
546 887 703 920 mutatisque
724 885 884 919 seminibus,
897 887 934 912 ita
953 885 1060 920 ingenia
1080 885 1169 911 nostra
1185 893 1254 910 nunc
1315 892 1372 913 tum
1385 887 1468 920 magis
1483 886 1545 912 erit.
2343 893 2349 910 ι

195 924 257 951 ’hac
271 931 339 948 nunc
352 922 411 948 illac
424 922 595 949 meditatione
608 922 770 949 recoluntur.
789 924 808 947 i.
830 923 972 953 Postumum
986 927 1147 948 renouantur.
1353 928 1450 949 RECO
1459 929 1480 948 N
1491 928 1510 947 D
1520 923 1540 949 ῠ
1549 928 1609 955 CO,
1626 923 1680 949 ere.
1713 925 1808 951 Iterum
1825 926 1961 954 conducere.
1999 925 2105 960 leian.
2119 925 2147 951 in
2159 925 2176 952 l.
2197 925 2266 952 Item
2280 930 2359 958 quae'»

246 964 343 998 chu
353 964 369 983 1.
380 963 430 983 Tv
442 964 473 990 s,
493 967 523 989 a,
540 967 594 984 um.
631 957 725 984 Partic.
767 956 985 992 [ivoeyewfyneds]
1025 957 1078 989 Vt,
1093 956 1199 982 Humus
1212 962 1253 982 re·
1315 956 1395 983 ritur.
1428 977 1434 983 .
1455 958 1511 990 Qii
1530 957 1649 992 impleto.
1668 959 1701 985 D.
1715 959 1810 987 Locati
1827 966 1853 988 et
1871 961 2013 994 conducti,
2034 962 2091 994 Qu
2110 960 2222 995 impleto
2238 965 2360 994 tempore

207 993 276 1021 culta
290 992 370 1020 Ouid.
381 994 446 1020 Met.
462 1001 484 1026 ς,
496 996 560 1027 647.
667 1027 674 1032 ·
737 1027 742 1031 .
1314 992 1420 1019 conduc
1433 993 1502 1019 ionis
1516 993 1637 1020 remansit
1655 994 1684 1019 in
1696 994 1888 1023 conduffione:
1912 1006 1967 1024 non
1986 997 2071 1023 solum
2091 995 2273 1023 reconduxiffe
2285 995 2359 1022 vide.

242 1035 261 1056 R
272 1035 287 1055 Ε
297 1034 313 1054 c
323 1036 341 1055 o
353 1036 377 1055 M
389 1035 414 1055 M
424 1035 432 1054 1
443 1036 464 1054 N
474 1035 483 1053 1
494 1036 506 1055 s
515 1035 532 1055 c
541 1035 561 1055 o
570 1035 588 1054 R
599 1048 607 1060 ‚
635 1029 688 1054 eris
701 1047 710 1060 ,
736 1027 792 1054 isci.
835 1025 1090 1066 [οἷναμιμνῆσιφμαι]
1131 1024 1254 1052 Rcducere
1267 1035 1299 1062 25
1315 1027 1406 1059 bitur,
1424 1028 1469 1055 sed
1485 1029 1569 1056 etiam
1579 1029 1692 1064 pignora
1708 1030 1833 1057 videntur
1845 1031 1940 1059 durare
1954 1032 2083 1067 obligato.
2139 1030 2272 1065 Qtintffil.
2286 1030 2361 1058 Decl.

205 1066 234 1100 Ain
246 1067 394 1090 memoriam.
439 1064 522 1090 Plaut.
535 1064 618 1091 Trin.
638 1073 661 1095 4,
674 1072 700 1096 2,
714 1070 749 1097 70
775 1062 872 1089 Literis
885 1062 1111 1089 recommmiscar.
1315 1072 1344 1092 12
1358 1073 1383 1098 p.
1398 1071 1441 1098 ¹73
1470 1064 1627 1091 vicinarum
1640 1065 1839 1099 prouinciarum
1853 1067 1941 1102 copias
1960 1067 2124 1095 reconducit.
2323 1063 2326 1066 ’
2345 1064 2349 1088 '-

242 1107 260 1126 R
270 1106 286 1126 Ε
296 1105 312 1125 c
323 1105 341 1125 o
351 1107 375 1126 M
385 1106 400 1126 P
411 1106 420 1125 1
430 1106 451 1126 N
460 1106 480 1126 G
489 1107 509 1126 ο
518 1119 526 1131 ,
546 1101 600 1127 ere.
635 1099 768 1133 Recolligi
781 1105 807 1125 et
820 1098 986 1133 recompingi
999 1106 1029 1124 os
1043 1097 1075 1125 ad
1089 1106 1119 1124 os
1131 1096 1252 1124 Tertull.
1353 1106 1372 1126 R
1381 1106 1397 1126 E
1407 1106 1423 1126 c
1432 1106 1452 1126 0
1461 1106 1483 1126 N
1491 1105 1511 1126 D
1520 1105 1541 1125 v
1550 1106 1567 1126 c
1575 1108 1596 1126 τ
1604 1106 1625 1126 v
1635 1107 1648 1127 s
1657 1120 1666 1133 ,
1683 1109 1714 1133 a,
1729 1109 1784 1127 um.
1818 1102 1886 1130 Plin.
1900 1111 1941 1136 29,
1954 1112 1965 1129 ι
1992 1105 2083 1130 Vnum
2100 1111 2193 1137 agrum
2205 1111 2237 1129 ex
2250 1101 2361 1137 prouin-

207 1134 239 1161 de
252 1136 360 1162 Resurr.
373 1136 452 1162 Carn.
466 1144 487 1162 c.
500 1143 540 1167 30.
1315 1134 1428 1162 cialibus
1443 1141 1482 1162 Hs
1496 1134 1616 1162 ducentis
1629 1136 1826 1163 recoiiduc‘tum.
2345 1156 2349 1157 γ

245 1177 264 1197 R
275 1177 291 1197 E
302 1177 345 1197 co
355 1178 379 1197 M
389 1177 403 1196 P
413 1171 432 1198 6
442 1177 464 1195 N
474 1170 492 1196 o'
501 1190 509 1201 ‚
527 1172 581 1197 ere.
617 1170 711 1196 Iterum
723 1175 863 1204 componere
876 1176 900 1195 et
911 1168 1032 1205 colligm.
1066 1168 1172 1203 leian.
1191 1167 1220 1194 in
1234 1167 1253 1195 Ι,
1352 1178 1371 1197 R
1381 1177 1397 1196 E
1407 1178 1423 1198 c
1432 1178 1452 1197 o
1462 1178 1484 1196 N
1496 1177 1512 1197 r
1522 1177 1537 1196 L
1546 1177 1566 1197 o
1574 1177 1594 1197 R
1607 1191 1617 1204 ‚
1638 1172 1687 1197 ari.
1725 1168 1946 1207 [ἐνκχωνεόομαι]
1985 1173 2082 1210 Rurfiaes
2105 1173 2221 1210 conflari.
2256 1173 2362 1200 Lucrer.

207 1213 238 1238 ας
251 1207 422 1241 Argumento.
438 1204 461 1243 §.
475 1204 637 1240 Margarita,
655 1204 704 1231 Sed
722 1205 741 1231 fi
761 1205 791 1231 in
809 1205 862 1247 hoc
876 1206 933 1247 sunt
952 1205 1048 1237 soluti,
1065 1209 1100 1246 νε.
1115 1212 1252 1237 recompo-
1267 1215 1300 1240 30
1316 1214 1344 1239 4,
1359 1213 1408 1246 225·
1439 1206 1515 1233 Vnde
1541 1207 1685 1234 reconflari
1707 1207 1793 1234 sensus
1815 1217 1863 1243 per
1887 1207 2007 1236 membra
2027 1216 2136 1246 repente
2172 1208 2264 1236 Poffit3
2300 1209 2326 1237 h.
2341 1217 2361 1235 e.

206 1248 322 1268 nentur:
346 1247 563 1268 ornamentorum
584 1240 644 1267 loco
663 1241 730 1267 sunt.
760 1240 790 1267 de
809 1241 905 1277 lapillis
922 1247 946 1267 et
963 1246 1122 1277 margaritus.
1193 1239 1254 1266 Fra·
1314 1241 1479 1277 Resuscitari.

206 1277 308 1304 §turam
328 1278 421 1312 Veget.
434 1277 548 1303 Mulom.
561 1284 586 1308 2,
599 1284 645 1311 47,
662 1284 684 1307 3·
1117 1311 1122 1315 ,
1352 1284 1371 1303 R
1380 1284 1396 1303 E
1407 1283 1423 1303 C
1435 1284 1455 1304 0
1466 1282 1487 1302 N
1501 1282 1514 1302 s
1524 1283 1534 1302 1
1544 1283 1622 1304 GNo
1633 1296 1642 1310 ‚
1666 1280 1720 1304 are.
1755 1278 1819 1305 Ideo
1840 1284 1866 1305 et
1884 1279 2046 1314 reconsignat
2063 1279 2222 1314 imprimens
2240 1278 2359 1309 Tertu-l'l.

243 1320 262 1339 R
272 1320 287 1339 E
298 1318 316 1338 C
330 1319 349 1340 0
360 1320 386 1340 M
394 1319 408 1338 Ρ
417 1319 436 1339 O
446 1320 459 1339 s
469 1311 481 1338 1u
491 1318 513 1338 T
521 1318 543 1338 V
553 1319 566 1339 s
574 1331 581 1342 ,
600 1320 615 1338 a
623 1331 632 1344 ,
652 1320 706 1337 iim.
733 1312 802 1347 Part.
839 1310 1032 1346 [ἐνασῦνθετος]
1068 1309 1151 1338 Ouid.
1160 1309 1253 1337 Amor.
1314 1311 1348 1339 de
1362 1313 1467 1339 Resurr.
1483 1313 1564 1339 Carn.
1581 1322 1603 1338 c.
1618 1320 1656 1345 52.

209 1356 230 1380 i,
244 1355 271 1382 7,
286 1349 317 1377 68
347 1348 420 1374 Pone
433 1346 617 1381 recompositas
638 1347 666 1372 in
679 1346 791 1372 statione
803 1355 899 1373 eomas.
1356 1353 1376 1374 R
1387 1354 1403 1374 E
1411 1355 1428 1374 C
1437 1354 1456 1375 o
1466 1355 1487 1373 N
1496 1355 1508 1374 S
1517 1355 1538 1374 T
1547 1356 1567 1374 R
1575 1355 1596 1374 V
1605 1354 1625 1373 O
1634 1368 1643 1379 ‚
1668 1348 1722 1374 Ere.
1758 1348 1883 1374 lot-nand.
1895 1348 1926 1372 in
1935 1347 2060 1382 Philippo
2073 1350 2147 1376 Caes.

243 1389 373 1410 RitcoN
386 1388 403 1409 c
415 1389 498 1409 irio
513 1401 523 1414 ‚
546 1385 599 1407 are.
640 1382 845 1414 [nan-maniam,
872 1381 1050 1414 ἅνακτοὲσμαι]
1092 1382 1125 1407 In
1141 1383 1252 1416 gratiam
1270 1389 1299 1416 33
1350 1390 1395 1410 RE
1406 1389 1423 1409 c
1435 1390 1537 1409 0Nsv
1548 1389 1564 1409 L·
1575 1389 1641 1409 sco
1654 1401 1662 1413 ,
1688 1384 1744 1409 ere.
1787 1381 1883 1407 Gloria
1903 1382 2071 1407 reconsueu'it
2093 1384 2212 1411 Tei-tull.
2231 1385 2264 1411 de
2281 1385 2362 1413 Cultu

205 1417 341 1452 restituere.
375 1418 437 1444 Liu.
452 1426 490 1450 35,
504 1425 531 1450 19
561 1416 626 1442 Non
643 1415 732 1442 mouit
747 1415 830 1442 modo
842 1416 900 1442 talis
917 1416 1007 1442 oratio
1027 1424 1130 1448 regem:
1157 1415 1201 1441 sed
1216 1421 1254 1441 et·
1314 1419 1389 1445 Fem,
1406 1428 1429 1445 c,
1450 1427 1475 1452 9,

205 1454 260 1480 iam
280 1453 463 1480 reconciliauit
476 1451 612 1479 Annibali.
682 1450 739 1477 Cic.
754 1451 808 1477 Att.
828 1452 854 1482 6,
867 1458 884 1485 7
912 1451 1008 1478 Cicero
1023 1451 1062 1483 Q
1075 1449 1148 1475 filiun
1160 1450 1203 1483 pie
1212 1451 1254 1488 sa·
1353 1461 1373 1481 R
1383 1460 1400 1479 E
1411 1461 1487 1480 CON
1497 1461 1518 1480 v
1527 1460 1543 1480 E
1553 1460 1575 1479 N
1586 1460 1596 1480 1
1607 1459 1627 1479 0
1638 1472 1646 1485 ‚
1664 1455 1713 1478 Tre,
1749 1450 1892 1477 Αξὶὶοῃςηι
1905 1449 2068 1477 contrariam
2082 1449 2220 1477 intentare.
2239 1453 2272 1479 Ερ

205 1498 253 1522 ne,
266 1498 308 1516 me
322 1489 430 1524 quidem
442 1494 512 1515 certe
530 1487 645 1514 multum
657 1485 794 1517 hortante,
813 1485 857 1512 sed
875 1491 1024 1513 currentem
1036 1485 1156 1512 animum
1170 1488 1252 1519 patris
1352 1495 1373 1514 R
1383 1494 1425 1513 Ec
1435 1494 1455 1513 o
1466 1495 1487 1514 N
1499 1495 1577 1514 VEN
1587 1494 1610 1515 Τ
1621 1494 1629 1512 1
1640 1494 1676 1519 o,
1696 1486 1764 1512 onis.
1793 1486 1812 1512 f.
1849 1487 1935 1512 Voces
1948 1482 2017 1520 apud
2030 1486 2116 1511 ictos.

207 1525 262 1558 sui,
283 1524 370 1552 sorori
389 1531 449 1551 tuae
468 1522 662 1551 reconciliauit.
742 1521 815 1548 Tibi
834 1521 929 1549 auctor
948 1522 1021 1553 sum,
1033 1526 1079 1552 vt,
1093 1520 1192 1554 quibus
1213 1527 1254 1545 re·
1354 1527 1427 1549 REC
1439 1520 1544 1561 &Qvo
1559 1541 1568 1554 ‚
1596 1522 1682 1551 coxi,
1710 1522 1832 1551 coctum,
1863 1524 1918 1547 ere.
1954 1520 2097 1552 [ἆνεῲάω]
2143 1520 2236 1546 Iterum
2259 1530 2362 1558 coquen,

207 1560 256 1588 bus
269 1560 358 1595 possis,
371 1569 433 1586 eum
447 1559 500 1588 tibi
514 1558 637 1586 ordinem
656 1562 700 1583 aut
720 1557 876 1584 reconcilies
889 1562 935 1583 aut
951 1557 1057 1590 mitiges
1076 1556 1133 1582 Cic.
1148 1555 1220 1580 Fam.
1237 1563 1256 1585 1,
1266 1566 1304 1591 40
1318 1558 1437 1585 Maniai,
1459 1566 1500 1590 ιι,
1520 1559 1560 1590 46
1577 1559 1629 1589 (53)
1664 1555 1828 1586 Altera‚non
1848 1555 1960 1582 deerunt
1980 1556 2056 1582 tenui
2073 1555 2175 1582 versata
2194 1555 2295 1590 fauilla,
2328 1559 2359 1585 Et

207 1603 225 1630 9
238 1602 303 1624 extr.
366 1596 412 1623 Te
426 1601 455 1622 vt
475 1596 551 1630 plane
564 1595 694 1620 Deiotaro
714 1592 869 1619 reconciliet
883 1592 972 1620 oratio
985 1599 1044 1618 mea
1058 1591 1115 1618 Cic.
1129 1598 1178 1625 pro
1193 1590 1253 1615 Dei.
1318 1592 1475 1620 Velabrensi
1494 1593 1572 1619 malfa
1591 1591 1697 1619 recocta
1718 1591 1790 1617 foco.
1899 1591 2072 1624 Recoquere,
2095 1599 2143 1625 per
2160 1591 2358 1626 translationem,

206 1640 230 1659 e,
242 1640 276 1664 ¹3-
346 1631 420 1658 Idem
433 1631 465 1658 de
478 1630 600 1657 Prouinc.
615 1628 693 1655 Cons.
706 1636 735 1654 21
760 1628 841 1653 Tuus
855 1634 939 1661 pater,
946 1626 1079 1686 philippe,
1095 1634 1185 1651 nonne
1200 1633 1254 1651 vno
1314 1628 1413 1664 Rursur
1433 1627 1550 1660 erudire,
1559 1629 1642 1663 polire
1661 1633 1685 1653 et
1692 1625 1826 1661 formare,
1845 1632 1964 1662 tanquam
1982 1635 2019 1660 ea,
2034 1635 2094 1662 quae
2114 1629 2204 1653 iterum
2221 1635 2359 1662 coquuntur,

205 1674 327 1702 tempore
351 1676 410 1693 cum
428 1667 481 1693 suis
499 1663 684 1693 inimicissimis
704 1663 733 1688 in
748 1663 860 1697 gratiam
872 1662 970 1697 rediit,
987 1661 1036 1696 qui
1058 1670 1149 1687 uscuni
1167 1660 1255 1687 omni·
1316 1670 1347 1690 vt
1359 1663 1546 1699 meliorafiavzt.
1582 1661 1715 1696 Qiinffil.
1730 1668 1765 1693 12,
1780 1663 1797 1687 6
1810 1668 1874 1688 extr.
1894 1660 1922 1688 de
1936 1662 2068 1693 Cicerone,
2093 1663 2184 1694 Quim
2203 1661 2256 1688 iam
2266 1662 2360 1692 clarum

205 1703 255 1730 bus
275 1702 366 1729 eadem
385 1700 499 1736 Respub.
519 1698 704 1728 reconciliauit
721 1706 789 1732 quae
808 1697 952 1723 alienarat}
1029 1696 1141 1723 Animos
1161 1695 1255 1730 populi
1318 1699 1451 1726 meruisset
1470 1701 1542 1726 inter
1561 1707 1702 1732 patronos,
1726 1697 1773 1731 qui
1791 1704 1852 1722 tunc
1872 1703 1962 1730 erant,
1977 1706 2092 1729 nomen,
2108 1698 2136 1723 in
2156 1696 2242 1723 Asiam
2260 1699 2362 1733 nauiga-

206 1738 256 1765 fibi
269 1738 440 1764 reconciliare
454 1738 513 1764 Liu.
531 1745 549 1768 i,
562 1743 606 1770 27.
679 1733 747 1760 Plin.
763 1733 792 1760 in
804 1734 896 1767 Paneg.
911 1737 951 1764 80,
964 1740 977 1764 3
1007 1731 1031 1758 Ο
1045 1740 1108 1759 vere
1121 1731 1252 1764 Principis
1268 1738 1302 1764 45
1319 1734 1374 1760 vit:
1398 1735 1476 1768 seque
1491 1741 1517 1761 et
1529 1735 1590 1761 aliis
1603 1734 1656 1760 sine
1668 1732 1752 1760 dubio
1770 1732 1940 1766 eloquentiae
1953 1742 1982 1759 ae
1995 1733 2139 1767 sapientiae
2155 1733 2302 1767 magistris,
2321 1734 2362 1761 sed

204 1780 284 1809 atque
304 1776 384 1800 etIam
398 1772 536 1803 Consulis,
548 1769 723 1799 reconciliare
741 1769 857 1796 aemulas
871 1768 1009 1795 Ciuitates.
1098 1767 1156 1794 Cic·
1172 1766 1229 1793 Αᾶὶ-
1245 1775 1256 1793 ι
1319 1769 1459 1805 praecipue
1476 1776 1564 1796 tamen
1585 1768 1733 1803 Apollonio
1753 1768 1874 1799 Moloni,
1892 1776 1972 1802 quem
1991 1769 2093 1795 Romae
2113 1777 2221 1803 quoque
2238 1770 2361 1802 audierat,

205 1811 282 1836 Vei-r.
296 1817 312 1835 2.
337 1810 368 1835 ln
382 1817 436 1843 quo
454 1807 629 1835 reconciliare
642 1804 871 1832 Existimationem
887 1803 1051 1831 iudiciorum
1064 1803 1181 1831 amiffam
1196 1803 1253 1837 pos-
1318 1804 1522 1833 reformandum
1536 1814 1564 1833 ac
1583 1805 1658 1831 velut
1673 1803 1877 1838 recoquendum
1893 1804 1975 1831 dedit.
2031 1804 2090 1831 Cic.
2104 1804 2136 1830 de
2149 1804 2250 1832 Sene&
2264 1809 2290 1838 83
2303 1806 2362 1838 φῇς

206 1845 275 1871 setis.
346 1844 445 1871 Filium
458 1842 632 1871 reconciliare
645 1841 764 1876 domum,
777 1840 803 1867 h.
817 1849 836 1866 e.
855 1837 1000 1873 Efficere,vt
1011 1838 1146 1866 reducatur
1158 1838 1254 1865 domum
1318 1841 1381 1873 Qio
1396 1840 1507 1876 quidem
1521 1849 1564 1867 nie
1577 1840 1786 1875 proficiscentem
1801 1839 1871 1866 haud
1884 1840 1944 1866 sane
1959 1839 2019 1874 quis
2037 1839 2117 1866 facile
2131 1841 2288 1874 retraxerit,
2299 1850 2363 1868 neue

205 1880 287 1908 Plaut.
300 1880 375 1914 Capt.
390 1879 459 1913 prol.
473 1886 509 1911 33.
582 1876 674 1903 Gratia
692 1885 752 1905 cuin
768 1875 890 1903 Perdicca
908 1874 1107 1903 reconcilianda
1125 1875 1200 1901 Curt.
1215 1883 1256 1906 10,
1318 1883 1444 1910 tanquam
1457 1876 1557 1904 Peliam
1570 1876 1717 1903 recoxerit:
1747 1885 1800 1901 cum
1818 1874 1928 1910 respeclu
1942 1875 1976 1901 ad
1987 1875 2120 1911 fabulam,
2144 1876 2173 1902 de
2186 1885 2236 1911 qua
2249 1876 2302 1904 vid.
2315 1883 2361 1903 PB-

207 1921 231 1948 8,
247 1924 281 1942 12.
352 1915 410 1941 Cic.
424 1914 477 1940 Att.
492 1922 514 1946 1,
528 1921 546 1945 9
576 1912 616 1938 Eo
628 1910 766 1938 accedebat
786 1911 910 1939 hortator
931 1909 1040 1938 affiduus
1053 1910 1188 1938 Sallustius
1198 1930 1206 1943 ,
1225 1917 1253 1936 vt
1272 1918 1305 1945 30
1319 1918 1404 1939 ΗΑΒ.
1456 1912 1514 1939 Val.
1529 1912 1612 1940 Flacc.
1627 1914 1653 1943 6,
1663 1920 1722 1944 444
1743 1910 1772 1937 de
1784 1912 1890 1943 Medea,
1909 1911 2041 1946 Reeoquit
2054 1911 2129 1938 fess'os
2141 1917 2226 1938 aetate
2238 1920 2360 1947 parentes.

203 1958 310 1985 agerem
322 1959 403 1984 quam
420 1947 615 1983 diligentiffime
636 1956 697 1974 cum
713 1947 826 1975 Lucceio
846 1947 878 1973 dc
900 1947 984 1973 vestra
999 1952 1090 1973 vetere
1104 1945 1195 1973 Gratia
1213 1954 1254 1972 re·
1324 1948 1384 1975 Vni.
1404 1954 1544 1975 AESON.
1618 1948 1776 1981 Recoquunt
1795 1947 1894 1981 patrios
1915 1946 2069 1974 fornacibus
2089 1947 2181 1980 Enscs,
2201 1951 2219 1973 ι’.
2248 1948 2359 1975 recudunt

203 1985 378 2013 concilianda.
451 1984 507 2012 Cic.
520 1992 569 2019 pro
583 1984 672 2009 Domo
688 1991 731 2015 129
754 1983 861 2010 Inimici
874 1983 903 2009 in
911 1982 1031 2014 Gratiam
1043 1981 1254 2019 reconciliaban-
1315 1985 1391 2018 Virg.
1407 1986 1471 2010 Aen.
1486 1991 1513 2018 7,
1527 1985 1583 2016 (236.
1619 1984 1662 2013 Sic
1676 1982 1779 2017 Spicula
1793 1982 1896 2009 recoxit
1911 1983 2007 2011 Lucan.
2021 1990 2049 2018 7,
2063 1987 2118 2016 148.
2154 1983 2224 2011 Add.
2238 1983 2354 2012 Drakenb.

204 2028 258 2049 tur.
329 2021 404 2048 Idem
418 2020 450 2047 de
462 2019 586 2046 Prouinc.
598 2018 678 2045 Cons.
693 2026 723 2049 23
754 2017 807 2043 Hic
820 2026 863 2043 me
878 2027 951 2044 meus
963 2017 1067 2043 animus
1081 2017 1109 2043 in
1121 2017 1251 2050 Reuipub.
1313 2019 1349 2047 ad
1367 2019 1412 2046 Sil.
1427 2030 1455 2053 4,
1476 2026 1508 2052 ις,

222 2057 330 2084 ristinus
349 2065 409 2083 cum
434 2055 465 2082 C.
484 2055 611 2086 Caesare,
626 2053 746 2085 reducit,
760 2053 931 2086 reconciliat,
949 2051 1065 2079 restituit
1083 2052 1111 2079 in
1122 2052 1251 2078 Gratiam.
1266 2088 1269 2090 Α
1350 2061 1369 2080 R
1379 2062 1419 2082 EC
1429 2061 1449 2082 O
1459 2063 1479 2080 ω
1489 2062 1510 2081 V
1520 2061 1568 2081 EN
1579 2060 1592 2083 s
1603 2074 1612 2088 ‚
1630 2054 1706 2081 entis.
1725 2053 1794 2081 Part.
1825 2052 1964 2088 I’ulegium
1978 2061 2125 2089 recoquens
2139 2053 2285 2082 clementer
2297 2054 2352 2081 Sam·

204 2067 236 2120 l'n
243 2092 405 2120 Libertatem
420 2090 594 2118 reconciliare
610 2089 774 2122 Plaut.Capt.
788 2097 808 2120 3,
821 2097 850 2121 4,
862 2096 904 2121 45.
974 2087 1052 2115 Noui
1066 2087 1254 2120 conciliantur,
1271 2090 1299 2118 55
1314 2098 1387 2116 ιῃοη,
1408 2099 1431 2116 c,
1452 2081 1491 2118 2>
1675 2105 1677 2110 .

206 2128 422 2156 Reconciliantur
441 2126 561 2161 antiqui,
578 2124 675 2152 Festus.
727 2124 819 2150 Paceni
831 2122 1007 2162 reconciliare
1019 2122 1080 2149 Liu.
1095 2131 1139 2154 42,
1151 2124 1197 2155 46.
1219 2157 1224 2162 .
1352 2130 1372 2150 R
1383 2131 1427 2151 EC
1439 2131 1459 2150 ο
1469 2131 1568 2152 CTvs
1581 2144 1591 2156 ,
1610 2133 1641 2156 a,
1662 2134 1717 2150 um.
1747 2125 1842 2152 Partic.
1879 2124 2031 2158 [u’vsdaneein
2044 2126 2163 2161 ἔμπυρος]
2205 2125 2251 2158 Vt,
2267 2124 2359 2151 Passum

242 2171 262 2190 R
273 2169 290 2190 E
301 2169 403 2191 CONC
415 2168 556 2189 1L1ATV
567 2167 598 2192 S,
621 2170 653 2192 a,
685 2167 739 2185 um.
775 2159 870 2185 Partic.
919 2157 1147 2192 [καταλλαχθεὶς]
1194 2158 1251 2183 Cic.
1317 2160 1455 2186 recoe'tum
1474 2162 1536 2185 Stat.
1552 2159 1618 2185 Silu-
1636 2169 1665 2192 4,
1679 2167 1705 2190 9,
1720 2164 1755 2189 38.
1828 2160 1940 2186 Ferrum
1957 2161 2029 2187 Flor.
2042 2169 2066 2192 3,
2079 2170 2119 2192 πο,
2134 2163 2159 2187 6.
2230 2161 2302 2187 Lana
2314 2161 2361 2187 sae-

205 2200 278 2227 Fam.
298 2208 318 2233 1,
339 2207 351 2225 2
379 2198 528 2225 Videbatur
549 2196 622 2223 enim
640 2194 812 2222 reconciliata
829 2192 909 2220 uobis
929 2192 1052 2219 voluntas
1069 2193 1178 2218 Senatus
1196 2192 1255 2217 effe.
1317 2195 1376 2227 pius
1390 2200 1520 2222 macerata
1533 2201 1558 2220 et
1577 2193 1682 2221 recocta
1703 2193 1761 2219 Seu.
1775 2193 1854 2226 Epist.
1869 2202 1906 2226 7».
1978 2195 2061 2220 Senex
2075 2195 2193 2221 recoctus
2213 2196 2309 2222 catull.
2323 2203 2364 2228 54,

205 2236 321 2262 Dextera
340 2233 508 2261 reconciliati
526 2232 619 2267 pignus
638 2230 730 2257 Animi
757 2230 833 2255 Curt.
855 2231 882 2260 6,
904 2237 943 2260 ιο,
963 2236 995 2254 ιι.
1072 2226 1254 2253 Pseudo-Cic.
1318 2236 1331 2259 5
1349 2232 1392 2263 qui
1405 2232 1553 2255 iuuentutem
1568 2232 1739 2263 recuperauit,
1758 2231 1799 2254 vel
1811 2226 1958 2262 resupefflffi
1971 2229 2023 2261 fib,
2034 2230 2149 2261 vicli-tur,
2162 2237 2192 2256 w
2205 2232 2260 2256 vult
2282 2229 2365 2258 Vmo-

207 2272 303 2306 Anteq.
317 2271 368 2298 iret
386 2271 414 2296 in
430 2269 490 2296 exil.
505 2277 514 2294 1
540 2267 591 2294 Etfi
604 2266 717 2293 maiores
732 2264 811 2291 vellri
824 2274 869 2291 eos
883 2264 1064 2297 imperatores,
1073 2263 1121 2296 qui
1135 2262 1254 2288 militum
1269 2262 1305 2287 60
1317 2265 1391 2292 rim-‚⁴
1408 2270 1451 2289 aut
1463 2263 1553 2289 Scriba
1567 2264 1703 2295 recoctus,
1721 2263 1750 2289 de
1766 2272 1812 2298 quo
1823 2261 1931 2296 stanm,
1945 2270 1974 2289 ω
1986 2270 2061 2298 pum,
2077 2265 2195 2299 Scaliger.
2233 2266 2281 2292 Sed
2297 2269 2365 2293 locu!

206 2308 322 2337 virtute,
341 2305 457 2332 hostium
475 2305 612 2338 fregerunt
631 2302 766 2331 furorem,
793 2299 980 2326 iucundissimo
1005 2297 1096 2324 fruclu
1124 2297 1255 2324 libertatis
1317 2301 1355 2324 ita
1369 2298 1505 2333 abruptus,
1519 2298 1560 2324 uel
1579 2304 1711 2332 corruptae
1722 2297 1780 2322 adeo
1793 2298 1893 2324 videtur
1905 2298 1939 2334 is:
1958 2298 2053 2333 VqffiO,
2068 2306 2097 2325 vt
2116 2308 2141 2325 eo
2154 2300 2222 2326 nihil
2234 2300 2298 2334 effici
2306 2302 2364 2338 pos.

206 2341 379 2370 reconcffiato
388 2361 396 2373 ,
414 2349 469 2367 non
487 2340 572 2366 solum
585 2338 674 2365 statuis
693 2335 788 2371 dignos
802 2341 970 2370 putauerunt.
1041 2333 1178 2361 Inflrmior
1192 2332 1257 2358 fides
1312 2333 1359 2368 stt.
1431 2333 1522 2360 Scriba
1538 2332 1659 2359 recoctus
1672 2332 1739 2358 Hor.
1752 2331 1835 2358 Serm.
1849 2340 1873 2362 2,
1886 2340 1909 2364 ς,
1922 2340 1959 2364 ςς.
1979 2337 1997 2359 ι’.
2016 2341 2044 2359 vt
2057 2335 2115 2360 Vct.
2129 2334 2215 2361 Schol.
2227 2339 2275 2367 ait,
2288 2338 2363 2371 saepe

207 2377 392 2406 reconciliatae
409 2376 516 2403 Gratiae
536 2375 592 2401 Cic.
606 2382 655 2408 pro
670 2373 766 2399 Milon.
784 2381 806 2398 c.
821 2377 843 2402 8.
915 2370 989 2397 Idem
1002 2369 1072 2395 Fam.
1087 2378 1107 2400 5,
1122 2377 1137 2395 2
1171 2367 1253 2401 Qiod
1319 2368 1452 2401 rescelus,
1465 2375 1490 2395 et
1509 2377 1556 2402 per
1576 2367 1627 2394 hoc
1645 2368 1752 2394 astutus,
1776 2401 1781 2406 .
1809 2367 1917 2393 κςςορῃ
1938 2373 2025 2394 antem
2039 2368 2160 2396 dicuntur
2179 2370 2294 2403 scribae,
2314 2373 2361 2406 qui

208 2414 301 2440 scribis
319 2413 351 2439 de
371 2412 539 2439 reconciliata
557 2411 645 2437 nostra
662 2408 762 2443 gratia,
782 2416 837 2433 non
856 2406 978 2440 intelligo
992 2414 1038 2433 cut
1057 2404 1256 2433 reconciliatam
1320 2405 1423 2439 saepius
1443 2414 1502 2431 cum
1522 2403 1728 2430 Proconsulihus
1745 2402 1810 2429 iniffi
1829 2402 2029 2441 citercitatiores
2048 2403 2113 2429 facti
2131 2405 2189 2430 sunt
2203 2407 2259 2439 ipso
2276 2408 2321 2433 vsu
2335 2415 2361 2434 et

208 2451 257 2477 effe
272 2449 358 2481 dicas,
379 2457 445 2482 quae
459 2455 595 2480 nunquam
609 2445 750 2471 imminuta
764 2443 808 2469 est·
1271 2442 1303 2474 65
1320 2441 1479 2475 frequentia.
1516 2439 1606 2466 Solent
1619 2446 1707 2465 autem
1720 2438 1792 2463 mitti
1807 2438 1997 2471 quinqueuiri,
2013 2439 2060 2472 qui
2073 2448 2132 2465 cuin
2146 2439 2288 2472 rediissent,
2299 2451 2361 2468 ven.

246 2489 543 2512 RECONCILIATI
557 2488 576 2507 O
594 2500 601 2512 ι
627 2481 695 2507 &¹¹5⁵-
734 2479 753 2505 f·
791 2476 964 2511 [καταλλαγὴ
977 2496 984 2507 ι
1008 2475 1154 2509 ἆνοῖκτῆσῦ]
1195 2475 1255 2502 Cic.
1320 2476 1417 2504 debant
1437 2476 1556 2503 decurias
1576 2476 1646 2506 suas,
1661 2481 1686 2500 et
1705 2473 1887 2506 Qiinqueuiri
1908 2473 2073 2500 dicebantur.
2111 2475 2180 2500 Haec
2199 2476 2260 2502 Vet.
2279 2475 2364 2503 Sch01,

209 2530 258 2556 pro
273 2520 378 2547 Cluent.
393 2528 439 2546 100
472 2517 637 2545 Irridebatur
656 2515 719 2542 haec
737 2514 810 2541 illius
825 2513 1026 2545 reconciliatio,
1037 2518 1064 2539 et
1078 2512 1188 2546 persona
1200 2511 1256 2538 viri
1319 2512 1454 2539 Lambinus
1467 2521 1526 2539 vcro
1533 2510 1587 2544 fic:
1609 2508 1753 2536 Recoetum
1768 2508 1880 2535 scribam
1895 2508 2065 2544 appellat,vel
2081 2509 2146 2544 quod
2164 2519 2192 2535 ex
2204 2514 2365 2547 quinqueni„

209 2556 274 2584 boni
288 2556 410 2590 suscepta.
481 2555 538 2581 Cic.
554 2553 582 2579 in
596 2552 675 2579 Catil.
688 2560 711 2583 3,
726 2559 752 2583 ες
766 2559 787 2577 c.
803 2559 831 2576 ιο
862 2550 895 2575 At
917 2549 978 2575 illae
992 2556 1079 2574 tamen
1100 2556 1191 2573 omnes
1204 2547 1255 2573 dis·
1317 2546 1430 2583 refeffus
1444 2555 1497 2574 erar
1504 2545 1680 2582 JL-riba‚quod
1691 2551 1840 2583 munusante
1847 2547 2061 2580 quinqueuiratum
2073 2543 2193 2580 gcffi’rut:
2214 2548 2366 2583 velquiahic

209 2592 337 2619 sensiones
346 2611 354 2624 ,
373 2598 486 2625 quarum
497 2589 569 2616 nulla
582 2588 695 2614 exitium
708 2585 821 2620 Reipub.
835 2584 979 2620 quaesiuit,
991 2583 1124 2611 eiusmodi
1138 2583 1256 2614 fuerunt,
1320 2584 1441 2616 Coranus,
1455 2585 1567 2618 quamuis
1580 2583 1733 2616 aliquantum
1748 2578 1803 2612 estet
1815 2586 1894 2606 astate
1903 2578 2038 2614 proaem,
2057 2579 2193 2615 infirmus
2204 2589 2259 2609 erat
2272 2590 2365 2616 tamen,

206 2634 237 2655 ,vt
251 2636 304 2654 non
319 2626 538 2654 reconciliatione
555 2622 729 2653 concordiae,
750 2621 793 2648 sed
813 2620 993 2648 internicione
1012 2620 1114 2646 ciuium
1127 2618 1256 2645 diiudica-
1269 2627 1305 2655 70
1317 2626 1341 2645 et
1355 2619 1470 2650 validus,
1492 2625 1520 2644 υι
1536 2615 1646 2643 recoflus
1659 2614 1848 2649 gffiavidergtur,
1886 2617 1956 2641 Nota
1969 2622 2047 2642 autem
2062 2614 2095 2649 ψ
2107 2617 2219 2643 omnibus
2231 2618 2260 2643 de
2272 2619 2365 2654 Agl-‘me

210 2670 251 2691 tae
266 2663 322 2689 (int.
393 2661 542 2696 Significat,
567 2658 812 2687 reconciliationem
831 2657 880 2682 effe
899 2656 998 2692 gratiae
1019 2654 1117 2682 faciam
1144 2654 1200 2694 Cic.
1223 2654 1255 2680 de
1316 2663 1332 2681 a
1344 2654 1433 2681 Medea
1451 2651 1553 2680 reem-70
1561 2652 1662 2688 fabula.
1696 2652 1752 2677 Alii
1767 2650 1927 2693 Recoffilum,
1947 2651 2053 2687 Vafrum
2068 2658 2091 2677 et
2110 2652 2225 2679 callidum
2244 2656 2365 2689 interpre-

211 2699 304 2733 Arusp.
319 2697 394 2731 Resp.
408 2706 430 2723 c.
445 2695 486 2731 2'4.
556 2695 711 2723 Gratiarum
729 2692 960 2721 reconciliationes
980 2691 1037 2718 Cic.
1051 2690 1107 2726 post
1124 2690 1202 2716 redit.
1222 2690 1256 2716 ad
1317 2696 1419 2729 tantur,
1428 2695 1476 2724 per
1496 2689 1694 2715 translationem.
1717 2688 1784 2713 Haec
1802 2686 1855 2727 ille.
1894 2686 1953 2714 Vid.
1972 2688 2091 2729 Torrcnt.
2104 2687 2138 2713 aa
2153 2689 2170 2714 1.
2183 2697 2205 2715 c.
2226 2693 2256 2716 it.
2275 2690 2363 2726 Heinjl

209 2734 309 2765 Ouirit.
326 2742 349 2765 13
365 2742 387 2759 c,
403 2742 425 2763 5-
1316 2725 1350 2751 ad
1369 2725 1414 2752 Sil.
1434 2732 1469 2759 7,
1485 2732 1545 2757 403.
1614 2724 1685 2749 Anus
1704 2721 1810 2749 reco&a
1829 2731 1895 2749 vino
1919 2720 1956 2755 ast·
1971 2732 1999 2749 en
2018 2723 2122 2758 Fragm.
2146 2724 2250 2751 Petron.
2275 2734 2300 2761 p.
2315 2728 2361 2759 670

244 2777 263 2796 R
272 2776 288 2796 E
297 2775 314 2795 C
325 2774 345 2795 O
356 2775 378 2795 N
386 2774 404 2795 C
413 2775 422 2793 1
431 2774 448 2793 L
457 2774 467 2793 1
478 2767 500 2794 Ᾰ
509 2774 530 2794 Τ
540 2773 559 2794 O
568 2773 586 2793 R
596 2786 604 2798 ,
621 2766 684 2792 oris.
712 2774 748 2791 m.
785 2761 1002 2797 [masalman-1759,
1020 2760 1157 2795 ἱλαςῆριστ]
1192 2759 1255 2787 Liu.
1316 2762 1454 2788 Burmann.

210 2813 249 2839 35,
263 2813 295 2839 43
315 2803 429 2831 Phaneas
443 2803 644 2830 reconciliatore
658 2800 727 2836 pacis
740 2805 765 2826 et
780 2800 954 2833 disceptatore
968 2798 999 2823 de
1013 2797 1057 2830 iis,
1071 2805 1138 2830 quae
1153 2796 1179 2821 in
1194 2805 1255 2822 con·
1274 2800 1307 2827 73
1358 2802 1377 2823 R
1390 2802 1406 2822 E
1420 2801 1436 2822 C
1449 2802 1468 2822 O
1478 2802 1497 2821 R
1507 2801 1525 2821 D
1535 2801 1582 2821 OR
1596 2815 1604 2827 ‚
1631 2794 1681 2821 ari.
1718 2792 1975 2827 [druuikunianoluui]
2011 2794 2108 2830 Rursus
2132 2798 2159 2821 in
2179 2804 2223 2822 cor
2241 2804 2364 2829 reuocare,

210 2840 338 2869 trouerfla
356 2848 415 2866 cum
435 2839 496 2874 Pop.
509 2839 587 2865 Rom.
602 2838 697 2869 ess'cnt,
716 2836 844 2862 Vtendum
863 2834 952 2868 potius
971 2832 1105 2859 Antiocho
1126 2831 1255 2864 censebat,
1316 2833 1358 2858 vc}
1373 2835 1461 2858 iterum
1475 2840 1524 2857 rem
1537 2831 1609 2857 cordi
1626 2830 1700 2863 dare,
1720 2831 1765 2856 hoc
1783 2828 1816 2862 cst
1833 2833 1859 2855 in
1873 2836 1975 2855 mentem
1994 2839 2123 2863 reuocare,
2136 2831 2271 2866 reminisci.
2307 2832 2362 2859 Cic,

211 2886 291 2912 quam
304 2876 368 2902 duce
383 2875 458 2902 belli.
531 2874 646 2908 Agrippa
662 2871 754 2906 populi
770 2869 958 2897 reconciliator
976 2868 1053 2903 Apul.
1068 2867 1143 2902 Apol.
1160 2877 1185 2902 p.
1201 2870 1256 2897 286.
1318 2868 1401 2894 Tusc.
1420 2876 1438 2898 i,
1452 2875 1483 2901 57
1499 2876 1520 2893 c.
1532 2875 1566 2900 24
1593 2867 1630 2893 Ex
1645 2875 1698 2900 quo
1712 2864 1780 2892 effici
1793 2865 1851 2892 vult
1861 2865 1992 2896 Socrates,
2005 2872 2034 2892 vt
2048 2866 2146 2892 discere
2159 2867 2227 2893 nihil
2240 2867 2310 2893 aliud
2323 2867 2363 2901 fit,

247 2918 315 2939 REC
327 2916 406 2937 ONC
418 2916 524 2937 1NNO
537 2929 546 2941 ‚
568 2914 621 2935 arc.
658 2905 846 2941 [α’νασκευοέζω,
872 2904 996 2937 α’κέομαι]
1037 2905 1123 2930 Denuo
1141 2905 1181 2929 vel
1200 2913 1256 2930 rur·
1318 2912 1398 2938 quam
1419 2903 1563 2930 recordari.
1633 2903 1702 2931 Hor.
1721 2901 1801 2936 Epist.
1822 2910 1847 2933 2,
1866 2909 1892 2933 2,
1914 2909 1957 2933 145
1995 2902 2129 2935 Qiocirca
2141 2911 2244 2929 niccum
2266 2903 2362 2937 loquor

205 2947 262 2985 fimi
281 2949 437 2973 concinnare.
474 2945 556 2972 Plaut.
568 2945 640 2971 Men.
656 2952 678 2974 2,
691 2951 715 2975 3,
727 2950 760 2977 72
793 2941 832 2968 Ad
847 2939 1022 2975 phrygionem
1042 2945 1070 2965 vt
1084 2939 1215 2972 referam,
1227 2944 1256 2965 vt
1319 2939 1397 2970 haec,
1417 2939 1565 2972 tacitusque
1579 2937 1716 2964 recordor.
1784 2936 1865 2964 Ouid.
1881 2937 1944 2962 Met.
1958 2945 1991 2969 13,
2005 2945 2055 2972 705
2071 2937 2136 2964 Inde
2148 2938 2280 2965 recordati
2290 2939 2362 2966 Teu.

211 2982 425 3011 reconcinnetur.
495 2981 552 3007 Cic.
569 2979 686 3013 QFrat.
705 2986 728 3009 2,
742 2980 759 3004 6
791 2977 897 3003 Tribus
916 2975 981 3002 locis
1001 2975 1125 3001 aedifico:
1150 2975 1255 3008 reliqua
1272 2976 1304 3003 80
1318 2984 1391 3007 erm,
1408 2984 1422 3001 a
1440 2974 1566 3008 sanguine
1586 2973 1692 3000 Teucri
1728 2973 1830 2999 Ducere
1851 2972 2021 3007 principium.
2092 2974 2147 3000 Cic.
2167 2983 2216 3008 pro
2230 2974 2316 3001 Planc.
2330 2977 2364 3008 69

212 3018 381 3047 reconcinnO.
452 3017 528 3043 Varr.
543 3015 574 3042 de
593 3016 624 3041 R.
639 3015 671 3040 R.
685 3022 707 3046 3,
720 3015 749 3040 16
776 3013 835 3039 Hoc
849 3011 1001 3038 faciundum
1015 3011 1156 3037 secundum
1170 3011 1257 3041 aluOS,
1320 3012 1405 3038 Huius
1419 3011 1509 3038 meriti
1523 3010 1552 3036 iii
1566 3019 1608 3035 me
1622 3008 1755 3036 recorder.
1828 3009 1896 3035 Cum
1910 3008 2002 3043 aliquo
2017 3008 2110 3035 dolore
2123 3010 2286 3043 flagitiorum
2305 3012 2362 3037 suo-

212 3060 241 3081 vt
271 3053 472 3080 reconcinnatae
498 3051 531 3078 ad
562 3052 637 3077 suum
670 3057 789 3084 quaeque
808 3057 875 3083 opus
893 3054 918 3074 et
943 3046 1113 3073 domicilium
1137 3046 1257 3074 redeant.
1319 3056 1379 3074 rum
1397 3046 1532 3073 recordari
1554 3046 1609 3073 Cic.
1623 3046 1650 3071 in
1666 3045 1752 3071 Pison.
1772 3054 1794 3070 c.
1808 3046 1833 3071 6.
1903 3044 1977 3071 Idem
1992 3044 2025 3071 de
2044 3045 2146 3071 Senec‘t.
2166 3053 2202 3079 79
2234 3046 2268 3072 Vt
2287 3046 2363 3080 pede-

213 3090 286 3116 Caes.
302 3089 365 3115 sscu.
379 3087 462 3114 Ciuil.
476 3096 499 3118 2,
514 3095 540 3120 ις
566 3086 695 3113 Diuturni
716 3083 816 3111 laboris
835 3083 1025 3110 detrimentum
1038 3083 1146 3110 solertia
1164 3089 1189 3109 et
1202 3082 1256 3110 vir·
1320 3083 1383 3110 stres
1397 3083 1555 3116 naualesque
1576 3090 1688 3115 pugnas,
1708 3087 1737 3107 vt
1753 3080 1823 3106 bella
1840 3089 1855 3106 a
1869 3080 1894 3106 se
1907 3080 1989 3114 gesta,
2001 3080 2207 3115 triumphosque
2226 3081 2362 3108 recorden-

213 3131 269 3152 tute
281 3125 400 3151 militum
415 3123 493 3150 breui
511 3122 725 3150 reconcinnatur.
1321 3125 1374 3146 tur.
1430 3120 1460 3145 Et
1473 3118 1504 3144 de
1520 3118 1588 3151 Lege
1604 3119 1695 3151 Agrar.
1710 3125 1734 3147 2,
1748 3124 1783 3151 72
1796 3126 1817 3142 c.
1831 3123 1865 3149 27
1892 3115 1933 3142 Est
1951 3125 2047 3149 operae
2062 3117 2178 3151 pretium
2196 3117 2361 3151 diligentiam

249 3166 266 3186 R
278 3166 403 3187 iiCONc
414 3165 514 3185 LVDo
528 3178 535 3189 ‚
561 3160 614 3184 cre.
649 3158 753 3183 Patrem
774 3155 802 3182 in
816 3160 990 3182 monumento
1005 3153 1100 3189 Ioseph
1120 3154 1256 3182 reconclu-
1275 3154 1304 3184 85
1320 3156 1454 3182 maiorum
1478 3153 1622 3180 recordari.
1714 3152 1741 3179 Si
1761 3152 1813 3178 rite
1835 3150 1925 3178 audita
1941 3152 2069 3179 recordor
2099 3153 2176 3187 Virg.
2193 3154 2257 3179 Aen.
2271 3161 2294 3185 3,
2306 3160 2361 3186 107.

215 3195 278 3222 dunt
305 3194 423 3222 Tertull.
437 3193 496 3220 adu.
510 3194 625 3220 Praxean
638 3202 660 3219 c.
677 3195 713 3219 16.
1320 3189 1460 3217 Benefa&a
1480 3190 1570 3224 priora
1588 3187 1725 3216 recordari
1745 3187 1841 3214 Catull.
1859 3194 1906 3221 74,
1927 3195 1946 3213 1.
2016 3187 2073 3214 Cic.
2090 3188 2167 3214 Verr.
2182 3196 2204 3220 3,
2222 3191 2239 3214 6
2257 3197 2278 3214 c.
2295 3196 2308 3220 3
2337 3189 2361 3214 Is

250 3238 320 3258 RFC
332 3237 410 3257 OND
421 3235 457 3260 0,
478 3229 602 3260 condidi,
626 3228 777 3258 conditum,
804 3227 857 3253 ere.
901 3226 1083 3260 [ἀποτίθεμαι]
1124 3227 1258 3261 iteponere,
1321 3236 1374 3254 non
1388 3226 1440 3253 tibi
1453 3225 1509 3260 plus
1523 3226 1603 3251 etiam
1614 3245 1622 3257 ,
1641 3233 1721 3259 quam
1743 3222 1868 3250 inimicus
1888 3224 1937 3249 effe
1956 3221 2063 3255 debeat,
2078 3232 2161 3258 quum
2178 3230 2222 3250 tua
2241 3222 2362 3254 verbera,

214 3272 348 3301 contegere.
400 3266 457 3292 Cic.
481 3264 513 3291 de
526 3265 588 3291 Nat.
605 3264 685 3291 Deor.
704 3272 729 3295 2,
749 3268 792 3291 108
831 3262 890 3288 Hoc
909 3269 986 3296 caput
1005 3262 1048 3288 hie
1067 3261 1184 3296 paullum
1204 3262 1257 3287 sese
1321 3272 1403 3297 quum
1418 3262 1532 3293 secures,
1546 3269 1626 3293 quum
1646 3268 1735 3286 cruces
1748 3260 1780 3285 ad
1794 3259 1895 3285 ciuium
1909 3259 2091 3286 Romanorum
2110 3258 2233 3294 supplicia
2246 3258 2310 3284 fixas
2321 3267 2361 3285 re-

216 3301 355 3334 subitoque
368 3300 504 3333 recondit,
523 3310 552 3327 ex
565 3303 656 3328 Arato.
728 3298 794 3325 Ptin.
807 3305 834 3332 7,
848 3305 875 3330 53
900 3298 1032 3324 Flammae
1051 3299 1078 3324 vi
1095 3306 1109 3323 e
1123 3305 1191 3330 rogo
1204 3298 1257 3323 eie-
1321 3298 1463 3325 coi-detur?
1539 3297 1616 3330 Virg.
1634 3297 1699 3322 Aen.
1713 3300 1735 3325 8,
1749 3297 1792 3327 156
1822 3295 1853 3321 Et
1873 3303 1965 3321 vocem
1981 3294 2109 3321 Anchisae
2126 3294 2231 3329 magni,
2244 3294 2360 3321 vultum-

216 3336 271 3361 θυι
281 3355 289 3367 ,
307 3337 412 3362 recondi
429 3343 536 3371 propter
552 3335 676 3363 ardorem
688 3343 743 3361 non
761 3333 892 3368 potuisset.
965 3334 1050 3368 Caput
1068 3333 1148 3359 strato
1165 3341 1256 3359 recon-
1270 3338 1306 3363 90
1320 3343 1372 3369 que
1384 3331 1519 3361 recordor.
1590 3332 1647 3358 Cic.
1660 3340 1710 3366 pro
1722 3330 1827 3357 Cluent.
1840 3338 1875 3365 70
1895 3339 1917 3356 c.
1929 3337 1957 3362 25
1986 3331 2072 3366 Atque
2086 3331 2147 3357 haec
2160 3329 2277 3362 ludices,
2292 3338 2359 3364 quae

218 3370 279 3398 dere
293 3371 373 3397 Ouid.
387 3372 451 3398 Met.
467 3381 500 3404 ιι,
513 3374 575 3404 649.
646 3371 703 3398 Cic.
717 3370 750 3396 de
763 3371 866 3397 Inuent.
880 3378 904 3401 2,
919 3378 948 3404 ¹4
962 3378 984 3395 c.
995 3378 1013 3403 4
1033 3368 1159 3395 Gladium
1173 3377 1255 3403 prope
1319 3378 1383 3397 vere
1396 3369 1519 3396 dicuntur
1532 3375 1546 3393 a
1560 3367 1655 3399 nobis,
1674 3366 1778 3393 facilius
1797 3365 1924 3398 credetis,
1944 3365 1961 3391 fi
1982 3375 2043 3392 cum
2061 3365 2154 3392 animis
2166 3364 2259 3391 vestris
2277 3365 2359 3399 longo

216 3406 364 3440 oppositum
379 3414 393 3432 e
405 3408 498 3439 vagina
512 3407 621 3437 eduxit,
639 3412 665 3433 et
686 3405 762 3432 illum
773 3404 886 3432 alterum
903 3404 1015 3436 occidit,
1028 3413 1123 3431 numos
1139 3403 1257 3437 abstulit,
1318 3405 1460 3432 interuallo
1481 3403 1616 3432 recordari
1635 3404 1666 3430 C.
1680 3402 1777 3428 Staleni
1796 3402 1879 3427 vitam
1899 3407 1925 3427 et
1945 3407 2064 3429 naturam
2080 3400 2229 3428 volueritis.
2300 3401 2357 3427 Cic.

218 3441 335 3475 gladium
357 3448 493 3467 cruentum
513 3443 540 3469 in
557 3445 681 3477 vaginam
695 3439 853 3469 recondidit.
923 3440 1048 3467 Gladium
1069 3440 1145 3467 lateri
1174 3440 1257 3466 Ouid.
1318 3442 1346 3468 in
1360 3443 1433 3469 Orat.
1447 3448 1475 3472 23
1503 3439 1552 3465 Sed
1565 3448 1615 3474 ego
1628 3438 1717 3470 idem,
1732 3437 1778 3472 qui
1795 3437 1823 3462 in
1838 3437 1887 3463 illo
1903 3438 2023 3464 sermone
2035 3437 2132 3467 nostro,
2145 3436 2192 3469 qui
2207 3435 2244 3462 est
2259 3436 2357 3471 exposi-

218 3478 281 3503 Met.
298 3486 330 3506 12,
344 3481 394 3508 482
416 3475 568 3512 demergere,
581 3477 748 3514 imerfici'endi
761 3476 842 3510 causa.
912 3476 1041 3502 Glandem
1056 3474 1201 3502 recondere
1220 3482 1257 3502 ta·
1319 3484 1361 3504 tus
1378 3478 1407 3504 in
1422 3477 1518 3506 Brute,
1539 3476 1651 3501 multum
1671 3473 1813 3500 tribuerim
1833 3473 1950 3505 Latinis,
1962 3473 2004 3500 vel
2022 3479 2050 3500 vt
2070 3472 2191 3498 hortarer
2211 3472 2294 3504 alios,
2314 3472 2357 3498 vel

217 3512 313 3539 bulatis
327 3511 472 3541 f11m0‚Vel
492 3512 609 3539 cisternis
626 3515 655 3540 in
675 3522 770 3547 aquam
789 3510 920 3538 columel-
935 3519 961 3545 7,
976 3520 1000 3544 9-
1073 3513 1103 3537 In
1123 3510 1188 3538 vafis
1206 3511 1256 3537 ali·
1272 3513 1305 3540 95
1320 3513 1391 3549 quod
1411 3520 1526 3538 amarem
1546 3519 1633 3541 meos,
1657 3508 1785 3536 recordor
1802 3508 1880 3542 longe
1901 3509 2025 3536 omnibus
2048 3515 2128 3534 vnum
2155 3508 2286 3534 anteferre
2305 3508 2357 3534 De-

218 3547 282 3608 guid
295 3546 438 3574 recondere
452 3546 524 3572 Idem
539 3556 576 3579 12,
590 3556 623 3581 ις.
692 3550 724 3576 In
736 3548 855 3582 aliquem
870 3546 957 3573 locum
972 3548 996 3573 se
1010 3547 1153 3574 recondere
1171 3547 1256 3580 Qiin-
1318 3547 1490 3576 mosthenem.
1560 3546 1616 3573 Cic.
1630 3554 1678 3580 pro
1691 3544 1775 3571 Planc.
1790 3552 1838 3577 104
1869 3545 2005 3578 Qioniani
2022 3543 2076 3570 inis
2090 3542 2181 3569 vestris
2196 3543 2312 3570 lacrimis
2325 3543 2357 3569 de

247 3583 273 3608 il.
286 3592 322 3611 ιο,
339 3591 359 3614 3.
433 3582 546 3608 Interius
560 3584 701 3611 recondere
715 3585 847 3611 Venerem
866 3581 984 3609 dicuntur
1001 3593 1012 3609 e
1030 3592 1073 3609 uae
1091 3586 1256 3618 concipientes
1318 3585 1371 3611 illis
1384 3583 1527 3615 recordor,
1540 3591 1613 3616 quas,
1627 3588 1672 3607 etc.
1745 3580 1818 3607 Idem
1833 3580 1914 3607 Tusc.
1929 3589 1947 3612 1,
1962 3589 1985 3612 13
1999 3588 2020 3605 c.
2034 3580 2050 3604 6
2063 3585 2127 3605 extr.
2149 3579 2197 3605 Tu
2211 3578 2229 3605 fi
2243 3579 2357 3606 meliore

218 3619 266 3644 Vir
287 3639 291 3643 .
306 3619 403 3652 Georg.
423 3627 443 3650 3,
465 3625 514 3652 137.
621 3618 726 3645 Numos
750 3627 899 3653 aurumque
930 3620 996 3645 Hor.
1011 3593 1092 3645 germ.
1112 3627 1138 3652 2,
1157 3628 1178 3651 3,
1198 3627 1253 3651 109.
1317 3619 1446 3646 memoria
1459 3628 1501 3651 ες,
1517 3618 1599 3644 velim
1613 3617 1678 3644 scire
1690 3616 1786 3651 ecquid
1805 3615 1837 3642 de
1854 3622 1880 3642 te
1895 3615 2040 3643 recordare.
2110 3614 2166 3641 Cic.
2181 3615 2257 3641 Verr.
2270 3623 2299 3647 4,
2312 3623 2356 3646 129

217 3628 315 3679 Ociilos
336 3653 453 3687 erigere,
465 3660 488 3678 ct
508 3652 673 3684 Rccondere,
685 3655 793 3689 opposita
812 3653 894 3681 Ouid.
907 3655 970 3680 Met.
990 3663 1018 3687 4,
1038 3656 1093 3688 146.
1184 3654 1254 3688 Opes
1318 3656 1388 3682 Hinc
1400 3654 1526 3689 colligere
1539 3652 1660 3687 potestis,
1679 3651 1697 3678 fi
1709 3650 1843 3678 recordari
1856 3650 2012 3679 volueritis,
2032 3656 2127 3683 quanta
2147 3649 2280 3684 religione
2298 3649 2356 3675 fue-

216 3688 359 3716 rccondere
379 3688 451 3714 Idem
467 3688 498 3714 de
514 3689 576 3715 Arte
591 3689 649 3714 Am.
663 3697 682 3718 ι,
696 3693 753 3719 628.
822 3690 898 3716 Mens
914 3690 1002 3724 aliqua
1015 3690 1047 3716 fic
1060 3689 1226 3721 recondidit,
1239 3698 1309 3719 eioo
1318 3692 1368 3723 rit,
1388 3690 1479 3717 eadem
1499 3689 1583 3723 specie
1602 3694 1680 3724 atque
1697 3687 1784 3714 forma
1806 3686 1906 3721 signum
1920 3685 2002 3717 illud,
2015 3692 2061 3711 etc.
2132 3685 2205 3712 Idem
2219 3686 2273 3711 Ait.
2287 3693 2320 3717 13,
2337 3685 2355 3711 6

215 3723 313 3758 quibus
332 3724 462 3750 memoria
478 3724 566 3750 oritur
591 3724 647 3749 Cic.
661 3725 740 3750 Acad.
759 3734 786 3758 4,
804 3734 842 3755 30.
916 3726 996 3752 Multi
1015 3732 1164 3760 praeterea,
1185 3734 1252 3760 quos
1317 3728 1349 3754 Et
1363 3730 1409 3758 (vt
1419 3724 1563 3756 recordor)
1576 3733 1636 3756 vna,
1653 3730 1697 3749 etc.
1769 3722 1824 3749 Cic.
1840 3732 1888 3758 pro
1900 3719 1962 3749 Sull.
1978 3722 2009 3747 :¹6
2050 3720 2121 3747 Mihi
2142 3730 2175 3747 ne
2194 3721 2226 3747 ad
2245 3728 2275 3747 ea
2295 3720 2354 3755 qui-

214 3760 283 3785 fama
300 3758 409 3785 obscura
427 3759 547 3786 recondit
565 3759 639 3792 Virg.
656 3759 719 3785 Aen.
739 3768 762 3792 ς,
779 3763 834 3793 362.
924 3761 955 3787 Se
974 3761 1118 3788 recondere
1138 3768 1164 3788 et
1182 3761 1254 3787 fores
1316 3762 1463 3796 dem‚quae
1472 3770 1520 3795 pro
1533 3760 1613 3786 salute
1632 3759 1753 3785 omniurn
1768 3759 1836 3794 gessi,
1848 3755 2006 3786 recordanda
2018 3761 2044 3782 et
2057 3756 2195 3791 cogitanda
2208 3755 2354 3791 quidquam

214 3794 334 3820 claudere
347 3794 404 3819 Sen.
420 3794 498 3828 Epist.
512 3800 535 3825 ε.
605 3794 670 3821 ΡΙίιι.
684 3803 721 3827 12,
737 3800 764 3821 io
796 3797 866 3823 Vuas
884 3802 1042 3831 contegunt,
1055 3802 1081 3823 ct
1101 3796 1138 3823 ita
1158 3796 1187 3823 iii
1199 3805 1252 3823 am-
1314 3797 1477 3832 relinquitur
1497 3796 1632 3831 temporis.
1669 3796 1707 3821 De
1728 3795 1830 3822 Futuris
1850 3792 1930 3821 Ouid.
1950 3791 2063 3818 Heroid.
2078 3800 2116 3824 10,
2129 3800 2160 3825 79
2185 3801 2214 3818 ex
2226 3791 2352 3819 Ariadnes

214 3829 310 3863 phoras
330 3829 435 3855 recondi
447 3835 483 3855 nt.
1308 3833 1433 3869 persiana,
1454 3833 1531 3859 Nunc
1543 3840 1593 3865 ego
1607 3839 1661 3857 non
1673 3835 1784 3863 tantum,
1798 3838 1866 3865 quae
1879 3830 1934 3855 sum
1949 3828 2048 3861 pass‘ura
2059 3827 2200 3855 recordor:
2220 3827 2267 3854 Sed
2276 3835 2351 3861 quae·

248 3871 318 3892 REC
329 3870 350 3892 o
361 3870 381 3890 Ν
391 3862 431 3890 Di
470 3870 510 3891 vs
521 3883 530 3897 ›
546 3873 560 3890 θ
569 3883 577 3896 ³
594 3873 649 3891 um·
681 3864 774 3893 Ρᾶῐίῑθ·
809 3864 957 3901 [dadan-os,
975 3866 1145 3902 ἐπικείμενοι]
1180 3868 1248 3896 ΡΙίιι.
1257 3881 1303 3909 ¹05
1312 3877 1415 3903 cunque
1432 3867 1518 3903 potest
1537 3866 1590 3893 vlla
1606 3865 1700 3894 :clieta
1713 3868 1777 3901 pati.
1813 3867 1906 3900 Nempe
1916 3862 2045 3892 recordor
2057 3863 2130 3897 dicit,
2142 3866 2202 3900 quia
2207 3861 2311 3906 subinde
2321 3864 2352 3888 in>

2243 3905 2349 3925 “nullm
