2434 4156
34 109 102 148 ⁷93
406 88 464 128 *R
549 87 584 127 E
648 83 708 125 TC

56 184 114 212 Cic.
128 184 198 211 Fam.
212 188 251 214 ιο,
264 182 299 208 26
317 197 320 201 ›
335 180 407 207 Cane
425 184 499 213 putes
517 174 583 204 v'llas
602 176 689 203 literas
703 181 827 214 ›vnquam
848 172 999 214 grauiores,
1016 174 1096 206 quam

55 221 129 248 «υπς’
140 218 172 244 in
200 217 295 244 Senatu
318 216 373 243 esse'
384 215 514 242 recitatas.
585 212 684 246 Scripta
715 215 826 236 recitant
857 216 885 235 tn
914 207 1006 234 medio
1033 208 1096 234 foro

56 253 221 284 Hor.=Sertn.
235 261 254 284 1,
267 262 295 287 4,
308 260 347 286 73.
454 250 619 276 Recitaturus
635 246 670 277 eli
683 245 811 286 Titinius.
820 245 931 279 Capito,
952 250 1031 286 quem
1044 252 1095 278 ego

54 289 162 321 audire,
179 286 383 321 nescio.,'magis
397 285 507 313 debeam
522 293 554 311 an
566 283 668 318 cupiam
692 281 757 307 Plin.
765 280 844 316 Epist.
852 285 874 311 8,
885 288 908 320 ¹.²
911 288 955 315 pr.
971 279 1028 306 Vrd.
1045 285 1096 306 RE-

50 329 212 357 §vrb-Tio,
233 328 430 351 RECITATOR.
537 320 592 347 Cic.
605 326 655 353 pro
666 315 822 349 Cluent.i35
847 316 899 342 cni
916 316 976 342 loco
989 316 1095 349 respon-
1124 321 1139 347 ς

50 359 117 388 ,dere
129 359 197 394 posse
209 359 255 386 vix
267 357 378 389 videor,
398 357 469 391 quod
483 357 598 391 elogium
610 352 724 381 recitasti
739 351 770 378 de
779 352 938 392 ’testamento
949 352 998 378 Cn.
1014 351 1095 391 Egna-

54 395 89 423 tii
101 394 190 430 patris.
296 393 371 420 Idem
388 394 465 420 Verr.
482 402 504 425 3,
519 393 549 418 26
574 391 613 417 Da
626 388 722 423 quaeso
737 388 853 420 scribae,
871 393 965 414 recitet
976 395 1011 427 ex
1023 387 1096 413 codi-

53 439 102 458 ce„
187 431 226 456 De
240 429 338 457 tabulis
350 429 462 464 publicis
475 428 583 455 recitare
597 425 654 451 Cic.
667 432 716 458 pro
730 423 812 464 flacc.
826 431 871 456 40.
939 423 1009 463 .P¹.¹¹¹·
1024 429 1052 463 7,
1067 431 1098 464 5²

48 466 209 500 ,Apertoque
221 465 376 492 testamento
396 465 532 492 recitatum
549 460 677 488 heredem
700 467 833 486 minorem
857 459 946 486 funeri
969 458 1097 484 institisse.

47 500 128 537 ‚Confi
145 501 203 528 Cic.
217 509 266 542 pro
283 501 359 528 Caec.
373 509 405 534 54
419 510 441 527 c.
455 508 490 534 19.
805 530 820 534 ..
851 531 855 535 Ι
944 530 950 535 .
1061 530 1068 536 ἃ

49 542 99 564 etc.
135 536 166 564 L.
178 535 314 571 Philippus
326 537 427 564 Censor
439 532 596 563 auunculum
610 532 685 558 suum
699 536 835 566 praeteriit
848 538 877 557 111
896 530 1033 570 recitando
1054 533 1097 556 be-

52 577 126 598 natu.
228 571 290 599 Liu.
305 582 347 606 29,
360 580 390 608 37
427 570 549 599 Censores
562 568 685 595 Senatum
697 565 885 593 recitauerunt.
921 567 1043 600 Princeps
1062 566 1097 593 le-

52 606 109 635 &aas
121 608 160 641 Q
177 606 272 634 Fabius
292 609 363 635 Max.
467 604 603 637 Recitare,
623 603 770 630 Memoriter
782 605 919 629 enuntiare.
964 601 1097 635 Qunetil.

53 640 195 672 Declamat.
209 645 226 670 6
252 645 286 670 At
300 644 348 671 ista
361 644 441 679 legem
454 640 561 671 recitat,
599 638 628 665 de
649 639 750 665 muliere
766 647 846 678 εαξη.
954 638 1021 664 Cels.
1035 645 1056 670 3,
1071 640 1096 666 18

52 677 127 711 Qtin
139 678 219 705 etiam
233 679 360 713 recitare,
384 679 402 706 ii
413 684 463 712 qua
479 675 672 707 meminerunt,
689 672 801 707 cogendi
820 674 887 700 siim.
925 673 954 700 de
966 674 1095 709 phreuen'-
1117 682 1143 708 ις

51 716 99 742 cis.
141 714 198 741 Vid.
213 715 352 752 Schulting.
367 713 399 742 ad
409 713 465 739 Sen.
480 712 610 739 Controu.
627 718 636 736 1
649 709 732 749 praef,

88 755 180 777 REGI
193 755 279 778 'I'A'r
290 758 343 784 10,
360 749 426 777 finis.
445 748 465 775 f.
501 746 663 781 [indrynam]
690 746 755 783 Cic.
769 752 818 780 pro
835 744 941 771 Clucnt.
959 753 999 777 141
1020 744 1096 770 Cras-

50 784 95 813 1113
109 790 164 811 tum
177 785 213 812 ita
228 786 337 813 Brutum
353 784 419 812 vltu-
442 783 493 817 est,
512 787 541 809 vt
564 782 644 809 illum
665 780 832 809 recitationis
857 781 917 807 suae
954 780 1095 807 oeniteret.

52 815 204 848 Literarum
217 822 342 849 recitatio
361 819 417 846 Cic.
431 828 479 854 pro
493 819 581 845 Domo
595 826 629 844 22
641 826 663 844 c.
679 826 704 849 9.
811 818 872 842 Item
892 818 923 843 Lc
952 819 976 842 r'o
989 819 1097 851 priuata

8 872 13 892 ι
44 855 203 894 scriptorum
218 857 252 884 ad
263 861 366 890 meos,
383 862 414 882 vt
432 854 550 883 iudicium
570 852 599 880 de
612 856 647 880 iis
656 852 742 889 fieret.
786 852 853 878 Plin.
868 851 944 887 Epist.
961 859 980 883 1,
997 860 1016 882 ¹3
1030 857 1095 877 extr.
1111 859 1147 878 20

51 892 155 920 Pofl'um
169 893 222 919 iam
236 888 350 928 repetere
363 891 498 923 secesliun,
516 896 543 917 et
557 889 672 917 scribere
685 887 798 923 aliquid,
810 888 888 928 quod¹
905 895 960 914 non
977 887 1097 926 recitem,

47 936 85 954 ne
99 927 206 960 videar,
224 930 334 963 quoi-um
348 925 548 954 recitationibus
561 924 641 959 affui,
661 934 715 952 non
729 923 835 950 auditor
850 923 938 954 fuisse,
957 922 1000 949 sed
1013 923 1096 949 credi-

48 966 105 991 tor.
177 964 250 1000 Conf.
281 962 350 990 Dial.
383 962 415 989 de
446 963 553 990 Orator.
586 970 609 988 c.
640 970 658 988 2
691 966 716 987 et
748 968 775 993 9.
850 958 919 996 LipJI
962 960 1024 994 Epp.
1064 957 1098 985 ad

49 999 99 1028 Be!
117 1019 122 1024 .
139 1007 162 1031 2,
195 1007 218 1030 5⁴·

94 1007 142 1061 ΞΕ
155 1010 193 1062 cz}
205 1039 227 1063 Τ
237 1035 339 1061 ᾹΤΟΚ
348 1053 357 1066 ,
379 1032 444 1060 oris.
483 1042 519 1060 m.
553 1031 725 1068 [impulere]
781 1030 839 1058 Cic.
853 1029 885 1057 de
898 1031 1003 1057 Inuent.
1014 1037 1039 1062 2,
1052 1037 1097 1063 339
1106 1038 1137 1065 ας

52 1070 150 1104 Neque
164 1071 233 1097 enim
246 1077 292 1097 vos
303 1069 392 1104 scripti
406 1069 445 1095 sui
459 1069 628 1100 recitatores,
647 1067 689 1094 sed
703 1066 848 1093 voluntatis
863 1066 1020 1100 interpretes
1036 1066 1096 1092 sore

53 1105 167 1140 putauit.
268 1104 341 1132 Idem
356 1114 404 1140 pro
419 1104 524 1132 Cluent.
540 1113 583 1139 141
598 1114 619 1131 c.
637 1112 662 1137 51
699 1102 812 1129 Duobus
833 1102 1022 1129 recitatoribus
1036 1110 1098 1128 con-

54 1140 150 1168 stitutis
183 1154 228 1161 —-
262 1140 292 1167 T
292 1149 334 1167 ren
347 1141 439 1175 etipse
458 1141 587 1167 excitauit
604 1140 757 1167 recitatores
779 1147 838 1164 cum
860 1137 967 1171 singulis
988 1137 1097 1164 libellis.

54 1175 168 1204 Acci-bus
179 1176 303 1203 recitator
320 1177 387 1203 Hor.
404 1177 436 1202 de
451 1177 514 1203 Arte
528 1177 600 1203 Poe-t.
613 1183 678 1211 474.
763 1174 928 1201 Recitatores
936 1174 999 1210 sunt
1013 1177 1097 1205 etiam,

69 1214 96 1240 ui
105 1214 132 1237 in
144 1218 212 1238 coetu
222 1215 355 1239 amicorum
360 1212 461 1248 scripta
468 1212 517 1249 sua
529 1214 647 1238 recitant.
688 1210 745 1237 Seu.
761 1209 840 1244 Epist.
855 1218 885 1242 95
909 1210 1043 1236 Recitator
1058 1209 1139 1240 lii—30

49 1220 158 1274 storiam
172 1247 304 1282 ingentem
318 1248 406 1275 attulit
418 1247 586 1274 minutissime
598 1247 730 1282 scriptam,
749 1245 890 1274 arffiffime
903 1246 1099 1308 campilicatam,

945 1291 972 1308 cc
984 1286 1098 1313 amatur,

49 1287 77 1309 et
90 1291 182 1317 magna
196 1290 268 1318 parte
280 1283 394 1318 perlce‘ta
411 1294 418 1315 ς
454 1283 591 1315 Definam,
611 1283 715 1316 inquit,
735 1282 753 1308 si
768 1282 857 1307 vultis.
1031 1317 1067 1342 ΡΙ-

1062 1326 1098 1343 ΙΠ-

51 1318 158 1350 Recita,
176 1319 256 1346 recita
267 1320 300 1346 ab
314 1319 363 1350 hin,
377 1319 424 1354 qui
438 1319 514 1345 illum
529 1318 712 1345 obmutescere
728 1318 804 1343 illico
817 1316 936 1351 cupiunt.

52 1353 131 1388 Epist.
146 1363 167 1386 1,
181 1363 204 1387 ¹3
222 1354 338 1382 Subinde
353 1355 402 1382 libi
412 1355 533 1381 nuntiari
546 1353 658 1386 iubent,
678 1362 711 1380 an
724 1353 779 1380 iam
801 1353 927 1380 recitator
946 1352 1097 1380 intrauerit.

50 1389 104 1416 vid.
129 1394 318 1418 Raci'rmuo.
1106 1396 1135 1423 ³5

89 1431 109 1450 R
118 1431 134 1451 E
144 1430 161 1450 C
171 1432 187 1451 Ι.
198 1427 219 1450 Ᾰ
229 1432 252 1450 M
262 1433 281 1452 O
289 1444 297 1456 ,
324 1428 378 1451 t'il'e.
414 1423 567 1458 [ἅντιλὲ)ω,
586 1423 705 1454 ἐντιβοοέω
713 1442 722 1455 ‚
742 1422 875 1457 imssax'w]
912 1422 1022 1450 Clamore
1056 1423 1098 1449 ad-

54 1459 165 1495 verJIm',
183 1460 404 1496 nouacqurtficre,
423 1467 574 1495 repugnare,
592 1458 733 1495 refragari.
791 1459 848 1485 Cic.
867 1460 946 1485 Verr.
961 1468 989 1492 4,
1003 1467 1028 1489 41
1049 1459 1098 1484 Re-

56 1494 150 1521 clamat
184 1495 272 1522 Sicilia
302 1500 372 1527 tota,
392 1500 499 1529 propter
516 1494 609 1521 caelati
629 1495 730 1528 argenti
749 1494 940 1527 cupiditatem,
962 1502 1023 1519 reos
1038 1493 1098 1519 lieri

54 1539 146 1557 rerum
160 1531 319 1564 capitalium.
420 1530 488 1558 lbid.
503 1531 540 1564 76
573 1530 623 1555 Res
641 1530 730 1564 agitur
751 1529 779 1554 in
798 1529 908 1560 Senatu,
928 1528 1100 1555 vehementer

49 1565 88 1590 -ab
103 1565 226 1592 omnibus
240 1567 405 1593 reclamatur.
510 1565 581 1591 Cum
594 1573 643 1599 ego
659 1564 784 1591 scnfiffem
796 1569 840 1589 etc.
859 1564 942 1590 iidem
964 1564 1005 1590 illi
1019 1564 1098 1590 reela·
1108 1573 1145 1597 40

55 1605 160 1626 marunt
179 1600 236 1626 Cic.
251 1602 322 1628 Fam.
337 1610 411 1634 11,21,
419 1610 445 1635 4.
511 1601 582 1635 Ager
595 1600 697 1627 canenti
711 1598 822 1625 domino
833 1599 974 1628 reclamat,
993 1598 1100 1634 Rqspon-

54 1634 96 1660 det
107 1635 141 1660 ad
152 1643 232 1660 vocem
256 1637 316 1663 Stat.
330 1638 393 1663 Silu.
406 1647 435 1669 4,
447 1644 469 1669 ς,
482 1644 525 1663 20.
641 1635 735 1661 Feruet
744 1635 800 1660 iter
812 1634 927 1667 gemitu,
946 1639 972 1659 et
993 1633 1098 1667 plango-

55 1670 129 1696 ribus
142 1678 206 1696 arua
218 1670 359 1697 reclamant
380 1673 441 1697 Stat.
454 1670 544 1697 Theb.
557 1677 581 1701 3,
596 1674 654 1694 120.
756 1669 881 1702 Aequora
902 1668 1014 1703 scopulis
1029 1669 1099 1695 illisa

52 1706 196 1732 reclamant
215 1706 289 1741 Virg.
303 1707 400 1739 Georg.
416 1714 437 1737 3,
451 1707 506 1731 261.
600 1703 678 1730 Ratio
691 1711 754 1730 vera
766 1704 905 1736 reclamat,
934 1707 952 1730 ι’.
967 1705 1099 1732 Contradi-

54 1744 92 1768 eit
109 1742 212 1768 Lucret.
227 1745 315 1776 1,6ι7.
418 1741 475 1767 Cic.
489 1738 521 1765 de
532 1739 608 1766 Orat.
623 1748 646 1772 3,
661 1747 709 1772 ¹94
733 1740 767 1766 At
782 1740 809 1766 in
823 1738 865 1766 his
879 1739 897 1766 Γι
911 1740 1028 1774 paullum
1040 1749 1097 1767 mo-
1106 1746 1140 1772 45

55 1777 90 1804 do
104 1777 230 1804 offensum
244 1777 295 1809 est,
314 1783 343 1804 vt
364 1781 408 1804 aut
429 1774 610 1803 contractione
624 1774 734 1802 breuius
750 1774 840 1807 fieret,
861 1782 905 1802 aut
920 1775 1099 1811 produftione

53 1812 160 1848 longius
167 1833 177 1846 ,
195 1813 296 1840 theatra
315 1818 370 1840 tota
387 1811 539 1839 reclamant.
642 1811 794 1838 Reclamare
815 1811 843 1837 in
857 1811 1025 1843 libertatem,
1044 1813 1098 1840 uid.

56 1855 236 1876 PROCLAMO.
342 1848 408 1874 Plin.
421 1846 498 1883 Epist.
513 1855 536 1880 3,
548 1854 573 1880 9,
587 1855 614 1877 25
629 1847 720 1880 Qtum
734 1847 802 1874 mihi
815 1847 925 1882 quidam
938 1857 952 1874 e
966 1848 1101 1876 iudicibus

53 1884 115 1919 ipfls
134 1893 183 1919 pro
201 1893 249 1912 reo
264 1883 444 1919 gratiofiffimo
461 1883 633 1911 reclamarent
646 1881 848 1919 (obstreperent,
864 1883 983 1910 dicentem
996 1885 1099 1920 impedi.

54 1922 135 1955 rem)
155 1921 219 1948 Non
238 1922 341 1954 111111113,
359 1921 482 1956 inquam,
499 1919 543 1946 hie
561 1918 686 1946 innocens
699 1919 758 1951 erit,
773 1918 790 1945 fi
805 1928 854 1954 ego
873 1919 975 1947 somnia
995 1920 1098 1948 dixero.
1108 1930 1140 1956 50

54 1956 186 1990 Quinc‘til.
201 1966 238 1992 12,
252 1966 261 1984 1
281 1958 358 1985 Nunc
374 1957 406 1984 de
422 1957 455 1983 iis
469 1954 626 1987 dicendum,
646 1964 712 1991 quae
731 1954 799 1982 mihi
813 1955 883 1990 quali
903 1956 1100 1991 conspiratione

55 1993 169 2028 quadam
181 1994 255 2029 vulgi
267 1993 404 2020 reclamari
416 1993 548 2019 videntur.
663 1991 723 2018 Eius
742 1991 861 2018 orationi
881 1991 1053 2020 vehementer
1067 1992 1100 2020 ab

58 2029 182 2056 omnibus
198 2030 366 2056 reclamatum
380 2029 416 2055 est
434 2028 489 2055 Cic.
505 2029 576 2054 Fam.
593 2035 614 2060 1,
627 2035 651 2059 2,
665 2035 687 2061 ς.
757 2027 800 2055 ΑΙ)
813 2027 939 2055 vniuerso
952 2029 1045 2056 Senatu
1060 2038 1099 2056 re-

59 2064 198 2092 clamatum
211 2065 248 2092 cst
267 2065 323 2092 Cic.
339 2073 386 2099 pro
399 2064 487 2091 Domo
501 2072 528 2090 io
542 2072 565 2089 e.
577 2072 604 2097 4.

97 2105 116 2126 R
127 2108 142 2127 E
152 2106 168 2126 C
177 2107 193 2126 1.
202 2107 223 2126 A
231 2107 254 2127 M
264 2107 286 2127 Α
296 2107 316 2127 Τ
326 2107 362 2127 10
370 2119 378 2133 ‚
395 2100 464 2126 (31115.
485 2099 504 2126 f.
542 2097 687 2133 [ἀντιλογία
702 2098 781 2126 Glols.
803 2099 859 2126 Lat.
882 2100 927 2127 Gr.
947 2099 1079 2132 οἷναβόησυ
1087 2102 1100 2136 ]
1109 2111 1137 2139 ςς

58 2134 116 2161 Cic.
128 2136 241 2170 Philipp.
256 2145 284 2169 4,
298 2144 310 2169 ς
323 2145 344 2162 e.
359 2145 370 2162 2
409 2135 543 2163 Praeclara
563 2140 587 2161 et
609 2134 739 2160 luculenta
759 2135 946 2163 reclamatione
966 2137 1050 2163 vestra
1063 2137 1101 2163 fa-

58 2170 130 2197 cium
152 2171 356 2206 pulcherrimum
376 2171 540 2199 Martialium
559 2169 787 2205 comprobauistis.
819 2172 845 2200 h.
859 2181 878 2199 c.
894 2174 968 2200 Noua
982 2174 1101 2199 acclama-

55 2209 138 2237 tione,
153 2210 244 2234 iterato
257 2209 368 2234 clamore.

95 2248 140 2268 nr
151 2248 168 2269 c
179 2249 223 2269 LA
233 2249 259 2269 M
270 2244 292 2269 ,οἳ
303 2248 325 2269 Τ
339 2249 358 2269 o
368 2249 386 2269 R
396 2260 405 2275 ,
426 2241 490 2269 aris.
507 2250 544 2268 m.
581 2241 659 2276 Apul.

92 2285 113 2304 R
122 2285 138 2305 E
147 2284 164 2305 c
175 2284 191 2304 1.
201 2286 221 2305 Α
232 2285 256 2304 M
265 2280 316 2306 Ᾱτ
325 2285 388 2305 111).-
398 2297 408 2310 ,
426 2278 483 2304 icis.
508 2277 528 2303 f.
565 2277 644 2303 Mart.
657 2274 748 2307 capel.
1107 2280 1143 2305 60

94 2320 113 2340 R
126 2319 142 2339 E
155 2319 172 2341 C
184 2321 198 2339 L
209 2321 230 2340 Α
239 2321 261 2340 Μ
275 2312 315 2340 ΪΤ
326 2321 344 2341 o
354 2333 362 2346 ‚
381 2317 434 2339 are.
471 2313 610 2343 Frequent.
649 2307 798 2345 [οἰναβοεὲω]
854 2308 911 2334 Cic.
943 2316 994 2341 pro
1024 2309 1099 2334 Rosc.

59 2348 148 2376 Amor.
163 2352 197 2376 66
211 2359 233 2376 c,
247 2357 279 2376 22
315 2350 409 2381 Magna
424 2347 459 2371 est
474 2346 546 2370 enim
558 2343 598 2368 vis
612 2343 797 2373 humanitatis,
816 2343 928 2368 multum
946 2343 1016 2368 valet
1030 2350 1100 2368 com·

57 2385 151 2411 munio
162 2384 310 2418 sanguinis,
326 2381 473 2407 reclamitat
486 2378 634 2404 istiusmodi
647 2377 837 2410 suspicionibus
852 2378 906 2411 ipsa
918 2383 1018 2404 natura.

94 2422 341 2447 RECLAMI'J·A
354 2421 443 2447 Tio,
461 2414 527 2439 onis.
547 2412 566 2438 f.
604 2412 735 2445 Quinc-Itu.
751 2446 756 2450 ¹
771 2430 777 2436 .
814 2430 822 2437 .
860 2430 867 2437 .

96 2462 116 2480 n
126 2461 141 2480 E
151 2459 167 2478 c.
178 2460 193 2479 1,
201 2459 224 2479 A
232 2459 256 2478 M
267 2459 274 2477 1
287 2457 309 2478 τ
318 2457 338 2477 A
349 2457 370 2475 ἰ’
380 2458 399 2475 0
409 2455 426 2475 n
437 2468 444 2478 ,
461 2448 525 2474 oris.
542 2456 577 2472 m.
614 2447 668 2472 Ict.
683 2447 711 2472 in
724 2447 784 2480 Dig.

95 2495 116 2514 R
125 2495 140 2515 Ε
149 2494 167 2515 c
176 2494 222 2514 LA
233 2494 254 2513 Ν
262 2492 282 2511 G
293 2491 311 2511 ο
319 2504 328 2516 ,
351 2485 405 2510 ἐκ.
440 2481 659 2516 Reclangentibus
678 2481 779 2508 cunetis
793 2482 880 2508 sonitu
894 2483 1032 2510 ruinarum
1048 2483 1098 2510 im-

55 2525 150 2551 menso
169 2521 298 2548 Ammiau.
313 2527 350 2553 17,
363 2527 395 2551 13.

95 2565 113 2584 R
122 2564 139 2584 Ε
150 2562 168 2583 c
180 2563 196 2582 L
208 2559 221 2583 ῑ
231 2562 254 2582 N
265 2564 302 2587 o,
321 2559 374 2581 Ere.
411 2553 562 2586 [α’νακλίιω,
579 2554 736 2587 κατακλίνω]
773 2552 817 2579 Ad
835 2553 933 2589 aliquid
936 2553 1031 2590 flexum
1045 2554 1098 2589 effi,

53 2595 186 2619 iricuruari
199 2599 222 2619 et
236 2589 339 2627 restet-71¹.
375 2589 432 2616 Cic.
441 2590 469 2616 in
484 2590 566 2615 Arato
578 2597 627 2623 417
648 2590 681 2615 At
695 2587 815 2623 Cepheus
829 2595 906 2624 caput
918 2598 996 2625 atque
1010 2590 1099 2617 hume-

58 2637 118 2661 ros,
139 2629 285 2662 palmasque
299 2625 417 2653 reclinat.

59 2664 108 2699 pili
120 2664 280 2691 reclinantur
291 2662 457 2689 ammoniaco
470 2660 534 2687 trito
544 2680 552 2693 ,
572 2660 745 2695 admistoque.
819 2662 956 2688 Coruinus
974 2666 1000 2688 iu
1016 2664 1100 2699 Diosc.

61 2711 86 2732 2,
100 2710 128 2734 41
148 2701 183 2726 Ex
196 2700 285 2726 Galeno
298 2699 460 2724 Rectinantur
474 2700 573 2731 exponit
586 2698 798 2732 Agglutmantur.
881 2698 976 2725 Seneca
990 2699 1018 2725 in
1031 2700 1100 2726 Cou-

61 2736 191 2762 solatione
202 2735 235 2761 ad
245 2734 358 2761 Mariam
372 2741 388 2760 2.
408 2734 438 2760 1η
451 2741 528 2767 quem
541 2740 606 2758 onus
621 2733 730 2766 imperii
753 2731 902 2760 reclinaret.

97 2771 364 2802 ntcaxxpi‘rvs,
389 2777 419 2801 a,
458 2777 512 2796 11111.
550 2767 643 2795 Partic.
679 2768 870 2804 [ιὶνκκλινθεὶς]
912 2769 980 2797 Hor.
1012 2771 1100 2800 Carni.

60 2815 74 2833 2
108 2815 134 2839 ⁴2

80 2826 89 2841 ’
106 2824 118 2840 ⁹
153 2814 171 2841 7
252 2841 303 2867 Seu
316 2846 342 2867 te
356 2841 384 2866 in
403 2845 508 2867 remoto
526 2839 662 2874 gramine,
681 2848 726 2874 per
741 2838 798 2866 diet

255 2877 342 2904 Festos
360 2875 531 2908 reclinatum,
550 2874 641 2907 bearis,

255 2912 383 2940 Interiore
397 2918 459 2938 nota
478 2911 591 2938 Falerni.
661 2910 688 2937 h.
710 2919 733 2937 e.
752 2911 930 2946 Resupinum,
948 2914 1103 2942 recumben.

63 2953 127 2975 tem.
166 2947 292 2982 Porphyr.
396 2947 468 2974 Solet
486 2946 615 2981 obrepere
628 2947 734 2973 somnus
748 2946 777 2973 in
788 2948 898 2984 aliquod
911 2948 1103 2977 adminiculum

64 2983 195 3010 reclinati·
217 2984 274 3010 Sen.
288 2985 334 3018 Ep.
347 2985 386 3015 36.

78 3025 176 3082 iaare
188 3025 204 3045 1.
215 3020 315 3052 iaris,
345 3027 368 3046 c.
406 3017 467 3045 Adi.
503 3016 641 3054 [irin-m]
678 3016 746 3045 idem
775 3018 840 3055 quod
871 3020 997 3048 Acclinis.
1032 3023 1103 3049 Mar-

65 3058 77 3080 Ῑ
114 3062 189 3087 ·919ι

259 3089 299 3116 Sic
312 3089 341 3116 in
354 3090 471 3124 gramine
488 3089 573 3116 floreo
591 3088 713 3120 reclinis,

261 3126 320 3158 Qua
331 3124 519 3159 gemmantibus
535 3124 594 3152 hinc
606 3131 632 3151 et
646 3125 708 3151 inde
726 3125 793 3153 riuis

262 3160 350 3187 Curua
370 3161 481 3188 calculus
493 3160 620 3188 excitatur
633 3160 712 3187 vnda.

69 3192 162 3220 Cubili
175 3193 281 3221 reclinis
298 3196 358 3223 Stat.
373 3197 438 3223 Silu.
454 3205 474 3231 1,
486 3205 509 3229 2,
524 3199 575 3223 161.

62 3229 189 3265 scribitur
214 3230 357 3257 Vulturnus
368 3232 464 3267 fluuius
481 3232 600 3259 Maximo

69 3267 182 3291 ἑιυιιζτιις.
252 3266 293 3293 Sic
307 3266 419 3294 Reclinis
431 3267 517 3295 hastae
536 3269 593 3295 Sen.

71 3300 130 3326 Sen.
151 3301 231 3326 Here.
252 3302 312 3328 Oct.
332 3302 349 3328 s.
367 3310 398 3335 ¹3-

646 3196 715 3224 Add.
729 3196 796 3224 ibid.
810 3207 837 3232 4.
850 3206 872 3230 3,
884 3205 927 3233 70.
1005 3198 1055 3226 Vbi
1067 3199 1106 3227 dc-

638 3233 708 3259 ontis
727 3233 849 3260 Caesarei
866 3233 975 3261 reclinis
989 3243 1068 3268 arcu,
1087 3239 1106 3262 i.

631 3268 700 3295 heb.
714 3278 740 3295 v.
755 3278 819 3302 499.
903 3269 994 3296 Pessus
1007 3271 1106 3298 recline

469 3303 582 3331 Reclinis
612 3304 640 3331 in
672 3304 727 3331 sinu
758 3305 879 3337 iuuenis,
899 3306 924 3332 h.
939 3315 957 3332 e.
976 3307 1107 3334 Reatinam

72 3335 152 3362 Ouid.
177 3336 242 3362 Met.
263 3345 301 3368 ιο,
322 3342 372 3370 558.
405 3337 433 3364 de
457 3340 547 3367 Venere
565 3339 657 3374 infima
669 3340 796 3367 Adonidis
809 3341 966 3367 recumbente.
1003 3343 1046 3369 Al.
1059 3344 1107 3379 leg.
1119 3355 1155 3381 90

70 3370 213 3398 Renidens.
285 3372 413 3404 Rcchnss,
427 3378 452 3400 et
474 3375 560 3402 nescio
573 3375 663 3402 fimitis
688 3376 780 3403 Tacit.
794 3377 861 3403 Anu.
878 3385 911 3409 13,
927 3380 962 3408 16,
979 3385 1001 3409 5.

69 3406 136 3443 blsce
150 3405 276 3434 ‹zuflor-um
289 3409 350 3435 locis
360 3409 480 3444 plerisque
492 3418 584 3438 ueteres
597 3411 714 3474 qfiaedam
727 3411 788 3439 Edd.
800 3413 885 3448 legum
901 3413 1026 3440 Recliuis.

95 3448 151 3482 ¹RE
162 3448 179 3469 c
192 3448 208 3468 1.
220 3450 230 3469 1
242 3449 263 3469 N
277 3449 297 3469 v
307 3452 320 3470 s
331 3464 339 3476 ,
366 3452 396 3475 a,
423 3452 475 3471 um.
512 3447 572 3474 Adi.
633 3447 732 3473 eclinus
746 3453 772 3474 et
783 3448 920 3482 resupinus
961 3449 1066 3484 Vopisc.
1081 3451 1110 3478 in

66 3477 162 3505 Firmo
176 3487 197 3504 c.
210 3488 237 3512 4.
272 3479 325 3506 vid.
345 3479 420 3506 Grut.
437 3486 460 3505 et
473 3480 569 3518 Salmas
581 3482 615 3510 ad
626 3482 650 3509 h.
663 3484 681 3510 1.

1076 3381 1106 3406 ln

108 3519 126 3539 R
137 3520 200 3540 cei.
211 3521 219 3539 1
231 3521 312 3542 ΝΑΤ
323 3520 343 3542 o
356 3522 372 3541 R
386 3521 423 3540 iv
432 3522 473 3546 M,
496 3516 515 3542 i.
539 3527 565 3545 n.
601 3519 660 3545 Vet.
672 3517 716 3545 Gl.
730 3518 785 3545 MS.
798 3518 867 3554 apud
880 3518 969 3547 Barth.
988 3521 1054 3548 Adu.
1074 3530 1111 3555 35»
1125 3531 1156 3557 95

72 3556 107 3575 22
123 3551 303 3585 interpretatur
322 3551 446 3577 Fulcrum
458 3551 548 3584 capitis
559 3554 689 3581 auersum.
763 3555 793 3580 Ee
806 3555 856 3581 Int.
870 3555 948 3590 Vulg.
962 3557 1068 3589 Cant.3,
1082 3567 1110 3584 ιο

73 3587 114 3610 ita
123 3588 303 3620 interpretatur
321 3585 451 3613 α’κέκλιτον
469 3586 548 3621 φορέει
564 3588 666 3617 Ferculi
685 3588 904 3623 reclInatorium‚
923 3592 1009 3619 tabula
1022 3594 1065 3619 illa
1078 3594 1111 3619 le-

74 3617 168 3652 aicae,
189 3620 222 3647 ad
232 3630 303 3656 quam
316 3629 390 3658 caput
403 3625 508 3649 iat-meis
522 3624 662 3652 reclinatur.
718 3625 795 3661 Pqffis
809 3629 889 3662 igitur
902 3627 1113 3656 Reclinatorium

71 3662 159 3682 vocare
171 3659 244 3683 etiam
257 3659 283 3683 in
292 3656 380 3693 fillis,
399 3658 466 3684 illam
474 3665 582 3694 partem,
599 3660 631 3686 ad
642 3670 712 3696 quam
723 3664 807 3687 ceruix
817 3669 840 3688 et
852 3662 950 3697 dorsum
963 3666 1110 3691 ret-[matur.

111 3696 130 3716 R
140 3697 181 3718 Ec
192 3698 208 3719 1.
219 3698 230 3718 t
240 3698 280 3719 νι
293 3701 324 3725 s,
339 3702 363 3721 e.
383 3693 444 3719 Adi.
482 3694 583 3729 campo
595 3695 626 3722 ad
636 3696 717 3723 solem
730 3697 827 3724 recliui
845 3698 942 3726 Pallad.
958 3708 978 3732 1,
990 3702 1014 3727 6.
1041 3700 1111 3737 cons.

75 3722 148 3755 Idem
159 3733 185 3760 7,
197 3735 222 3754 2.
262 3727 320 3755 Vid.
339 3735 504 3757 RECLiNis.

112 3765 156 3800 Rp
165 3767 182 3787 c
193 3768 210 3801 1.
220 3769 227 3788 1
238 3769 287 3803 vy·
297 3771 310 3791 s
319 3783 328 3797 ,
346 3773 376 3798 a,
395 3774 448 3793 um.
468 3765 529 3792 Adi.
564 3765 621 3799 Ipse
632 3766 744 3794 reclinus
756 3776 785 3794 ac
795 3769 934 3805 resupinus
945 3776 971 3798 et
989 3777 1112 3798 curuatus

75 3793 180 3828 vopisc.
194 3805 222 3824 111
235 3795 326 3826 Firmo
337 3809 358 3826 c.
371 3810 399 3835 4.
471 3800 540 3828 Add.
562 3801 694 3829 Fortunat.
706 3803 786 3830 Mart.
801 3812 822 3836 3.

113 3837 132 3857 R
141 3837 157 3856 E
166 3836 183 3856 c
192 3839 208 3858 1.
217 3834 237 3858 V
243 3839 261 3859 D
270 3840 288 3860 ο
296 3853 314 3874 ,¹
323 3834 341 3862 fi
350 3855 358 3868 ,
378 3837 433 3863 sum
441 3857 450 3870 ,
468 3839 521 3864 ere.
557 3836 680 3870 [οἶνοίγω]
713 3840 828 3874 Αρενίνε.
866 3841 947 3870 Plaut.
962 3843 1037 3877 Capt.
1052 3850 1113 3875 414,

75 3870 106 3892 1ο
121 3865 207 3894 Cella·
220 3869 329 3905 refregit
340 3879 432 3900 omnes
445 3873 532 3906 intus,
556 3871 712 3908 reclufitque
723 3876 876 3904 armarium.

1115 2448 1147 2480 65

502 2625 569 2652 Plin.
584 2633 623 2657 29,
638 2633 649 2657 3
670 2624 793 2651 Candido
806 2633 920 2652 ouorum
938 2627 965 2652 in
976 2627 1061 2653 oculis
1075 2633 1100 2654 et
1113 2641 1149 2668 70

1115 2816 1147 2844 75

1120 2994 1152 3020 80
1165 2999 1243 3022 νεᾶν,
1260 2999 1354 3016 verum
1369 2991 1450 3017 etiam
1465 2999 1576 3025 corpore
1594 2991 1790 3025 perhorrescam
1807 2994 1816 3019 ἶ

1122 3170 1151 3200 85
1169 3176 1197 3195 vt
1211 3178 1277 3203 quae
1292 3174 1364 3195 mota
1376 3169 1433 3195 sunt
1445 3177 1513 3202 oua,
1532 3169 1728 3205 recolligantur.

954 3878 1030 3914 Virg-
1046 3879 1112 3905 Acu.
1122 3889 1166 3918 105
1175 3883 1315 3917 reduf‘toe,
1335 3892 1419 3920 arare,
1438 3883 1670 3916 serere,desertam
1683 3887 1769 3915 recoli
1780 3895 1888 3917 terram.

1570 83 1603 124 R
1694 82 1728 122 E
1819 87 1853 125 C
2160 102 2215 142 94

1165 179 1189 205 8,
1203 182 1253 208 ¹44
1271 173 1391 200 Infernas
1410 172 1510 200 reseret
1528 172 1616 205 sedes,
1634 178 1661 199 et
1673 181 1754 207 regna
1768 172 1885 200 recludat
1921 176 2028 207 Pallida.
2135 179 2215 206 Attus

1165 211 1303 237 recludere
1321 209 1366 235 Sil.
1382 217 1402 240 1,
1417 217 1472 235 120.
1545 209 1654 236 Caelum
1687 209 1744 235 luce
1779 209 1876 236 aestiua
1912 212 1986 246 Virg.
2008 216 2103 249 Georg.
2125 225 2152 248 4,
2174 223 2212 248 5²·

1165 246 1258 272 Ensem
1280 245 1352 272 Idem
1372 244 1437 271 Aen.
1451 254 1479 277 4,
1494 245 1557 277 646.
1666 244 1721 279 Ego
1736 245 1804 271 Iram
1818 253 1925 271 omnem
1938 248 2068 276 recludam
2083 251 2212 286 repagulis

1162 282 1221 308 cic.
1231 281 1264 307 de
1277 281 1313 308 N.
1321 281 1352 307 D.
1365 288 1387 312 3,
1401 282 1433 306 66
1448 289 1470 306 c.
1483 282 1524 307 26.
1593 279 1717 313 Iugulum
1730 279 1884 313 recludere,
1901 283 2008 317 Aprn're
2028 286 2107 312 Ouid.
2117 288 2179 314 Met.
2187 295 2216 322 7,

1165 322 1216 349 285.
1307 315 1416 343 Occulta
1431 315 1583 348 recludere,
1605 316 1712 341 Prode-rc
1739 316 1802 343 Stat.
1816 316 1901 343 Achil.
1917 326 1938 350 1,
1951 324 2010 350 498.
2116 324 2216 357 Operta

1163 352 1232 378 Hor.
1246 353 1325 385 Epist.
1340 361 1360 385 1,
1378 359 1409 385 ς,
1428 352 1465 377 16.
1574 351 1628 378 Ora
1650 351 1758 377 fontana
1777 352 1929 385 recludere,
1952 354 2026 380 Fonn'
2042 354 2100 381 dare
2119 361 2215 395 cursam

1163 387 1248 418 Ouid,
1261 388 1324 414 fast.
1339 397 1358 420 1,
1371 390 1430 420 269.
1504 387 1593 413 Portas
1615 387 1732 421 Propert.
1749 396 1769 419 3,
1784 396 1822 420 19,
1836 396 1880 421 24.
1940 389 2020 415 Ouid.
2037 390 2099 417 Met.
2113 400 2211 426 ¹4‚'78¹·

1164 423 1263 450 Tellus
1277 423 1420 450 recluditur
1433 421 1511 449 dente
1524 431 1593 448 vnco
1613 423 1688 457 Virg.
1702 423 1800 458 Georg.
1815 432 1837 456 2,
1845 432 1903 456 423.
1974 424 2087 452 Tellure
2099 420 2214 455 reclude.

1164 466 1194 485 re
1223 458 1358 485 thesauros
1397 458 1472 493 Virg.
1503 459 1568 484 Aen.
1604 465 1631 490 1,
1650 461 1707 490 362.
1816 459 1894 486 Viam
1926 461 2006 487 Ouid.
2022 461 2085 487 Met.
2100 470 2138 495 ¹4,
2152 468 2212 498 776,

581 496 658 533 Idem.
670 503 719 530 pro
735 495 824 521 Domo
841 499 874 528 84
893 496 996 523 Patrem
1011 500 1096 522 tuum.
1125 491 1185 530 roff
1208 502 1219 519 2
1258 494 1406 521 Recludere
1418 514 1427 527 ‚
1444 501 1492 530 pro
1507 493 1633 520 claudere.
1671 494 1762 520 lustin.
1778 503 1796 524 1,
1811 503 1837 527 9,
1851 498 1881 521 16
1898 495 2007 522 Ostanes
2022 506 2068 530 per
2082 498 2213 526 internun-

1165 531 1219 556 tios
1236 531 1340 562 quaerit
1353 540 1367 557 a
1383 530 1454 562 filia,
1475 538 1543 564 quac
1558 530 1628 555 inter
1641 532 1726 564 regias
1741 529 1847 564 pellices
1859 536 1931 563 erat,
1947 540 1979 557 an
1992 533 2057 564 Cyri
2070 534 2139 568 regis
2147 534 2216 562 filius

1164 573 1211 592 rex
1226 565 1295 590 esset.
1392 567 1425 593 At
1440 565 1486 593 illa
1501 573 1548 591 nec
1563 565 1587 591 se
1601 564 1686 599 scire,
1707 574 1753 591 nec
1767 574 1800 592 ex
1814 565 1866 592 alia
1879 567 1947 600 poffi—
1961 569 2134 601 cognoscere.,
2154 571 2215 604 quia

1164 600 1279 635 lingulae
1310 601 1449 634 separatim
1480 601 1658 628 recludantur.
1687 600 1743 635 fine
1767 604 1891 628 uarietate
1910 601 2033 629 reusam.
2117 605 2213 632 Pallad.

1163 638 1244 663 Mart.
1267 645 1305 667 10,
1326 644 1351 668 33
1384 637 1438 663 Alii
1451 637 1514 664 ficus
1527 642 1644 664 recentes
1681 651 1726 656 -—
1761 637 1790 663 in
1808 645 1882 663 nouo
1896 638 1954 664 vase
1966 638 2046 665 fictili
2082 654 2129 661 ——-
2163 649 2178 668 a
2191 643 2217 668 sc

1163 673 1290 706 separatas
1303 671 1451 699 recludunt.
1490 672 1567 708 Poffis
1581 679 1684 708 veroque
1696 676 1723 698 in
1738 673 1790 700 loco
1802 673 1917 699 librariis
1930 675 2037 702 tribuere
2048 676 2070 703 R
2085 683 2136 712 pro
2154 678 2173 704 S
2189 681 2216 704 in

1163 707 1298 743 principio
1312 708 1471 742 ponentibus
1480 728 1486 739 ,
1502 709 1652 744 praqfi‘rtim
1664 717 1719 735 cum
1732 709 1755 735 R
1768 708 1928 745 minusculum
1939 711 2040 747 longum
2056 711 2158 740 trahere
2174 720 2216 749 ft.

1164 744 1217 770 dem
1229 746 1256 769 in
1269 743 1412 778 quibusdam
1425 743 1498 769 libris
1507 744 1595 779 soleat.

1201 785 1218 806 R
1230 786 1246 806 E
1257 783 1274 804 C
1287 786 1303 804 1,
1313 780 1358 804 VD
1369 785 1384 804 F
1394 786 1415 805 N
1425 785 1438 805 S
1447 798 1456 810 ,
1483 780 1558 806 entis.
1597 779 1693 806 Pastic.
1729 777 1863 815 [ἀνοίγων]

1164 815 1266 843 caeluni
1281 814 1424 841 immeritis
1440 815 1511 840 mori
1531 817 1598 842 Hor.
1613 816 1701 843 Carm-
1715 823 1739 848 3,
1753 824 1775 847 2,
1790 823 1829 842 21.

1201 857 1221 876 R
1230 858 1246 876 F.
1256 856 1273 876 c
1285 857 1301 877 1.
1312 851 1333 876 x?
1344 858 1356 877 s
1366 856 1386 875 v
1396 856 1408 875 s
1418 869 1426 882 ‚
1446 858 1460 875 a
1469 869 1477 882 ,
1499 859 1553 876 um.
1574 852 1667 879 Panic.
1705 851 1718 885 [
1725 850 1880 885 ἀνεῳγμένος]
1916 852 2034 887 Apertus.

1162 887 1278 914 reclusae
1313 885 1397 913 Ouid.
1417 886 1483 912 Met.
1505 893 1533 920 7,
1546 889 1610 921 647.

1164 922 1243 958 Epist.
1260 931 1280 953 2,
1295 931 1315 953 1,
1330 930 1383 954 ¹03·

1203 963 1328 985 REcoc
1339 964 1359 983 ‘r
1370 963 1431 990 vs,
1445 956 1499 983 uid.
1522 962 1539 984 a
1551 963 1678 997 reoqv
1689 964 1721 985 ο.

1199 1001 1218 1021 R
1228 1002 1244 1021 E
1256 1000 1273 1020 c
1286 1002 1304 1020 o
1313 1001 1329 1021 r
1338 1000 1361 1020 N
1371 1000 1389 1020 o
1400 1013 1408 1025 ,
1445 997 1497 1020 arc.
1537 993 1631 1020 Fertur
1640 1013 1648 1025 ,
1674 1003 1752 1027 eum,
1769 993 1858 1029 quoad
1873 993 1958 1027 vixit,
1978 994 2046 1024 foris
2057 996 2144 1031 postca
2163 1007 2220 1027 non

1163 1030 1309 1056 recoenass'c
1328 1028 1447 1056 Macrob.
1467 1028 1517 1055 Sat.
1532 1037 1554 1060 3,
1571 1037 1608 1063 17.

1200 1073 1219 1092 R
1228 1072 1244 1092 1:
1253 1071 1270 1092 C
1279 1072 1298 1093 O
1307 1071 1327 1092 G
1339 1063 1348 1091 ῖ
1360 1070 1382 1091 T
1396 1070 1416 1090 O
1428 1084 1436 1097 ‚
1455 1067 1509 1091 ἔκ.
1545 1064 1705 1098 [ἅναπολὲω,
1725 1063 1900 1099 οἶγαλίγοιααι]
1939 1067 2031 1093 [terum
2042 1074 2115 1103 arque
2127 1072 2220 1098 iterum

1163 1105 1283 1138 cogitare.
1334 1101 1392 1128 Cic.
1404 1101 1442 1133 Q
1453 1100 1523 1127 Frat.
1537 1108 1563 1131 2,
1578 1108 1593 1125 2
1612 1100 1654 1126 Sic
1670 1106 1699 1125 tu
1713 1099 1781 1126 mihi
1797 1100 1898 1127 videris
1909 1102 1938 1127 in
1952 1102 2070 1130 Sardinia
2083 1104 2116 1131 de
2130 1106 2217 1133 forma

1163 1138 1317 1165 Minuciana
1328 1143 1354 1163 et
1368 1135 1523 1163 nominibus
1537 1136 1703 1169 Pompeianis
1718 1136 1745 1161 in
1758 1136 1817 1162 otio
1830 1137 1990 1171 recogitaise.
2084 1142 2217 1168 Columel,

1165 1183 1175 1200 1
1191 1173 1275 1208 praef.
1313 1173 1389 1205 Quae
1403 1181 1484 1206 quum
1497 1172 1710 1198 animaduertam
1725 1172 1799 1204 saepe
1812 1180 1915 1198 meeum
1936 1172 2078 1201 retractans
2098 1185 2126 1203 ac
2146 1187 2217 1205 reco-

2143 1213 2218 1249 Cous.

2082 1256 2107 1275 et
2119 1248 2152 1275 ad
2167 1250 2218 1276 Vx.

1905 781 1955 813 Vt,
1974 781 2065 809 Virtus
2078 782 2217 810 recludens

2076 854 2121 887 Vt,
2138 855 2220 882 Fore·

1689 887 1779 915 Domo
1792 887 1892 914 reclusa
1904 896 1982 914 mane
2001 888 2115 925 vigilare
2150 892 2219 919 Hor.

1165 1210 1261 1243 gitans,
1281 1217 1361 1243 quam
1375 1209 1445 1243 turpi
1461 1207 1587 1234 consensu
1601 1207 1702 1235 deserta
1715 1207 1863 1234 exoleucrit
1875 1207 2012 1243 disciplina
2026 1211 2105 1238 ruris.

1163 1246 1222 1272 Sen.
1249 1245 1282 1272 de
1308 1245 1371 1272 Vita
1396 1245 1475 1272 Beata
1497 1253 1520 1271 c.
1544 1252 1565 1270 a.
1674 1243 1793 1271 Tertull.
1813 1244 1872 1271 adu.
1893 1245 1977 1272 Marc.
1991 1254 2010 1278 1,
2024 1253 2045 1279 ς.

1165 1290 1193 1315 1,
1212 1290 1231 1315 4
1257 1288 1322 1308 extr.

1201 1324 1219 1344 R
1228 1324 1245 1343 E
1254 1324 1270 1344 C
1278 1323 1298 1344 0
1307 1323 1327 1343 G
1337 1324 1347 1343 1
1356 1324 1378 1344 T
1388 1324 1409 1344 A
1418 1324 1440 1344 T
1450 1323 1470 1343 v
1480 1323 1504 1349 s,
1526 1314 1565 1344 (is,
1585 1324 1621 1342 m.
1659 1315 1681 1342 Α
1695 1315 1842 1350 recogitatu
1858 1325 1938 1343 verae
1951 1316 2087 1351 dignitatis
2095 1319 2216 1348 Tertull-

1164 1353 1277 1388 Apolog.
1294 1362 1315 1380 c.
1330 1361 1366 1379 22.
1405 1351 1479 1388 Cous.
1494 1351 1567 1380 idem
1581 1352 1640 1378 adu.
1654 1353 1734 1377 Marc.
1749 1361 1776 1383 4,
1790 1359 1821 1383 43
1830 1359 1875 1386 pr.

1200 1395 1219 1414 R
1228 1396 1244 1415 Ε
1253 1394 1270 1414 C
1280 1396 1299 1416 o
1308 1396 1347 1415 Gl
1360 1395 1381 1415 'r
1392 1396 1414 1415 A
1424 1394 1445 1413 'r
1455 1396 1463 1414 1
1473 1394 1508 1420 o,
1530 1388 1597 1413 onis.
1619 1387 1639 1412 f.
1676 1386 1795 1413 Tertull.
1811 1386 1843 1413 de
1856 1387 1923 1413 Cast.
1938 1397 1959 1414 c.
1971 1397 1997 1421 4.

1197 1431 1217 1450 R
1226 1431 1242 1450 ιε
1253 1429 1270 1450 c
1280 1430 1300 1449 o
1312 1429 1334 1449 G
1346 1429 1395 1450 No
1404 1429 1416 1449 s
1425 1430 1441 1449 c
1450 1429 1469 1448 o
1479 1442 1487 1455 ,
1511 1423 1593 1453 noui,
1623 1422 1725 1454 ustum,
1755 1424 1808 1448 ere.
1846 1423 2011 1457 [dmyquig‘w
2020 1443 2029 1456 ,
2048 1423 2216 1461 ἐνκγιγώσκω]

1162 1460 1221 1484 Rem
1235 1460 1301 1484 alias
1314 1465 1397 1485 notam
1409 1458 1487 1485 denuo
1499 1458 1638 1494 agnoscere.
1688 1457 1736 1483 Cn.
1750 1457 1860 1490 Magnus
1875 1458 1906 1483 ad
1921 1458 1976 1489 ,(έίϊ·
1992 1461 2044 1485 Ast·
2059 1465 2083 1491 8,
2098 1469 2120 1486 Ι(
2140 1461 2218 1490 Tuas

1163 1494 1252 1520 literas
1266 1494 1381 1520 libenter
1393 1493 1445 1527 legi
1459 1503 1465 1518 ι
1500 1491 1648 1527 recognoui
1669 1491 1741 1518 enim
1756 1498 1829 1517 tuam
1844 1492 1981 1526 pristinam
1995 1494 2123 1522 virtutem
2137 1498 2219 1524 etiam

1163 1529 1192 1555 in
1207 1528 1288 1554 salute
1301 1529 1447 1554 communi.
1519 1529 1582 1555 [tem
1597 1527 1674 1553 Verr.
1689 1535 1713 1559 2,
1727 1532 1751 1557 ¹8
1778 1528 1869 1561 Quun
1884 1528 1957 1556 iltius
1971 1529 2000 1556 in
2016 1531 2162 1563 Qiaestura
2177 1533 2217 1559 fu-

1162 1570 1221 1597 gam
1234 1571 1260 1589 et
1274 1563 1376 1589 furtum
1390 1563 1598 1596 recognosceret.
1706 1563 1762 1590 Cic.
1797 1571 1828 1591 ro
1848 1564 1937 1591 Deiot.
1958 1575 1977 1600 4
2015 1566 2154 1594 Perturbat
2174 1578 2217 1597 me

1162 1599 1194 1624 C.
1218 1599 1315 1625 Caesar
1333 1598 1414 1625 etiam
1435 1597 1504 1624 illud
1519 1597 1654 1626 interdum
1669 1609 1675 1625 z
1712 1572 1903 1633 quodptamen,
1926 1609 2008 1635 quum
2021 1608 2046 1628 tc
2061 1604 2165 1636 penitus
2178 1614 2218 1632 re.

1162 1634 1294 1669 coguoui,
1313 1634 1409 1661 timere
1422 1633 1520 1662 desino.
1630 1635 1758 1662 Amorem
1773 1634 1887 1662 alicuius
1900 1644 1962 1673 erga
1974 1638 1999 1665 se
2013 1638 2041 1664 in
2054 1637 2139 1667 literis
2153 1641 2218 1670 Cam

1162 1669 1194 1697 ad
1208 1670 1265 1697 Cic.
1281 1671 1352 1698 Fam.
1368 1679 1406 1704 12,
1421 1678 1458 1697 12.
1531 1669 1609 1697 Dona
1630 1671 1704 1705 Virg.
1719 1671 1784 1697 Aen.
1798 1676 1822 1704 8,
1836 1678 1889 1705 721.
1961 1673 2038 1701 Plura
2060 1675 2139 1702 Ouid.
2150 1677 2216 1705 fast.

1164 1715 1193 1739 4,
1207 1711 1263 1740 418.
1359 1706 1435 1734 Sacra
1449 1707 1619 1741 recognosces
1633 1706 1772 1734 annalibus
1786 1714 1861 1734 eruta
1876 1708 1968 1742 priscis
1992 1711 2074 1737 Ouid.
2091 1712 2216 1748 Fast.1,7.

1163 1742 1219 1769 Cic.
1233 1742 1265 1769 ad
1279 1742 1353 1770 Brut.
1370 1746 1398 1770 16
1416 1742 1506 1770 Verba
1518 1748 1562 1770 tua
1577 1743 1751 1777 recognosce,
1773 1749 1799 1770 et
1813 1742 1880 1769 aude
1894 1753 1991 1779 negare
2012 1747 2151 1774 seruientis
2172 1749 2216 1776 ad—

1163 1779 1253 1805 versus
1282 1788 1372 1814 regem
1399 1779 1459 1807 istas
1482 1779 1531 1805 else
1553 1787 1652 1814 preces.
1760 1778 1931 1807 Pseudo-Cic.
1943 1781 1972 1808 in
1988 1782 2087 1809 Sallust.
2102 1791 2118 1810 2
2135 1784 2217 1817 Quod

1162 1814 1265 1842 nullum
1280 1824 1328 1842 vo·
1342 1816 1429 1842 sciatis
1443 1823 1545 1842 nouum
1563 1815 1666 1842 crimen
1687 1814 1715 1841 in
1729 1814 1880 1842 Sallustium
1893 1817 2048 1850 audituros,
2069 1819 2110 1845 scd
2126 1821 2218 1848 omnia

1162 1856 1253 1877 vetera
1265 1852 1461 1886 recognituros.
1554 1851 1612 1878 Cic.
1627 1851 1707 1877 Verr.
1723 1859 1740 1881 1,
1756 1859 1780 1884 15
1801 1852 1876 1885 Qiae
1888 1853 1974 1886 qualis
1987 1854 2086 1886 suerit,
2103 1862 2149 1882 aut
2163 1865 2217 1884 mc-

1162 1886 1294 1920 ministis,
1313 1895 1357 1914 aut
1386 1896 1419 1915 ex
1438 1896 1480 1917 eo,
1499 1895 1580 1922 quem
1607 1886 1647 1913 sui
1667 1885 1831 1914 simillimum
1851 1888 1996 1922 produxit,
2026 1893 2217 1926 recognoscere

1162 1923 1279 1956 potestis.
1397 1923 1453 1950 Cic.
1468 1923 1551 1950 Tusc.
1570 1931 1590 1955 1,
1603 1930 1634 1956 57
1649 1931 1669 1949 c.
1678 1931 1711 1956 24
1731 1923 1801 1949 Bene
1815 1924 1991 1960 interroganti
2004 1927 2217 1962 respondentem,

1162 1958 1295 1986 declarare
1321 1960 1346 1986 se
1367 1969 1422 1986 non
1442 1965 1498 1986 tum
1521 1958 1568 1985 illa
1593 1958 1709 1991 discere,
1729 1958 1771 1985 sed
1799 1960 1992 1988 reminiscendo
2018 1964 2215 1996 recognoscere.

1163 1995 1220 2022 Cic.
1235 1995 1313 2022 Catil.
1328 2004 1348 2028 1,
1360 1998 1378 2021 6
1398 1995 1568 2029 Recognosce
1580 2003 1685 2021 mecum
1697 1994 1801 2020 tandem
1817 1995 1891 2021 illam
1912 1997 2074 2031 superiorem
2094 1998 2218 2025 nofimn:

1164 2031 1216 2057 iam
1232 2031 1362 2065 intelliges
1376 2031 1462 2058 multo
1475 2039 1517 2057 me
1531 2029 1644 2064 vigilare
1657 2030 1742 2056 acrius
1756 2029 1788 2055 ad
1801 2030 1928 2062 salutem,
1948 2040 2026 2064 quam
2040 2038 2065 2058 te
2079 2033 2110 2059 ad
2131 2034 2219 2067 perni-

1162 2067 1232 2094 ciem
1246 2066 1370 2102 Reipubl.
1474 2066 1530 2092 Cic.
1548 2067 1628 2091 Verr.
1643 2073 1673 2102 5,
1686 2072 1715 2097 71
1745 2063 1800 2089 Alii
1815 2073 1897 2097 quum
1911 2074 1925 2091 a
1940 2066 2031 2093 multis
2045 2068 2148 2094 ciuibus
2164 2069 2217 2096 Ro-

1164 2103 1249 2129 manis
1263 2099 1581 2138 recognoscerenturfflb
1595 2097 1719 2137 omnibus
1738 2098 1960 2132 defenderentur,
1980 2102 2063 2128 securi
2084 2103 2217 2131 ferieban-

1163 2144 1216 2165 (ΗΓ,
1416 2134 1437 2171 q
1459 2143 1475 2161 2
1511 2134 1566 2160 Cic.
1580 2133 1611 2159 de
1626 2133 1718 2166 Legib.
1734 2142 1756 2165 3,
1770 2141 1801 2168 37
1821 2135 2005 2167 Qiamobrem
2019 2140 2147 2171 quoniam
2161 2149 2217 2168 non

1163 2170 1376 2203 recognoscimus
1394 2178 1463 2195 nunc
1483 2169 1554 2202 leges
1570 2167 1603 2194 R.
1618 2167 1644 2193 P.
1665 2167 1708 2194 sed
1722 2174 1766 2194 aut
1780 2171 1924 2203 repetimus
1939 2178 2055 2206 ereptas,
2075 2180 2120 2201 aut
2132 2185 2216 2204 nouas

1163 2205 1320 2235 scribimus,
1335 2208 1353 2230 i.
1360 2204 1511 2239 Jimpliciteo·
1524 2201 1688 2238 recenstmut,
1707 2202 1754 2229 hoc
1764 2212 1780 2229 α
1799 2211 1872 2235 entes,
1894 2213 1922 2232 vt
1935 2210 2104 2244 incorruptae,
2123 2218 2145 2237 ct
2158 2221 2216 2247 qua-

1161 2241 1197 2266 les
1209 2241 1360 2273 lamestant,
1378 2240 1428 2273 legi
1441 2238 1471 2264 ab
1483 2239 1543 2263 aliis
1556 2243 1655 2271 queant.
1765 2213 1840 2266 Idem
1854 2241 1933 2269 Verr.
1950 2252 1970 2273 2,
1986 2252 2031 2276 ¹90
2044 2255 2065 2271 c.
2080 2253 2116 2282 77
2141 2249 2215 2275 Haec

1162 2274 1253 2300 omnia
1277 2275 1377 2299 summa
1399 2281 1461 2299 cura
1492 2278 1517 2298 et
1537 2272 1678 2307 diligentia
1704 2276 1843 2309 recognita
1875 2283 1901 2303 et
1922 2278 2031 2312 collata,
2056 2289 2082 2307 et
2109 2282 2142 2310 ab
2167 2283 2216 2311 ho-

1163 2308 1280 2334 minibus
1295 2307 1478 2334 honestiffimis
1490 2307 1625 2342 obsignata
1639 2309 1706 2335 sunt.
1813 2312 1870 2339 Cic.
1885 2322 1934 2347 pro
1946 2315 2027 2342 Corn.
2041 2317 2114 2344 Balb.
2133 2327 2154 2345 11
2169 2329 2182 2345 e
2203 2328 2214 2334 -

1163 2343 1221 2370 Nos
1235 2343 1283 2368 Cn.
1297 2343 1419 2377 Pompeii
1434 2343 1567 2370 decretum
1583 2364 1591 2376 ,
1610 2343 1740 2371 iudicium
1754 2345 1786 2372 de
1801 2348 1905 2375 confilii
1919 2351 2047 2379 sententia
2061 2335 2216 2388 pronuntia>-

1162 2384 1234 2409 nun,
1254 2380 1471 2412 recognoscemus
1486 2380 1495 2405 ἓ
1531 2383 1549 2406 i.
1569 2389 1602 2405 an
1614 2389 1668 2406 cum
1680 2380 1724 2407 illa
1736 2387 1879 2415 conueniat,
1895 2389 2048 2422 inquiremus
2061 2392 2074 2416 ἕ
2156 2392 2216 2418 Cic.

1163 2415 1241 2442 Verr.
1259 2423 1281 2446 2,
1297 2423 1328 2447 30
1349 2416 1439 2448 Quim
1454 2414 1502 2442 hos
1516 2414 1565 2442 fibi
1578 2415 1697 2449 quaestus
1711 2418 1883 2446 constituisset
1902 2430 2029 2457 magnos,
2054 2431 2133 2460 atque
2152 2429 2217 2454 vbe-

1162 2458 1202 2476 res
1218 2458 1248 2476 ex
1264 2450 1297 2476 iis
1311 2450 1404 2481 caulis,
1425 2459 1488 2485 quas
1502 2451 1557 2485 ipse
1569 2451 1719 2479 instituerat
1734 2453 1761 2479 in
1775 2455 1902 2489 contilio,
1921 2457 1971 2485 hoc
1985 2459 2020 2486 est
2033 2469 2093 2488 cum
2113 2463 2157 2489 sua
2171 2472 2214 2490 co-

1161 2486 1241 2512 horte
1272 2488 1469 2520 recognoscere.
1514 2487 1562 2514 scd
1584 2486 1651 2514 reste
1672 2497 1689 2514 a
1712 2489 1818 2517 Grutero
1840 2493 1898 2518 inde
1919 2495 2012 2529 legitur
2037 2497 2214 2531 Cognoscere.

1163 2522 1296 2548 Columel.
1311 2531 1330 2553 1,
1344 2527 1357 2553 8
1374 2523 1449 2549 Panis
1459 2543 1466 2555 ,
1485 2523 1655 2559 potionisque
1676 2523 1823 2553 bonitatem
1842 2528 1917 2561 gustu
1931 2532 1979 2557 suo
1991 2533 2111 2566 exploret
2126 2544 2132 2559 :
2168 2543 2212 2561 ve-

1162 2558 1243 2591 stem,
1261 2559 1392 2591 manicas,
1413 2558 1562 2594 pedumque
1575 2560 1708 2593 tegmina,
1728 2565 1913 2597 recognoscat,
1933 2569 1951 2593 i.
1967 2568 2099 2603 recenjbat.
2166 2571 2211 2597 Su.

1160 2594 1324 2628 pclleStiIem
1337 2595 1529 2629 pecuniamque
1542 2603 1649 2622 onmem
1664 2599 1822 2631 recognouit
1841 2600 1915 2628 Curt.
1928 2609 1952 2635 ς,
1967 2611 1987 2635 1,
2003 2611 2040 2636 23.
2129 2606 2214 2634 Reco.

1162 2631 1287 2664 gnoscere
1300 2631 1421 2663 equitum
1437 2637 1550 2662 turmas,
1566 2639 1615 2667 pro
1627 2632 1749 2669 recensere
1769 2635 1837 2661 Suet.
1850 2636 1944 2665 oetan.
1963 2646 2002 2673 37.
2097 2641 2170 2668 Idem
2185 2643 2214 2669 in

1162 2666 1245 2700 Calig.
1264 2669 1291 2692 16
1311 2666 1417 2701 Equites
1435 2667 1568 2694 Romanos
1588 2667 1676 2695 seuere
1696 2669 1869 2705 curioseque,
1889 2682 1937 2699 nec
1956 2668 2009 2701 sine
2029 2675 2213 2705 moderatione

1162 2702 1335 2736 recognouit,
1350 2702 1435 2736 palam
1451 2703 1556 2729 ademto
1570 2711 1649 2738 eque,
1662 2705 1759 2739 quibus
1771 2714 1817 2733 aut
1829 2707 1922 2742 probri
1936 2710 2054 2745 aliquid,
2074 2719 2119 2739 aut
2137 2715 2213 2748 igno-

1162 2739 1261 2764 miniae
1274 2738 1372 2764 ineffec.
1442 2738 1509 2765 Add.
1525 2738 1561 2765 ld.
1576 2739 1602 2766 in
1617 2741 1682 2774 Aug.
1696 2749 1718 2766 c.
1733 2750 1765 2774 29
1778 2750 1801 2768 ct
1814 2752 1850 2775 32·

1202 2780 1221 2801 R
1233 2782 1248 2800 E
1258 2780 1275 2801 C
1284 2781 1302 2800 O
1312 2780 1334 2800 G
1345 2780 1484 2807 N1T10,
1511 2775 1580 2801 61115.
1609 2775 1629 2802 f.
1665 2776 1827 2811 [οἷνοὶγνωσις,
1845 2778 2013 2816 οἷναγνῶρισις]
2049 2784 2117 2811 Ρ1111.
2135 2793 2168 2818 1¹,
2183 2795 2215 2812 m

1164 2811 1194 2837 Et
1209 2819 1336 2844 quoniam
1351 2818 1383 2837 ex
1397 2809 1503 2836 diuerso
1515 2810 1667 2837 conuehunt
1678 2812 1759 2839 altera
1773 2815 1881 2841 alterius
1901 2817 2007 2851 ignara,
2028 2820 2093 2846 certi
2111 2820 2167 2846 dics
2181 2810 2214 2848 ad

1162 2846 1377 2880 recognitionem
1392 2853 1511 2873 mutuam
1526 2847 1650 2873 nundinis
1664 2847 1769 2876 dantur.
1803 2850 1831 2877 de
1839 2851 1970 2887 formicis.
2054 2855 2215 2890 Recognitio

1162 2891 1341 2916 eorum,quae
1355 2883 1383 2908 in
1397 2882 1501 2908 familia
1514 2883 1573 2909 sunt
1590 2883 1725 2911 Columel.
1739 2894 1772 2918 11,
1787 2895 1804 2913 1.
1885 2888 1941 2914 Cic.
1957 2889 2035 2917 Verr.
2049 2900 2077 2925 4,
2092 2900 2133 2917 110
2146 2901 2168 2918 c.
2182 2901 2214 2925 50

1161 2925 1204 2954 pr.
1225 2918 1278 2951 Qui
1292 2918 1396 2944 tandem
1412 2918 1487 2944 illius
1500 2919 1602 2945 animus
1614 2919 1650 2946 est
1669 2929 1738 2946 nunc
1757 2922 1785 2947 in
1805 2924 1991 2958 recognitione
2011 2926 2135 2954 scelerum
2157 2929 2215 2954 suo-

1165 2963 1241 2985 rum,
1261 2963 1343 2988 quum
1364 2963 1412 2988 ego
1433 2954 1487 2988 ipse
1506 2955 1534 2980 in
1557 2958 1812 2984 commemoratione
1825 2967 1918 2986 eorum
1932 2969 1985 2987 non
2000 2962 2082 2988 solum
2096 2972 2214 2989 commo-

1665 3026 1671 3030 .
1921 2996 2080 3030 Recognitio
2094 2999 2132 3024 rei
2146 2998 2216 3026 iudi-

1164 3032 1235 3052 eatae
1244 3045 1252 3057 ,
1274 3033 1301 3051 vt
1313 3033 1392 3052 monce
1410 3026 1522 3052 Budaeus
1533 3030 1560 3052 in
1573 3027 1715 3062 forensibus
1724 3048 1731 3059 ,
1750 3028 1945 3061 Instauratiuum
1958 3034 2076 3059 iudicium
2087 3040 2111 3060 et
2123 3035 2216 3067 111111111-

1164 3064 1284 3089 ruricium
1297 3060 1349 3088 dici
1359 3061 1440 3124 potest
1449 3081 1457 3094 ,
1476 3071 1536 3097 quae
1548 3063 1657 3089 Rcuilio
1671 3063 1744 3099 vulgo
1758 3065 1863 3092 dicitur.

1203 3104 1222 3123 R
1232 3103 1352 3137 ECOLP
1383 3104 1404 3124 G
1415 3103 1435 3123 0
1445 3117 1453 3130 ,
1474 3097 1543 3132 legi,
1564 3098 1679 3130 lectum,
1695 3102 1748 3126 ere.
1784 3100 1978 3137 [ἐναλέγσμικι]
2016 3105 2046 3130 In
2061 3113 2136 3131 rmum
2148 3105 2216 3132 colli·

1167 3142 1223 3170 gere
1236 3133 1355 3170 dispersa.
1410 3133 1543 3160 Columel.
1560 3139 1583 3166 8,
1599 3144 1610 3166 ς
1642 3135 1788 3163 Confestim
1802 3137 1942 3164 circumire
1955 3140 2091 3174 oportebit
2105 3141 2216 3175 cubilia,

1214 3205 1218 3209 Ι
1628 3207 1632 3211 1
1788 3207 1794 3212 ·
1820 3172 1886 3199 Plin.
1902 3174 1971 3209 Epist
1995 3183 2020 3207 9,
2033 3184 2065 3208 13,
2079 3186 2104 3209 23
2127 3177 2217 3204 Postea

1168 3205 1300 3232 achonem
1314 3214 1399 3231 meam
1411 3210 1544 3240 vtcunque
1559 3212 1633 3239 potui
1643 3227 1651 3239 ,
1669 3207 1812 3241 recollegi,
1827 3208 1917 3235 addidi
1933 3210 2022 3237 multa.
2125 3213 2216 3241 Annos

1168 3241 1269 3276 primos
1282 3240 1438 3275 recolligere
1457 3241 1537 3268 Ouid.
1553 3242 1614 3268 Met.
1627 3250 1654 3276 7,
1669 3245 1722 3269 216.
1741 3246 1924 3280 rciuuemffcerc.
2030 3247 2086 3275 Cic.
2101 3248 2155 3275 Att.
2172 3258 2192 3282 1,
2204 3257 2218 3283 ς

1168 3276 1230 3303 med.
1259 3276 1340 3309 Qtod
1360 3276 1468 3309 scribis,
1487 3278 1568 3303 etiam
1587 3277 1605 3304 fi
1624 3278 1698 3305 cuius
1718 3279 1820 3306 animus
1839 3281 1866 3306 in
1880 3288 1906 3307 te
1919 3282 1978 3308 esset
1990 3282 2128 3317 offenflor,
2148 3294 2162 3311 a
2175 3294 2218 3312 me

1169 3312 1291 3346 recolligi
1306 3318 1430 3347 oportere
1443 3321 1450 3336 ε
1475 3314 1539 3346 quid
1553 3312 1638 3345 dicas,
1654 3322 1686 3340 ne
1701 3315 1765 3349 quid
1782 3315 1808 3341 id
1821 3316 1943 3349 neglexi,
1963 3318 2005 3344 sed
2019 3318 2055 3344 est
2067 3319 2138 3347 miro
2151 3329 2216 3354 quo-

1170 3348 1230 3375 dam
1245 3347 1327 3375 modo
1340 3348 1458 3388 affectus.
1477 3352 1495 3375 ι’.
1503 3351 1671 3376 reconciliari.
1743 3351 1818 3385 ignes
1831 3352 1929 3385 sparsos
1941 3354 2078 3388 recollegit
2118 3356 2216 3384 Lucan.

1173 3393 1193 3417 1,
1208 3391 1260 3418 157.
1333 3384 1400 3410 le.
1414 3383 1491 3418 Epist.
1505 3394 1533 3417 4,
1550 3393 1581 3419 11,
1595 3394 1611 3418 9
1632 3385 1661 3412 de
1679 3384 1768 3418 Vestali
1781 3387 1912 3418 damnata,
1933 3390 2023 3422 Quum
2037 3391 2065 3416 in
2080 3391 2146 3418 illud
2160 3392 2217 3419 sub-

1170 3426 1321 3447 terraneum
1336 3419 1490 3447 cubiculum
1502 3420 1700 3451 demitteretur,
1717 3421 1884 3457 haesissetque
1898 3422 2065 3452 descendenti
2079 3427 2218 3459 stola,ver-

1173 3456 1206 3482 tit
1218 3457 1244 3482 se
1257 3465 1286 3482 ac
1299 3455 1446 3490 recollegit.
1542 3457 1574 3482 Se
1587 3457 1744 3491 recolligere
1757 3458 1855 3484 dicitur
1866 3467 1959 3494 aeger,
1996 3462 2218 3498 [α’ναλοιιιβαίιειν]

1173 3492 1240 3518 Plin.
1255 3500 1300 3524 20,
1314 3500 1326 3524 ς
1340 3492 1358 3517 s.
1375 3499 1403 3525 17
1423 3491 1577 3518 Heraclides
1590 3498 1681 3519 contra
1694 3499 1830 3527 argentum
1845 3494 1939 3523 viuum
1959 3496 2048 3530 dedit,
2075 3490 2101 3525 et
2118 3500 2217 3525 Veneri

1172 3527 1282 3554 subinde
1296 3527 1453 3560 offensanti,
1469 3528 1609 3563 aegrisque
1623 3529 1648 3554 se
1667 3527 1894 3563 recolligentibus.
2010 3534 2041 3560 Se
2060 3535 2217 3567 recolligere

1172 3572 1187 3589 a
1207 3563 1284 3597 longa
1305 3562 1471 3594 valetudine,
1491 3564 1617 3600 Rzfiemcre
1637 3571 1660 3590 et
1677 3568 1783 3599 recipere
1795 3569 1863 3593 vires
1880 3567 1947 3594 Plin.
1962 3575 1998 3600 23,
2012 3578 2034 3602 7.
2140 3571 2218 3597 Vires

1171 3607 1225 3625 non
1238 3599 1394 3633 recolligere
1413 3599 1491 3633 longa
1505 3599 1671 3634 aegritudine
1694 3600 1760 3627 Plin.
1771 3608 1817 3635 24,
1830 3603 1854 3628 6.

1209 3642 1226 3661 R
1237 3642 1253 3661 E
1262 3641 1279 3661 C
1288 3641 1306 3661 o
1315 3642 1332 3660 L
1340 3642 1356 3661 L
1366 3641 1382 3660 E
1391 3641 1407 3673 ς
1418 3640 1439 3660 Τ
1448 3642 1468 3660 ν
1479 3640 1491 3660 S
1500 3653 1508 3666 ‚
1527 3643 1556 3668 a,
1584 3644 1638 3661 um.
1679 3635 1773 3663 Partic.
1809 3637 1901 3672 Sparso
1914 3640 2047 3672 exercitu,
2067 3640 2164 3668 deinde
2179 3650 2221 3669 re-

1172 3670 1286 3696 collecto
1307 3671 1428 3697 Frontin.
1441 3669 1518 3697 Strat.
1531 3679 1552 3701 2,
1567 3678 1601 3703 13,
1613 3679 1641 3703 4.
1747 3671 1962 3702 Recollee‘torum
1977 3675 2035 3703 ordo
2043 3676 2127 3712 fisca,
2136 3677 2163 3704 dc
2175 3687 2221 3714 quo

1119 3711 1165 3730 100
1174 3705 1258 3733 Arnd.
1273 3708 1380 3742 Amiqq.
1401 3706 1489 3741 EccleJI
1498 3712 1527 3741 p.
1541 3709 1599 3740 699.

1211 3742 1381 3773 nacon),
1408 3745 1461 3768 are.
1481 3777 1487 3781 Ι
1505 3743 1599 3768 Iterum
1634 3741 1720 3769 colare.
1756 3743 1879 3773 Scribon.
1912 3747 2012 3782 Largus
2045 3749 2140 3784 Comp.
2172 3751 2222 3779 268

1174 3777 1265 3804 Postea
1277 3777 1396 3804 recolare
1409 3785 1456 3811 per
1469 3776 1581 3805 linteum
1602 3775 1707 3812 duplex.

1214 3820 1233 3839 R
1241 3820 1258 3839 E
1266 3819 1283 3839 C
1292 3811 1311 3839 ὀ
1320 3820 1335 3839 L
1346 3819 1365 3839 O
1373 3832 1381 3844 ‚
1402 3812 1472 3852 col-ul
1482 3831 1490 3844 ‚
1508 3812 1607 3839 cultum
1615 3832 1623 3845 ‚
1644 3816 1698 3841 dre.
1734 3813 1915 3853 [oe'voexoem'g'w]
1949 3818 2057 3856 Rurfimr
2069 3820 2154 3846 colere,
2177 3820 2224 3845 Dc-

1170 3848 1267 3884 sertum
1281 3857 1369 3884 agrum
1383 3852 1469 3884 rurJur
1482 3849 1567 3874 colere.
1608 3849 1738 3885 Liu.27‚5
1758 3852 1856 3878 Omnes
1871 3853 1899 3879 in
1911 3854 2006 3887 vrbes,
2030 3855 2059 3881 in
2077 3864 2152 3889 agros
2167 3855 2227 3880 suot

1956 3891 2048 3919 Tacit.
2057 3894 2123 3918 Ann.
2131 3902 2150 3922 3,
2159 3897 2203 3923 72,
2211 3897 2224 3915 2

1485 3919 1516 3946 M
1550 3927 1569 3946 2.
2164 3926 2226 3958 Qto
