2434 4156
348 103 425 144 447
697 76 1012 131 S'IM
1708 74 2122 139 'S1M
2383 127 2408 168 24

352 186 401 212 pro
419 174 509 201 Rabir.
532 175 603 211 perd.
624 185 672 204 reo
693 186 722 211 ¹4
749 178 779 205 Et
799 178 890 206 similis
909 180 962 206 viri
977 185 1005 205 tu
1019 177 1150 204 vlcisceris
1166 177 1251 212 patrui
1263 182 1386 216 mortem,
1444 182 1652 214 promontorium.
1758 181 1835 216 vit-g.
1852 182 1916 211 Aen.
1931 187 1957 219 6,
1971 192 1999 216 83
2020 187 2084 214 Νοη
2100 188 2197 215 Simois
2210 189 2276 223 tibi,
2295 194 2372 223 neeX
2384 201 2397 230 ,ᾗ

350 218 428 246 atque
451 210 496 237 ille
516 213 713 246 persequeretur
732 214 819 241 fratris
834 216 888 247 sui,
918 216 934 240 li
956 214 1001 240 ista
1020 214 1124 239 ratione
1150 221 1226 246 agere
1248 212 1387 239 voluisset?
1449 224 1496 241 nec
1510 217 1606 242 Dorica
1618 215 1698 242 castra
1718 216 1869 257 Defuerint.
1975 222 2105 250 Lubricus
2119 224 2215 252 Simois
2234 227 2300 254 Hor.
2309 228 2397 264 Ep'ods
2433 250 2434 257 .

350 248 422 273 Idem
438 246 468 271 dc
476 247 562 280 Fine,
576 257 611 281 40
631 250 722 282 Itaque
736 256 762 276 et
780 250 871 276 similis
892 250 943 275 crit
957 249 1016 274 sinis
1033 249 1096 275 boni
1112 254 1189 282 atque
1203 252 1277 273 antea
1290 248 1385 274 fuerat.
1448 251 1576 286 Phrygius
1592 252 1688 278 Simois
1708 253 1782 287 Vtrg.
1798 254 1862 280 Aen.
1878 264 1896 287 1,
1912 257 1968 282 622.
2381 256 2408 294 β
2429 276 2434 295 1

346 280 424 317 ὈΜ-[Ἴ
440 283 510 309 Caes.
525 284 551 309 B.
567 284 596 311 G⁴
611 293 635 317 2,
649 291 686 317 38.
793 287 888 311 Forma
902 285 969 309 haud
984 284 1099 310 diffimili
1114 285 1143 309 In
1158 283 1296 308 dominum
1315 283 1385 310 Tac.
1484 294 1497 313 s
1509 294 1517 313 1
1528 294 1552 313 Μ
1564 295 1582 314 o
1592 295 1613 313 N
1624 295 1631 313 1
1644 290 1664 313 Ᾱ
1674 294 1694 313 Ν
1707 295 1728 320 1,
1764 290 1869 315 Simonis
1882 294 1949 326 magi
1960 290 2059 325 offic-lae
2078 293 2168 321 Isidor.
2178 295 2251 330 Orig.
2265 303 2289 330 8,
2301 305 2322 331 5.
2337 288 2341 297 ¹
2382 310 2404 329 ιφ
2431 323 2434 332 ,

351 317 420 343 Ann.
436 326 447 343 2
457 337 465 350 ,
483 326 526 350 39,
544 327 565 351 3.
660 320 747 346 Puella
766 320 842 346 vultu
861 319 970 345 honesto
985 320 1013 345 in
1033 320 1095 346 deae
1112 318 1221 344 Iunonis
1235 319 1344 352 speciem
1357 318 1385 344 si—
1411 327 1425 353 ς
1484 329 1578 349 311110
1589 322 1656 349 Νῖι)
1668 330 1683 349 E
1694 330 1721 354 S,
1744 324 1773 350 is.
1808 333 1844 350 m.
1878 325 1891 358 [
1904 325 2051 361 Σιμωνίδης]
2087 330 2146 355 Ceus
2161 332 2234 357 Porta
2241 333 2353 362 Melicas,
2393 330 2403 350 Ᾰ

349 353 423 379 milis
443 354 518 387 Apul.
533 355 596 381 Met.
612 363 642 382 10
662 365 685 389 p.
696 364 743 387 ²55-
839 355 894 380 Cic.
910 354 985 380 Acad.
1007 364 1041 387 4,
1064 361 1102 383 118
1126 355 1289 387 Anaxagoras
1304 359 1386 380 mate·
1452 357 1525 384 Orat.
1533 366 1558 391 2,
1573 367 1609 391 35¹
1629 359 1778 386 Simonides
1789 361 1856 386 Ceus
1869 361 1969 395 primus
1983 368 2064 390 artem
2077 366 2244 393 memorandi
2255 367 2373 397 inuenisse

348 388 416 415 riam
428 388 573 422 infinitam,
594 391 635 416 sed
650 400 681 416 cx
695 399 724 415 ea
738 389 875 423 particulas
892 389 986 415 lisuiles
1000 391 1070 416 inter
1084 391 1108 415 se
1128 389 1259 421 minutas,
1280 398 1321 416 eas
1334 390 1387 423 pri·
1457 393 1520 425 Vide
1538 394 1627 419 ibidem
1640 396 1726 429 plura.
1772 395 1845 430 Conf.
1868 396 2000 428 Qnin&il.
2015 406 2049 429 11,
2068 407 2095 431 2,
2116 403 2187 437 usq,
2258 403 2323 430 Ιᾱρη,
2338 394 2410 432 ‘12:¹⁴5

351 432 425 450 mum
438 425 571 458 confusas,
592 425 677 460 postea
695 426 721 450 in
736 424 856 450 ordinent
871 425 994 451 adduGtas
1008 431 1094 451 mente
1106 425 1206 451 diuina.
1248 460 1253 464 ἡ
1314 425 1388 465 Idem
1450 435 1567 462 quantum
1582 431 1702 457 lumbicus
1716 431 1865 466 Por'tojuit,
1883 432 1977 458 iudicat
1991 442 2032 465 10,
2045 443 2070 464 1,
2084 438 2127 469 64.
2161 439 2199 463 De
2211 437 2306 464 Somnio
2319 440 2377 468 illiu.

350 468 400 494 pro
413 460 516 486 Cluent.
527 470 562 493 40
582 470 602 486 c.
613 464 639 486 16
657 461 784 485 Homines
798 460 867 485 inter
883 461 907 486 se
920 470 979 486 cum
993 463 1094 490 forma,
1114 468 1169 486 tum
1184 460 1305 486 moribus
1318 460 1388 486 sinu-
1437 462 1527 489 ·rab1·1i
1565 465 1619 491 Cic.
1635 467 1666 492 de
1681 467 1772 492 Diuin.
1789 476 1811 499 1,
1826 469 1856 499 56
1875 476 1897 493 c.
1913 475 1954 501 27.
2013 468 2111 498 Plinius
2129 470 2240 498 asianam
2256 473 2367 502 chordam

349 495 401 528 les,
419 497 580 530 municipum
594 503 680 521 autem
696 496 801 520 suorum
816 495 990 521 dislimillimi.
1059 495 1115 521 Cic.
1130 496 1229 528 Fama,
1243 504 1259 530 7
1279 496 1388 522 Similli-
1404 506 1433 525 ιο
1450 497 1565 531 inueniffi⁷
1572 501 1681 535 scribit,-
1717 501 1863 535 Eifflathjus
1878 512 1935 529 uero
1947 509 1999 530 tres
2011 504 2120 539 duplice,-
2133 507 2229 540 liter-05,
2247 508 2271 539 ξ,
2286 507 2313 540 di,
2330 511 2350 537 ρ,

349 539 471 565 mamque
487 532 515 557 in
530 540 558 558 re
571 530 685 557 dissimili
708 530 746 554 tui
761 532 888 564 temporis
909 541 994 563 nunc,
1020 536 1045 557 et
1064 530 1147 557 nostri
1160 532 1292 565 quondam
1313 531 1389 558 fuisse
1488 541 1500 560 s
1511 541 1519 559 1
1531 541 1554 560 Μ
1565 542 1716 564 ONIDEV
1727 545 1740 565 s
1751 557 1759 570 ‚
1786 546 1816 569 a,
1838 547 1892 564 um.
1931 537 1992 565 Adi.
2046 540 2133 567 Catul.
2147 547 2182 573 38,
2196 548 2209 573 Β
2231 543 2355 572 Moessius
2365 547 2378 574 1.-

348 567 489 594 rationem.
594 566 697 591 Similes
718 565 792 597 sunt,
824 572 852 592 vt
876 566 893 592 Γι
907 568 952 601 qui
973 566 1177 600 gubernatorem
1192 568 1219 593 in
1237 567 1389 601 nauigando
1449 568 1616 597 Simonideis.
2081 582 2086 587 ·
2350 584 2359 591 ἃ

348 611 424 637 agere
438 602 504 628 nihil
518 601 620 633 dicant,
641 609 722 634 quum
741 601 788 626 alii
811 602 892 628 malos
913 602 1048 634 scandant,
1067 602 1114 628 alii
1128 612 1175 637 per
1188 604 1262 629 foros
1276 604 1389 635 cursent,
1486 611 1549 631 SIM
1560 612 1573 631 P
1584 613 1660 638 LEX,
1671 607 1728 634 icis.
1765 608 1825 635 Adi.
1862 607 1971 644 [οἱπλῖς,
1990 608 2084 642 α’φελῆς
2104 611 2182 638 Gloss.
2198 612 2254 639 Lat.
2275 613 2339 650 Gn]
2353 608 2357 612 ’

348 638 396 665 alii
417 638 542 663 sentinam
561 636 728 662 exhauriant:
764 636 809 662 ille
829 643 916 664 autem
937 637 1039 663 clauum
1058 644 1149 665 tenens
1165 639 1251 665 sedeat
1266 639 1292 664 in
1308 639 1388 673 puppi
1454 649 1527 675 neque
1541 643 1692 677 expluribus
1706 644 1854 679 conflatutm
1890 645 1994 679 adeoque
2008 649 2139 680 opponitur
2152 648 2258 681 Duplici
2272 657 2316 676 aut
2327 653 2378 684 niul

349 674 469 707 quietus,
495 679 540 698 ctc.
576 672 632 698 Cic.
651 671 683 697 de
704 672 805 697 Semo.
819 681 843 705 17
863 682 884 699 c.
899 675 923 700 6.
1118 672 1139 711 ff
1159 683 1175 701 2
1212 674 1269 709 Obs.
1291 674 1383 700 Simile
1407 685 1432 708 15
1452 675 1592 712 diciturque
1613 678 1679 713 quast
1692 679 1752 705 Sine
1768 681 1845 713 plica.
1949 681 2017 707 Ter.
2034 682 2062 707 in
2075 682 2143 708 Prol.
2158 684 2253 710 Heaut.
2267 687 2284 710 6
2304 686 2380 723 Dupl-

347 710 384 735 est
399 717 447 742 pro
476 707 575 734 Similis
582 706 688 741 positum
703 709 741 732 ait
769 707 842 734 Non.
858 717 880 740 3,
895 717 943 740 205
979 708 1110 744 laudatque
1145 710 1305 737 Titinnium
1322 710 1383 736 Ful·
1451 719 1483 736 ex
1497 720 1650 746 argumento
1665 714 1731 741 faeta
1746 716 1782 741 est
1795 715 1914 750 simplici.
1992 717 2080 742 Crinis
2094 717 2200 753 simplex
2214 719 2338 747 colleCmS
2353 717 2382 753 int
2419 750 2421 754 .

346 744 433 771 lonib.
526 743 663 769 Formicae
683 741 726 775 pol
743 742 872 776 persimile
886 744 921 770 esi
936 743 1045 770 rusticus
1058 745 1149 772 homo.
1185 746 1318 773 Naeuium
1333 746 1385 773 Mi·
1452 746 1553 773 nodum
1587 749 1667 775 Ouid.
1680 751 1745 777 Met.
1759 756 1789 783 8,
1810 761 1856 784 319.
1961 751 2078 786 Simplex
2089 772 2097 784 ,
2131 755 2218 781 lerum
2238 755 2381 789 etstncerum
2429 759 2431 761 ’

349 779 450 806 litibus.
467 778 515 804 Tu
530 777 605 812 pueri
620 777 706 811 pusilli
725 777 808 805 simile
826 788 867 805 es:
903 780 974 813 Quia
991 781 1062 807 enim
1081 781 1112 807 ad
1129 790 1158 808 os
1172 782 1235 816 fers,
1255 781 1386 816 quidquid
1451 782 1553 809 Falsum
1565 791 1705 819 opponitur.
1739 787 1795 813 Cic.
1809 788 1879 814 Fam.
1894 795 1926 817 11,
1939 792 1966 816 28
1980 794 2044 813 extr.
2063 788 2201 817 Trebatio
2214 791 2304 817 nostro
2322 802 2375 829 mag

347 814 437 842 nasitus
458 822 493 839 cs.
588 814 681 848 Nempe
700 814 853 850 Graecisms
872 813 921 847 est,
946 821 976 841 vt
989 816 1082 843 Triste
1102 817 1178 851 lupus
1199 817 1321 847 stabulis,
1341 825 1388 844 etc.
1451 818 1555 852 gratias,
1566 819 1637 853 quod
1651 826 1725 847 tuum
1740 831 1801 856 erga
1815 832 1856 849 me
1870 823 1987 849 animum
2001 823 2143 858 simplicem
2156 832 2234 861 atque
2248 826 2378 858 amicuma
2423 835 2426 851 s

346 851 496 885 intelligitur
510 848 625 883 πρᾶγμα,
640 849 787 883 negotium.
874 852 1001 877 Peculiare
1019 850 1053 885 ψ
1067 852 1152 879 Simili
1174 853 1296 879 drachma
1319 853 1388 879 Sam-
1401 856 1435 874 20
1457 855 1505 880 Vbi
1514 857 1598 889 plicae
1602 855 1663 890 sunt
1677 860 1703 882 in
1718 856 1859 890 vestimento
1874 869 1882 887 ‚·
1907 858 1994 885 charta
2005 866 2049 885 etc.
2062 861 2160 895 aliquid
2174 865 2234 888 vitii
2246 863 2377 899 deliteJcere

347 894 419 912 mon.
448 894 473 910 v.
488 889 538 915 388.
574 887 593 910 i.
617 887 712 920 aequali
727 884 845 919 pondere.
950 887 1062 923 Compar.
1098 889 1229 921 Quinctil.
1246 897 1284 921 12,
1300 898 1338 920 ιε,
1353 898 1388 921 42
1450 890 1553 916 animus
1573 890 1695 925 simplex,
1711 896 1739 918 in
1758 902 1804 929 quo
1823 895 1889 921 nibil
1900 897 1976 926 latet,
1989 895 2199 931 nihilsubdolum,
2215 905 2382 935 cor:·uptum,»

345 920 434 947 Po'e'tis
448 919 596 946 similiores,
704 920 770 946 Plin.
782 928 816 955 12,
832 929 855 952 17
876 921 1002 949 Mastiehe
1016 925 1092 950 tertia
1108 926 1135 950 in
1149 925 1234 950 Ponto
1248 924 1388 951 bituminis
1450 927 1568 951 mutatum
1599 927 1694 961 quidem
1724 936 1769 956 etc.
1877 930 1950 955 Idem
1964 930 1996 956 de
2013 931 2062 956 Fin
2085 939 2101 957 2
2113 941 2173 965 c.14
2212 933 2260 959 His
2281 934 2383 965 initiis}

344 955 467 982 similior.
575 956 623 981 Per
640 956 730 981 omnia
751 956 804 982 deis
824 965 902 989 quam
921 958 1077 985 hominibus
1096 959 1208 986 similior
1248 960 1342 986 Vellei.
1363 969 1388 992 2,
1450 962 1542 988 omnia
1556 970 1619 988 vera
1634 962 1781 997 diligimus,
1794 964 1821 990 id
1835 964 1871 990 est
1885 965 1980 996 fidelia,
1993 965 2129 1000 simplicia,
2144 968 2286 995 constantia
2302 980 2307 995 :
2341 976 2351 997 t

344 1000 398 1024 ige,
413 1000 433 1021 ς.
540 990 577 1016 Ex
592 999 645 1017 vno
662 998 741 1024 puteo
756 991 868 1018 similior
882 1002 1015 1028 nunquam
1030 995 1113 1029 potest
1125 1004 1192 1030 aqua
1212 1004 1295 1029 aquae
1309 996 1388 1028 sumi,
1451 997 1523 1029 falsa,
1538 997 1656 1024 fallentia
1670 999 1785 1030 odimus,
1806 1006 1835 1026 vt
1856 1000 1987 1033 fraudem,
2009 1003 2168 1036 periurium,
2191 1005 2331 1038 malitiam,
2349 1005 2382 1033 in·

344 1036 423 1062 quam
437 1025 499 1052 hacc
513 1025 548 1051 est
562 1034 640 1060 atque
654 1026 700 1052 ista
714 1026 817 1062 hospita
829 1028 909 1055 Plaut.
923 1029 1011 1063 Mite,
1024 1033 1050 1063 6,
1066 1039 1109 1065 70.
1214 1032 1308 1065 Superi.
1330 1032 1387 1058 Cic.
1405 1033 1434 1059 23
1450 1034 1474 1059 O
1488 1033 1576 1059 virum
1593 1033 1747 1069 simplicem,
1759 1036 1805 1069 qui
1820 1044 1867 1062 nos
1880 1036 1949 1062 nihil
1963 1037 2041 1065 celat!
2077 1039 2133 1065 Cic.
2148 1040 2176 1065 in
2189 1040 2263 1067 Orat.
2279 1049 2300 1067 c.
2308 1044 2349 1074 69.

342 1071 392 1097 pro
401 1061 507 1088 Marcel.
519 1070 560 1092 c.3
580 1062 651 1088 Haec
665 1062 711 1096 qui
726 1063 815 1096 faciat,
832 1072 887 1090 non
903 1074 953 1099 ego
966 1074 1026 1091 eum
1042 1075 1099 1093 cum
1116 1066 1223 1092 summis
1238 1066 1304 1092 viris
1318 1075 1387 1092 com·
1452 1069 1533 1095 Serm.
1558 1077 1583 1099 1,
1610 1079 1635 1101 3,
1658 1078 1688 1102 52.
1722 1085 1766 1091 —
1805 1072 1838 1097 At
1856 1071 1891 1098 est
1909 1072 2101 1104 truculentior,
2119 1080 2198 1110 atque
2236 1076 2294 1102 Plus
2312 1084 2387 1111 aequi

341 1106 416 1132 pat-0,
431 1097 472 1122 sed
487 1096 651 1124 simillimum
672 1097 723 1125 deo
742 1099 843 1126 iudico.
923 1101 1010 1128 Fui-tis
1028 1107 1054 1128 et
1070 1102 1162 1129 fraude
1182 1101 1330 1128 simillimus
1346 1102 1388 1129 illi
1448 1103 1554 1138 simplex
1568 1105 1699 1140 fortisque
1713 1105 1848 1133 habeatur.
1924 1109 2024 1144 Vtsunt
2036 1118 2141 1145 cognata
2155 1111 2292 1137 virtutibus
2305 1114 2376 1146 vitio,

344 1132 425 1160 Ouid.
438 1133 502 1158 Met.
519 1141 551 1164 13,
565 1141 601 1165 32.
709 1134 788 1161 Amni
804 1144 871 1169 puro
886 1135 1034 1163 simillimus
1067 1139 1135 1164 Hor.
1149 1137 1226 1171 Epist.
1241 1147 1272 1170 2,
1293 1146 1308 1164 2
1318 1157 1325 1168 ,
1344 1147 1387 1164 20.
1447 1149 1571 1175 nunquam
1583 1141 1611 1166 de
1630 1141 1730 1175 stultis,
1748 1142 1905 1175 luxuriosis,
1919 1144 2121 1179 nepotibusque,
2135 1153 2160 1172 et
2174 1148 2299 1173 omnibus
2312 1148 2358 1174 vit'
2431 1166 2434 1172 .

343 1169 418 1195 Buxo
433 1167 583 1195 simillimus
603 1169 683 1196 Ouid.
697 1170 761 1196 Met.
779 1179 811 1202 11,
823 1180 879 1204 4¹7·
967 1173 1054 1199 Arbos
1075 1173 1207 1200 fimillima
1221 1173 1297 1200 lauro
1310 1174 1386 1208 Virg.
1448 1175 1550 1202 callidis
1580 1176 1788 1213 incrpatur,fic.
1808 1178 1867 1204 Sen.
1890 1178 1922 1204 de
1951 1180 1992 1206 Ira
2015 1189 2041 1212 2,
2056 1183 2084 1207 16
2095 1189 2160 1208 extr.
2277 1182 2340 1209 Fuit
2357 1182 2393 1208 ul

342 1205 443 1237 Georg.
457 1212 480 1236 2,
495 1212 540 1235 ¹3¹-
610 1205 671 1231 Flos
686 1205 774 1232 violae
789 1206 939 1234 simillimus
958 1209 1038 1235 Ouid.
1052 1209 1115 1235 Met.
1129 1217 1157 1241 4,
1171 1211 1224 1238 268.
1297 1209 1387 1236 Pallor
1400 1215 1431 1239 30
1446 1210 1585 1238 stultitiam
1601 1212 1799 1246 simplicissimus
1831 1215 1893 1240 Aur.
1907 1215 2002 1242 Vichr
2015 1216 2082 1251 Epit.
2098 1227 2118 1243 c.
2130 1220 2167 1250 46
2179 1224 2243 1245 extr.
2368 1234 2370 1238 v

341 1239 489 1266 simillimus
508 1239 580 1266 buxo
612 1240 686 1267 Idem
700 1241 766 1268 ibid.
783 1250 820 1274 11,
833 1251 884 1275 4¹7·
992 1245 1075 1277 Qiies
1090 1244 1223 1270 simillima
1237 1244 1319 1271 morti
1332 1244 1385 1278 pla·
1448 1246 1483 1272 do
1501 1246 1643 1281 simplicem
1665 1250 1713 1275 esse
1743 1249 1873 1282 Quinctil.
1887 1258 1913 1282 2,
1928 1258 1952 1282 2,
1966 1260 1987 1283 ς.
2011 1252 2100 1278 Virtus
2111 1252 2153 1285 est.
2256 1255 2326 1280 Hinc
2339 1264 2351 1280 e

339 1275 414 1302 cidae
433 1275 509 1309 Virg.
523 1276 586 1301 Aen.
602 1278 628 1306 6,
643 1284 696 1309 522.
800 1277 923 1311 Sufflant.
943 1279 1094 1310 Similitudo,
1106 1279 1174 1315 apud
1186 1281 1310 1313 rhetoras,
1346 1281 1383 1307 Si·
1446 1281 1548 1316 Duplex
1561 1281 1594 1315 est
1608 1283 1712 1319 dolosus.
1747 1287 1826 1318 Certe,
1839 1286 1904 1322 quod
1911 1286 1993 1322 supra
2004 1295 2094 1322 ponere
2108 1289 2197 1315 iblitus
2205 1289 2272 1324 sum,
2284 1293 2322 1315 ita
2342 1293 2352 1314 i
2362 1297 2368 1311 ἰ
2430 1298 2434 1316 ι

339 1311 404 1337 mile
417 1311 544 1337 vitiosum
559 1311 610 1344 est,
631 1312 703 1347 quod
724 1321 755 1339 ex
776 1312 863 1348 aliqua
877 1320 958 1348 parte,
972 1315 1091 1342 dissimile
1105 1315 1156 1342 est:
1191 1319 1221 1342 it.
1235 1316 1384 1343 Exornatio
1444 1327 1499 1343 cum
1513 1318 1630 1344 Lambino
1651 1326 1674 1344 et
1691 1321 1840 1353 Torrentio,
1859 1326 2006 1358 antiquoque
2034 1324 2086 1360 ipso
2108 1324 2242 1357 Scholiaste
2258 1325 2366 1359 Vlyffei]¹

339 1346 438 1373 constat
459 1355 489 1373 ex
509 1346 637 1374 similibus
670 1348 747 1374 Auci.
768 1348 800 1374 ad
812 1350 930 1376 Herenn.
945 1359 957 1376 2
979 1360 1048 1384 αις).
1090 1351 1158 1379 Add.
1173 1352 1227 1379 Cic.
1242 1352 1274 1379 de
1294 1352 1383 1379 Finib.
1446 1353 1534 1379 cursus
1554 1362 1601 1387 per
1617 1362 1689 1381 mare
1708 1356 1776 1390 apud
1796 1357 1863 1382 Hor.
1884 1358 1934 1383 Od.
1956 1366 1976 1390 1,
1991 1361 2022 1390 6,
2037 1367 2054 1394 7
2074 1369 2122 1386 non
2145 1359 2288 1395 simplicis,
2313 1360 2362 1396 sed

336 1390 356 1414 4
376 1391 396 1408 c.
410 1389 453 1415 27.
652 1381 672 1418 fl
694 1392 704 1414 3
743 1384 846 1417 Simile,
881 1385 1088 1422 [παραπλήσιον]
1124 1387 1382 1423 Adiicrbialiterpofi-
1398 1393 1426 1420 35
1447 1386 1560 1421 Ostendit
1573 1389 1721 1423 Lambinus,
1734 1388 1821 1416 διπλέν
1832 1395 1870 1417 ita
1881 1396 1942 1427 poni
1953 1403 1968 1419 a
1983 1394 2093 1421 Graecis.
2165 1397 2290 1432 Hocsone
2301 1397 2362 1432 fimp
2428 1376 2434 1422 i

336 1423 398 1443 tum.
435 1416 490 1444 Cic.
505 1416 583 1443 Acad.
595 1425 614 1450 4
628 1426 650 1444 c.
665 1425 678 1450 ς
699 1418 792 1445 Simile
805 1428 853 1445 vos
867 1429 948 1454 quum
962 1423 1128 1456 perturbare,
1147 1429 1175 1449 vt
1189 1424 1230 1449 illi
1244 1424 1336 1458 Remp.
1350 1423 1383 1450 sic
1446 1431 1469 1450 et
1483 1424 1585 1460 dignius
1597 1426 1718 1456 Horatio,
1732 1435 1802 1461 quam
1816 1427 1904 1453 cursus
1917 1427 2049 1462 duplices,
2069 1430 2148 1462 (nam
2163 1432 2298 1459 emendatio
2311 1434 2365 1459 Bet
2431 1443 2434 1450 ·

336 1461 387 1479 vos
401 1452 598 1487 philosophiam
613 1452 679 1480 bene
693 1454 747 1480 iam
761 1455 929 1481 constitutam
944 1457 1042 1489 velitis,
1066 1458 1262 1492 Empedoclem,
1282 1460 1381 1486 Anaxa·
1445 1460 1520 1486 ducis
1535 1463 1637 1486 minium
1650 1461 1731 1487 audax
1744 1462 1866 1496 videtur)
1885 1470 1928 1488 aut
1940 1463 2036 1497 duplex
2050 1465 2160 1498 Vlysses,
2172 1470 2190 1492 i.
2202 1471 2321 1503 geminus,
2335 1468 2360 1494 ε’

337 1497 429 1523 goram
438 1508 446 1521 ,
470 1489 655 1515 Democritum
665 1509 673 1521 ,
699 1496 744 1516 etc.
772 1491 905 1524 profertis.
977 1493 1019 1519 Sic
1040 1492 1137 1519 ViHor.
1152 1500 1176 1518 ct
1189 1495 1264 1521 MSS.
1335 1494 1383 1521 Sed
1445 1505 1474 1521 ne
1487 1496 1520 1522 ad
1533 1495 1660 1529 Meflolam
1675 1504 1698 1522 et
1712 1501 1863 1533 Agrippam,
1876 1498 1941 1533 quod
1956 1499 2084 1526 Sanadono
2093 1502 2185 1535 placet.
2279 1504 2376 1534 Mundi

334 1526 368 1551 ul.
384 1524 522 1550 Similiter.
631 1526 725 1560 Superl.
762 1526 817 1552 Cic.
832 1526 916 1552 Tusc.
930 1536 958 1559 2,
975 1535 1008 1560 54
1026 1537 1047 1555 c.
1059 1537 1085 1561 23
1123 1529 1265 1555 Simillime
1278 1530 1381 1556 animus
1446 1532 1504 1565 plex
1520 1532 1619 1558 mulier
1636 1533 1704 1559 Hor.
1718 1533 1806 1559 Carm.
1822 1542 1842 1564 1,
1856 1542 1876 1566 ς,
1893 1541 1914 1566 ς.
2003 1536 2080 1562 Aetas
2094 1536 2202 1570 simplex
2221 1538 2282 1566 Stat.
2299 1540 2378 1567 The

333 1560 484 1586 intentione
498 1560 542 1585 sua
555 1559 663 1594 depellit
676 1561 785 1594 pressum
804 1571 912 1588 omnem
932 1563 1095 1597 ponderum:
1131 1565 1280 1591 remissione
1293 1573 1382 1592 autem
1400 1567 1437 1592 40
1447 1567 1560 1593 Martial.
1578 1576 1614 1599 10,
1629 1576 1659 1593 20
1680 1569 1727 1594 Tu
1742 1568 1809 1595 mihi
1824 1569 1984 1603 simplicibus
1998 1571 2073 1598 Mani
2088 1572 2200 1600 dilectus
2214 1574 2247 1601 ab
2256 1576 2346 1609 annia,
2359 1597 2366 1604 .
2381 1591 2388 1602 x

338 1595 371 1621 sic
390 1604 514 1629 vrgetur,
542 1601 570 1621 vt
593 1596 618 1621 se
638 1603 751 1630 nequeat
772 1598 908 1624 extollere.
948 1606 954 1614 ·
1016 1599 1089 1626 Idem
1104 1609 1151 1634 pro
1166 1601 1235 1635 Lege
1250 1602 1311 1635 Agr.
1326 1610 1346 1633 1,
1361 1611 1381 1633 13
1445 1608 1543 1629 textata
1559 1603 1642 1628 cultus
1656 1603 1986 1637 amicitia‚<i.Puerilibus,
2001 1607 2044 1633 vbi
2052 1607 2219 1641 simulationi,
2232 1611 2392 1648 onibitionifi'

335 1641 357 1657 c.
371 1641 388 1663 4
412 1632 464 1657 Hic
478 1638 564 1657 tamen
578 1632 677 1665 excipit
691 1633 860 1666 Pompeium:
895 1633 1028 1660 simillime
1041 1642 1069 1661 vt
1082 1636 1151 1662 mihi
1166 1636 1282 1668 videtur,
1302 1644 1381 1670 atque
1442 1638 1496 1671 bus,
1511 1638 1616 1664 nondum
1629 1640 1695 1665 Iocus
1710 1639 1752 1673 ist.
1868 1641 1972 1668 Bonum
1984 1641 2092 1677 simplex
2106 1651 2130 1670 et
2146 1653 2240 1672 verum
2271 1646 2326 1674 Cic.
2338 1648 2380 1674 Α7

335 1666 364 1693 in
385 1666 430 1692 illa
449 1667 521 1701 lege,
548 1675 599 1700 qua
619 1668 753 1701 peregrini
766 1669 849 1695 Roma
869 1669 1033 1703 eliciuntur,
1060 1672 1219 1707 Glaucippus
1238 1673 1379 1707 excipitur.
1443 1674 1526 1701 Cibus
1540 1674 1664 1708 simplex,
1677 1676 1741 1701 nullo
1754 1675 1907 1702 condimento
1919 1685 2066 1713 corruptus,
2085 1679 2203 1707 Martial.
2221 1692 2249 1711 4,
2262 1691 2304 1714 30.

334 1702 525 1728 Adulterantur
537 1704 610 1728 vitro
632 1702 764 1729 simillime
784 1704 849 1730 Plin.
865 1712 903 1738 37,
916 1712 942 1739 7.
1445 1718 1478 1743 ιι,
1494 1718 1520 1741 53
1557 1710 1670 1736 Homini
1685 1711 1758 1737 cibus
1773 1711 1922 1738 vtiliffimus
1936 1712 2052 1747 simplex.
2139 1716 2213 1753 Conf.
2227 1717 2295 1744 Tac.
2309 1714 2388 1750 δαί-ιιι.

371 1743 384 1763 s
396 1745 404 1762 1
416 1744 437 1763 M
450 1745 476 1763 11
494 1744 532 1764 1G
543 1744 558 1763 Ε
568 1744 588 1763 Ν
601 1744 620 1762 V
630 1745 654 1770 s,
675 1747 700 1771 a,
721 1748 773 1768 um,
810 1740 962 1766 Admiscere
974 1741 1021 1767 sibi
1036 1741 1181 1777 similigena
1202 1743 1273 1770 Cael.
1285 1743 1376 1770 Aurel.
1395 1745 1574 1778 45Q11n6ii1.
1594 1747 1627 1778 6,
1641 1754 1669 1778 3,
1693 1753 1718 1776 13
1755 1746 1853 1773 Salsum
1867 1748 1948 1782 igitur
1962 1750 2024 1782 erit,
2039 1750 2109 1784 quod
2123 1760 2177 1778 non
2191 1753 2242 1779 erit
2257 1754 2384 1786 infinitum.

335 1773 412 1800 Acut.
427 1781 450 1805 2,
464 1782 501 1805 19.
542 1774 622 1809 Vulgo
636 1775 809 1809 Homogenea
824 1783 952 1806 rorantur,
968 1778 991 1812 s
1008 1777 1141 1805 fimilaria.
1443 1780 1576 1814 quoddam
1590 1780 1698 1815 simplex
1712 1782 1842 1808 orationis
1856 1784 2063 1812 condimentum.
2172 1789 2272 1815 Domus
2291 1789 2385 1824 simplet

371 1814 383 1834 S
393 1808 456 1834 ιΜῖ
466 1820 478 1833 1,
491 1815 521 1840 ο,
539 1812 591 1834 Ere.
620 1808 724 1841 [ὅμοιέω
737 1811 872 1837 Onomast.
886 1812 961 1846 Vet.]
996 1813 1101 1848 Referre
1114 1814 1226 1849 aliquid,
1245 1817 1263 1840 ι’.
1272 1813 1379 1848 similem
1441 1817 1494 1842 scia
1506 1816 1629 1842 fraudum
1650 1817 1712 1843 Stat.
1727 1818 1791 1843 Silu.
1807 1827 1827 1850 3,
1844 1827 1863 1851 1,
1878 1828 1912 1850 32.
2007 1821 2099 1848 Homo
2113 1822 2236 1858 simplex,
2255 1832 2384 1860 aporema]

333 1842 386 1877 ‘ff’-
443 1843 559 1870 Martial.
575 1853 603 1875 ε,
618 1852 642 1876 35
663 1846 754 1877 Qium
769 1845 817 1871 sint
831 1855 905 1872 crura
921 1847 987 1879 tibi,
1008 1848 1120 1875 similent
1136 1859 1201 1884 quae
1216 1859 1313 1876 cornua
1329 1851 1380 1876 Lu·
1442 1850 1519 1883 Ham,
1532 1851 1745 1885 nihilfimulutum
1762 1853 1852 1880 habens
1872 1856 1929 1882 Cic.
1943 1856 2021 1882 Acad.
2035 1867 2057 1888 4,
2075 1865 2120 1885 112.
2208 1860 2280 1887 Idem
2293 1859 2323 1887 de
2332 1861 2381 1887 Nat

333 1888 392 1910 nae,
411 1886 457 1906 etc.
552 1879 703 1912 Pisciculus,
724 1881 771 1915 qui
786 1890 883 1916 equum
900 1883 1033 1909 marinum
1046 1884 1141 1911 similat
1180 1886 1262 1911 Marc.
1278 1887 1378 1920 Empir.
1442 1895 1468 1918 2,
1483 1895 1533 1919 144
1554 1887 1711 1913 Flexuosum
1727 1889 1778 1914 iter
1790 1889 1879 1921 habet,
1895 1899 1927 1916 ne
1939 1891 2004 1925 quid
2020 1894 2119 1919 intrare
2132 1894 2215 1928 poslit,
2229 1892 2359 1931 sisimplex
2372 1905 2384 1922 e
2404 1908 2408 1924 L

332 1924 353 1942 c.
367 1920 391 1944 8.
449 1913 512 1946 Sed,
532 1914 597 1949 quod
613 1918 641 1941 in
655 1922 719 1942 Ass
729 1922 772 1942 1M
782 1923 791 1942 1
801 1923 844 1943 LO
864 1917 1121 1955 obseruauimus‚fere
1135 1922 1230 1947 malunt
1244 1924 1297 1947 viri
1310 1920 1380 1947 docti
1393 1927 1425 1953 50
1444 1922 1516 1948 6111111
1531 1928 1640 1955 pateret.
1712 1924 1906 1952 Medicamenta
1919 1926 2047 1961 simplicia
2065 1928 2186 1956 Scribon.
2201 1934 2243 1966 67.
2255 1940 2302 1962 103.
2317 1938 2362 1966 178.
2401 1956 2403 1960 ,

332 1957 430 1977 stV
442 1956 458 1975 L
471 1956 490 1976 O
511 1959 536 1976 υ.
555 1959 581 1976 v.
1444 1957 1534 1984 bilitas
1554 1957 1635 1984 Ouid.
1651 1957 1714 1985 Fast.
1732 1968 1754 1992 2,
1768 1968 1824 1993 225.
1932 1962 2035 1989 Natura
2049 1962 2154 1999 simplex
2170 1967 2251 2000 pollet
2261 1966 2334 1993 vnius
2347 1967 2384 1992 De
2411 1982 2413 1987 ν

368 1992 381 2011 s
393 1992 401 2011 1
414 1992 438 2012 M
449 1992 457 2010 1
467 1993 484 2012 L
494 1992 503 2010 1
513 1992 534 2012 T
545 1988 566 2012 V
576 1993 595 2014 D
605 1992 635 2018 O,
647 1986 709 2013 inis.
746 1986 766 2013 f.
803 1986 940 2020 [ὅμοιά-της,
954 1988 1089 2025 ἔμφέρειικ]
1125 1990 1271 2024 Reifimilis
1279 1992 1377 2028 forma.
1443 1993 1513 2019 dent.
1530 1992 1556 2018 in
1571 1994 1692 2020 Romano
1706 2004 1732 2020 v.
1747 2004 1800 2027 32⁴·
1872 1996 1974 2024 Natura
2007 1999 2079 2025 vocis
2116 2000 2222 2036 simplex
2256 2001 2378 2034 Qu'nffll.
2400 2013 2401 2017 ¹

330 2021 388 2048 Cic.
398 2021 451 2048 Off.
467 2031 485 2052 1,
499 2023 530 2055 56
549 2029 608 2056 c.t7
625 2021 708 2048 'Nihil
722 2029 809 2049 autem
829 2024 987 2057 amabilius,
1006 2035 1052 2052 nec
1067 2027 1214 2060 copulatius
1229 2036 1307 2060 quam
1322 2037 1378 2054 mo-
1443 2030 1494 2055 Res
1507 2028 1613 2061 simplex
1633 2029 1753 2057 Scribon.
1767 2039 1804 2064 19.
1828 2032 1860 2057 al.
1877 2032 1993 2067 Simplex
2010 2035 2233 2065 medicamentum.
2252 2062 2255 2064 ,
2332 2036 2385 2062 Rur
2400 2045 2429 2070 ts¹

333 2066 392 2084 rum
402 2055 546 2083 similitudo
563 2057 707 2084 bonorum.
824 2059 925 2093 Species
941 2060 1122 2088 similitudinis
1149 2063 1268 2088 Scribon.
1288 2073 1309 2089 c.
1326 2071 1378 2095 ¹99-
1442 2063 1520 2098 plicia
1543 2064 1610 2090 Plin.
1627 2073 1660 2096 1.,
1673 2074 1691 2091 1.
1801 2067 1889 2093 Verba
1908 2068 1976 2097 Suet.
1989 2070 2059 2098 Tib.
2074 2081 2095 2098 c.
2110 2075 2146 2099 61.
2251 2071 2300 2097 Via
2312 2079 2386 2097 morti
2401 2077 2430 2097 ιι·

330 2091 372 2119 Ad
385 2092 596 2125 similitudinem,
623 2093 677 2119 vid.
694 2099 738 2119 AD
756 2093 988 2128 Praepositionem.
1094 2097 1251 2124 Similitudo
1265 2098 1378 2132 periculi
1392 2107 1421 2134 ςς
1441 2105 1497 2126 erat
1510 2098 1617 2133 simplex
1643 2101 1714 2135 Virg.
1729 2102 1826 2137 Georg.
1841 2112 1862 2135 3,
1876 2109 1935 2137 482.
2030 2107 2135 2134 Vtilitas
2146 2101 2244 2141 limplzx
2261 2105 2383 2141 Qtinffll.
2401 2123 2402 2132 1
2422 2123 2431 2141 ¹.

330 2129 387 2155 Cic.
402 2129 478 2155 Vei-r.
492 2136 515 2161 5,
530 2136 565 2161 94
581 2137 602 2154 c.
612 2131 648 2159 36.
673 2131 692 2154 i.
706 2129 789 2162 fimilc
796 2131 944 2164 periculum.
1050 2132 1205 2158 Similitudo
1220 2134 1278 2160 veri
1311 2134 1378 2159 Plin.
1442 2135 1577 2169 Simplicia
1596 2135 1715 2163 Scribon.
1731 2138 1776 2171 Ep.
1785 2144 1833 2172 sm.
1870 2142 1898 2165 it.
1914 2141 2008 2176 Comp,
2022 2151 2062 2177 72,
2089 2148 2107 2169 ι’,
2120 2142 2286 2169 medicamenta
2297 2150 2345 2167 non
2359 2150 2384 2166 co
2401 2146 2431 2177 oss

330 2172 371 2196 34,
384 2171 408 2198 7.
520 2163 651 2198 Abripere
664 2172 678 2190 a
692 2164 806 2198 parentis
819 2164 992 2191 similitudine
1006 2166 1091 2193 filium
1105 2175 1197 2195 natura
1207 2168 1302 2196 dicitur
1321 2170 1379 2195 Cic.
1441 2178 1477 2197 to.
1581 2171 1694 2206 Compar.
1732 2174 1792 2200 Hor
1814 2174 1894 2201 Set-m.
1910 2185 1928 2208 1,
1944 2186 1963 2208 3,
1978 2182 2004 2208 63
2036 2177 2184 2213 Simplicior
2199 2177 2216 2202 si
2229 2178 2301 2209 quis,
2315 2175 2387 2209 quale
2401 2183 2425 2205 ,ι’

331 2200 410 2226 Verr.
424 2206 437 2231 3
457 2208 478 2225 c.
492 2207 528 2225 12.
564 2203 583 2225 i.
603 2199 740 2234 dissimilem
753 2199 861 2226 reddere.
971 2201 1101 2229 Accedere
1123 2204 1154 2230 ad
1175 2204 1379 2231 similitudinem
1443 2208 1517 2240 saepe
1545 2205 1660 2233 libenter
1695 2208 1847 2235 Obtulerim
1869 2211 1919 2237 tibi
1935 2213 2079 2240 Mecaenas.
2182 2211 2256 2246 (3011]-
2270 2210 2380 2236 Μὲῐῐὶὸι-
2410 2220 2424 2248 5„

330 2235 444 2261 alicuius
462 2235 513 2267 rei,
548 2235 675 2269 Arripere
690 2235 802 2262 alicuius
821 2235 1040 2268 similitudinem,
1075 2239 1128 2264 vid.
1142 2239 1183 2265 hh.
1199 2249 1242 2265 υυ.
1340 2240 1377 2266 Si·
1442 2244 1548 2275 Qtanto
1582 2242 1617 2268 est
1650 2243 1808 2277 simplicius,
1829 2244 1988 2273 beneficium
2006 2256 2140 2282 acceptum
2157 2255 2253 2282 augere
2278 2245 2362 2271 Senec.
2381 2254 2388 2271 t
2408 2250 2422 2276 ἢ

331 2270 485 2297 militudine
499 2271 554 2297 veri
570 2271 626 2304 capi
648 2271 755 2305 Liu.25,
770 2274 808 2298 16.
916 2271 1029 2299 Eludere
1043 2272 1228 2300 similitudines
1248 2275 1379 2307 Quinctil.
1392 2271 1427 2296 60
1440 2277 1493 2304 nef.
1509 2285 1535 2310 2,
1550 2282 1576 2307 28
1588 2286 1629 2312 pr.
2417 2296 2420 2304 ι

330 2314 354 2339 ς,
370 2315 401 2337 ¹3·
434 2305 555 2341 defigura
572 2307 708 2333 rhetorico.
799 2307 902 2333 Ducere
918 2307 1121 2336 similitudinem
1150 2311 1207 2336 Cic.
1224 2310 1250 2336 in
1265 2312 1339 2337 Orat.
1354 2320 1379 2344 9.
1481 2319 1494 2339 s
1507 2320 1515 2338 1
1528 2320 1553 2339 Μ
1564 2320 1579 2337 r
1590 2320 1606 2338 L
1617 2320 1625 2338 1
1636 2313 1730 2339 CYTA
1743 2319 1756 2339 s
1767 2333 1776 2345 ,
1799 2312 1857 2340 atis.
1877 2314 1897 2340 f.
1934 2313 2072 2348 [inm-rm,
2087 2317 2212 2351 α’φὲλαα]
2254 2314 2388 2350 Virtutis]
2415 2315 2418 2331 *¹

329 2341 385 2367 vid.
407 2342 518 2367 Formam
537 2342 642 2367 alicuius
655 2342 761 2376 fucere,
784 2345 812 2368 in
834 2349 960 2370 FORMA.
1058 2345 1164 2372 Habere
1178 2345 1378 2373 similitudinem
1442 2358 1496 2375 men
1508 2346 1540 2381 cst
1556 2348 1632 2379 illius,
1648 2357 1707 2382 quoe
1720 2351 1809 2374 malam
1824 2358 1914 2375 omnem
1928 2350 2180 2385 dfflimulat1'oncm‚et
2192 2353 2389 2386 occultationem

295 2376 298 2384 '
330 2377 405 2404 Inter
419 2377 443 2402 se
480 2375 553 2402 Idem
566 2376 633 2402 Phil.
648 2385 671 2408 13
690 2386 712 2402 c.
730 2385 760 2408 ¹3-
866 2379 921 2404 Cic.
936 2379 1020 2405 Tusc.
1036 2389 1064 2413 2,
1078 2390 1111 2415 54
1130 2390 1186 2414 c.23
1227 2382 1290 2408 Sunt
1306 2383 1378 2409 enim
1441 2388 1491 2410 tiae
1505 2382 1601 2416 nostrae
1614 2383 1730 2409 extrudit.
1766 2383 1881 2409 Martial.
1895 2393 1933 2413 10,
1946 2393 1981 2418 47
1998 2386 2113 2412 Prudens
2128 2387 2287 2420 simplicitas,
2305 2395 2378 2420 pares

330 2411 460 2446 quaedam
475 2412 558 2438 animi
571 2411 758 2438 similitudines
773 2420 831 2438 cum
846 2421 966 2446 (OYPOre-
1443 2419 1564 2454 Superest
1585 2419 1710 2445 alterutra
1730 2427 1761 2444 ex
1784 2424 1856 2451 parte
1875 2418 2006 2444 iudicium
2020 2427 2093 2446 tuum
2109 2431 2115 2446 ε
2151 2422 2177 2447 iu
2193 2431 2246 2455 quo
2262 2422 2329 2447 mihi
2343 2430 2389 2457 aeq

368 2455 380 2474 s
391 2454 399 2472 l
412 2454 437 2474 M
449 2454 458 2472 1
469 2446 535 2473 LTT
546 2453 565 2472 Α
577 2454 607 2479 s,
626 2447 685 2473 atis.
720 2447 740 2472 f.
776 2446 922 2480 [ὁμοίωσις]
977 2449 1117 2483 Antiquom
1135 2457 1181 2484 pro
1199 2452 1377 2478 similitudine.
1393 2453 1425 2483 63
1444 2457 1527 2481 cunda
1543 2455 1593 2480 erit
1610 2453 1759 2488 simplicitas
1774 2454 1943 2480 diffentientis
1958 2463 2035 2489 quam
2050 2455 2247 2489 comprobantis
2261 2456 2397 2484 aue‘loritai·

329 2483 430 2511 Caecil.
443 2481 508 2517 apud
520 2482 594 2509 Non.
610 2491 631 2513 2,
647 2488 688 2513 827
708 2482 777 2508 Vide
790 2482 855 2516 quid
875 2483 941 2509 ferat
959 2491 1063 2509 morum
1079 2483 1208 2511 similitas.
1265 2487 1308 2512 Ne
1321 2495 1376 2512 cae·
1444 2490 1522 2521 Epist.
1537 2498 1559 2519 3,
1573 2500 1591 2521 4
1606 2497 1671 2514 extr.
1780 2489 1938 2515 Fabularum
1954 2491 2135 2517 conuiualium
2150 2491 2298 2526 simplicitas
2317 2493 2391 2519 Tacit

330 2525 403 2546 terae
417 2517 520 2544 easdem
532 2517 644 2543 habeant
660 2517 731 2543 inter
743 2518 768 2542 se
781 2524 889 2544 naturae
902 2527 992 2544 rerum
1007 2518 1151 2546 ssmilitates
1168 2521 1274 2546 Vitruu.
1284 2530 1308 2553 9,
1317 2530 1342 2553 9.
1360 2536 1366 2545 1
1443 2526 1468 2552 6,
1485 2532 1506 2553 ς,
1521 2531 1541 2553 3·
1651 2523 1739 2548 Inerat
1752 2523 1901 2556 simplicitas
1916 2532 1941 2550 et
1956 2525 2117 2553 liberalitas:
2154 2536 2230 2559 quae,
2242 2529 2289 2554 nisi
2302 2528 2362 2556 adsit
2378 2538 2392 2556 11

369 2562 399 2581 SI
411 2560 434 2580 M
447 2561 456 2578 1
467 2552 503 2579 [ἵ
517 2559 538 2579 Τ
551 2560 604 2583 ER.
626 2552 693 2579 Adu.
732 2551 845 2586 [ὃμοὶως,
861 2555 1048 2588 nonfuit-lucinas]
1085 2556 1195 2587 Pariter,
1207 2556 1286 2581 codem
1300 2556 1378 2583 modo.
1442 2559 1471 2584 iu
1484 2557 1596 2583 exitium
1611 2563 1753 2583 vertuntur
1790 2558 1858 2585 Tac.
1872 2560 1944 2591 H.,3,
1958 2563 1999 2592 86,
2015 2569 2036 2591 3.
2145 2563 2292 2591 Conuic'ius
2317 2564 2377 2599 Pliu.

331 2590 390 2618 Cic.
405 2598 454 2623 pro
468 2589 543 2615 Rosc.
558 2589 648 2615 Amer.
664 2597 676 2621 3
696 2588 750 2622 Ego
764 2589 844 2614 etiam
857 2588 874 2614 si
888 2589 978 2614 omnia
991 2598 1058 2623 quae
1071 2589 1182 2616 dicenda
1204 2591 1275 2621 sunt,
1295 2591 1380 2617 libere
1444 2601 1476 2624 3¹.
1550 2593 1623 2627 Conj.
1638 2593 1662 2619 h.
1676 2595 1691 2619 l.
1708 2592 1802 2619 Buchn.
1921 2595 1972 2620 Vir
1987 2596 2159 2630 simplicitatis
2172 2599 2374 2630 Generofiffimae

332 2626 446 2656 dixero,
464 2633 632 2658 nequaquam
646 2630 734 2651 tamen
746 2623 866 2650 similiter
876 2625 964 2650 oratio
978 2633 1035 2650 mea
1055 2626 1130 2651 exire
1149 2631 1228 2660 atque
1248 2626 1274 2651 in
1287 2627 1381 2660 vulgus
1390 2633 1426 2661 70
1446 2637 1468 2660 2,
1485 2637 1534 2660 125,
1548 2635 1570 2660 ς.
1654 2628 1802 2654 locantium
1823 2628 1910 2654 Senec.
1925 2629 1956 2656 de
1971 2631 2058 2657 Benef.
2074 2635 2143 2664 3‚26.
2239 2635 2312 2663 Hanc
2325 2634 2397 2671 ,simpl-

331 2669 455 2688 emanare
478 2661 584 2694 poterit.
691 2659 764 2686 Idem
779 2659 811 2685 de
827 2659 889 2685 Nat.
904 2660 1015 2692 Deor.3‚
1031 2667 1043 2689 8
1065 2669 1106 2691 ας
1144 2661 1193 2687 Tu
1206 2666 1294 2687 autem
1315 2662 1380 2696 quid
1445 2670 1504 2690 tuae
1523 2662 1683 2697 veritatique
1701 2664 1812 2697 gratiam
1834 2664 1960 2698 relaturi,
1973 2673 2001 2693 vt
2017 2673 2059 2699 te,
2077 2677 2144 2701 quae
2157 2668 2207 2700 vis,
2221 2670 2289 2698 velle
2306 2682 2314 2703 3
2349 2679 2398 2706 quas

331 2696 454 2730 quaeris?
490 2695 610 2722 similiter
624 2695 696 2727 facis,
708 2704 737 2721 ac
750 2694 767 2721 si
783 2704 826 2721 me
840 2703 924 2728 rogeS,
933 2704 979 2722 cur
994 2702 1019 2722 te
1033 2695 1136 2722 duobus
1151 2704 1277 2723 contuear
1289 2697 1383 2723 oculis.
1446 2699 1497 2731 vis,
1511 2698 1582 2724 nolle
1597 2699 1732 2724 credamus
1752 2699 1818 2725 Plin.
1833 2699 1924 2733 Pane-g.
1940 2710 1953 2726 c
1975 2710 2015 2735 54.
2086 2704 2154 2730 Add.
2169 2705 2236 2732 ibid.
2249 2716 2269 2733 c.
2283 2718 2306 2738 4.
2390 2709 2394 2730 '-

331 2733 389 2759 Cic.
404 2731 518 2766 Philipp.
533 2741 557 2763 1,
577 2739 593 2764 9
619 2740 641 2757 c.
661 2741 688 2765 4.
783 2731 881 2765 Neque
904 2739 969 2757 vero
989 2731 1066 2757 illum
1087 2731 1209 2759 similiter
1229 2738 1309 2766 atque
1329 2733 1382 2767 ipse
1447 2734 1479 2761 de
1498 2734 1622 2768 Tranqu.
1644 2735 1692 2760 An.
1713 2744 1734 2760 c.
1757 2742 1789 2767 ις.
1897 2736 1977 2763 Nuda
1998 2737 2147 2772 simplicitas
2179 2741 2259 2769 Ouid.
2274 2743 2394 2775 Amor-I,

332 2776 419 2800 eram,
438 2774 601 2793 commotum
615 2767 662 2792 esse
676 2765 743 2792 vidi.
859 2766 932 2792 Idem
953 2766 1005 2793 Off.
1019 2775 1045 2799 1,
1063 2772 1096 2802 87
1115 2777 1137 2794 c.
1150 2776 1180 2801 23
1202 2768 1332 2794 Similiter
1346 2770 1383 2794 fa·
1446 2770 1496 2796 Vir
1508 2771 1535 2795 in
1550 2776 1650 2796 tautum
1664 2769 1759 2801 bonus,
1773 2771 1801 2795 in
1815 2778 1942 2803 quantum
1963 2773 2085 2800 Humana
2103 2774 2251 2810 fimplisitas
2271 2777 2384 2813 intelligi

335 2812 396 2830 cere
409 2811 464 2835 eos,
485 2802 531 2837 qui
547 2803 617 2829 inter
635 2803 660 2828 se
679 2800 877 2833 contenderent,
894 2808 953 2829 vter
966 2803 1059 2837 Remp.
1079 2804 1166 2837 potius
1179 2804 1383 2836 adminifliaret,
1397 2806 1428 2833 75
1446 2806 1514 2831 Vell.
1529 2815 1550 2837 2,
1562 2813 1602 2838 43,
1617 2815 1638 2836 4.
1715 2804 1798 2831 Rudis
1812 2805 1962 2840 simplicitas
1982 2810 2063 2836 Ouid.
2080 2813 2110 2837 de
2118 2812 2182 2838 Arte
2190 2813 2247 2839 Am.
2262 2822 2281 2845 3,
2294 2822 2340 2846 113.

333 2846 364 2866 vt
387 2838 404 2865 si
424 2844 518 2865 nautae
539 2839 610 2865 inter
629 2838 654 2864 se
679 2843 824 2869 certarent,
853 2838 913 2872 quis
933 2847 1026 2864 eorum
1041 2839 1198 2873 potissimum
1213 2840 1383 2873 gubernaret.
1446 2840 1561 2868 Martial.
1578 2849 1597 2872 1,
1612 2849 1650 2873 39.
1756 2841 1876 2868 Gloriari
1891 2843 2057 2877 simplicitate
2076 2847 2207 2880 Quinffil.
2221 2857 2244 2881 ς,
2255 2855 2278 2881 7.

335 2875 402 2902 Plin.
418 2882 450 2905 11,
464 2883 491 2907 ²5
510 2874 639 2900 Similiter
651 2873 693 2900 his
706 2879 730 2898 et
748 2873 904 2907 scorpiones
924 2874 1057 2900 terrestres
1068 2894 1074 2904 ,
1094 2876 1254 2901 vermiculos
1267 2884 1384 2902 ouorum
1486 2884 1500 2904 S
1511 2884 1519 2902 1
1529 2883 1553 2903 Μ
1562 2883 1576 2902 Ρ
1587 2882 1602 2901 1.
1613 2883 1621 2901 1
1632 2874 1698 2903 Ci‘r
1709 2882 1725 2902 E
1734 2882 1762 2902 R.
1789 2876 1857 2903 Adu.
1894 2879 2006 2913 [hrain
2023 2881 2150 2913 οἶπλοικιῖς,
2162 2882 2271 2915 εἰσάπαξ,
2284 2881 2374 2918 oiri-Mi]

335 2911 421 2945 specie
448 2909 564 2944 pariunt.
668 2908 806 2943 Capitibus
834 2908 956 2936 similiter
988 2909 1110 2937 Scribon.
1142 2920 1192 2941 194.
1255 2914 1273 2938 i.
1305 2913 1385 2938 uclun'
1446 2919 1538 2947 operte.
1592 2913 1658 2938 Cum
1672 2911 1783 2945 simplici
1801 2912 1911 2939 homine
1923 2915 2076 2950 simpliciter
2091 2919 2202 2951 Agerent
2223 2918 2279 2944 Cic.
2291 2918 2370 2946 Acad.
2384 2929 2395 2951 4

333 2949 428 2981 capita.
523 2946 635 2980 Compar.
654 2945 746 2971 Scurra
762 2943 847 2970 multo
863 2945 974 2970 similius
993 2945 1111 2972 invitatus
1151 2946 1260 2973 Phaedr.
1274 2957 1296 2979 5,
1311 2955 1332 2982 ς,
1345 2956 1387 2981 34.
1447 2949 1514 2975 Plin.
1529 2947 1606 2981 Epist.
1622 2956 1642 2979 s,
1657 2955 1668 2978 3
1688 2948 1779 2973 Amice
1793 2955 1818 2974 et
1832 2949 1984 2984 simpliciter
1998 2952 2227 2986 reprehenderunt,
2320 2954 2392 2981 Idem

371 2988 384 3008 s
395 2988 403 3007 1
413 2988 436 3007 M
448 2987 456 3005 1
466 2987 488 3007 ‘r
499 2986 530 3007 V.
571 2978 668 3014 [ἅμα]
704 2986 754 3014 pro
767 2979 848 3005 Simul
861 2980 961 3015 posuere
974 2987 1077 3007 veteres.
1173 2982 1254 3008 Plaut.
1269 2983 1349 3009 Stich.
1366 2992 1386 3015 1,
1402 2986 1434 3010 80
1449 2992 1471 3017 ς,
1488 2993 1500 3009 2
1517 2983 1635 3017 Recipies
1644 2991 1706 3017 ergo
1718 2983 1839 3018 epistolas
1855 2985 1955 3012 steriles
1968 2993 1993 3013 et
2005 2987 2157 3022 simpliciter
2171 2989 2301 3023 ingratas,
2316 2990 2341 3016 h.
2352 3000 2370 3017 e.
2381 2993 2401 3024 1¹21

337 3025 362 3049 3,
377 3025 413 3049 94
433 3017 469 3041 Vt
485 3024 588 3041 mecum
604 3016 691 3041 simitu
709 3016 762 3041 ires
781 3015 812 3041 ad
832 3016 884 3041 sese
897 3024 966 3041 tuine
980 3016 1099 3042 domum.
1208 3019 1248 3044 Sic
1266 3018 1385 3053 Amphit.
1442 3020 1575 3056 fatentes,
1596 3027 1630 3044 me
1648 3019 1713 3044 nihil
1724 3020 1809 3046 hahere
1823 3021 1890 3056 quod
1900 3030 2021 3057 reponam.
2118 3024 2173 3050 Cic.
2188 3025 2216 3050 in
2230 3025 2330 3059 Topic.
2343 3032 2376 3060 84
2391 3030 2396 3051 l

336 3059 438 3086 2,1‚137
459 3051 523 3078 Non
537 3051 608 3078 enim
624 3059 674 3084 ego
689 3060 747 3077 cum
761 3051 826 3076 vino
844 3050 930 3078 simitu
944 3051 1018 3077 ebibi
1034 3052 1176 3086 imperium
1191 3060 1273 3080 tuum.
1347 3055 1385 3081 Id.
1448 3061 1536 3081 autem
1550 3054 1781 3089 quaeritur,quale
1794 3056 1822 3082 id
1838 3057 1874 3088 sit,
1888 3064 1932 3084 aut
1945 3057 2098 3091 simpliciter
2112 3060 2260 3093 quaeritur,
2269 3067 2313 3087 aut
2327 3070 2394 3088 com·

334 3087 553 3120 Trin11n1.52,1,
575 3096 583 3113 1
607 3086 703 3113 Multas
721 3095 762 3112 res
783 3086 871 3113 simitu
885 3087 913 3113 in
928 3096 989 3113 meo
1010 3088 1090 3113 corde
1104 3090 1189 3115 verso.
1225 3089 1295 3126 cons.
1310 3089 1384 3116 Idem
1449 3091 1523 3126 Conf.
1545 3090 1614 3116 Idem
1636 3090 1712 3116 Acad.
1743 3100 1752 3117 1
1773 3101 1794 3117 c.
1816 3100 1840 3118 2.
1949 3094 2043 3119 Dicere
2063 3094 2215 3129 simpliciter
2245 3097 2359 3124 Martial.
2379 3106 2388 3124 1

333 3123 406 3150 Men.
420 3132 441 3156 ς,
456 3132 475 3154 1,
489 3130 527 3156 43.
583 3129 606 3149 et
622 3123 705 3151 Merc.
720 3130 746 3155 1,
762 3130 789 3154 2,
810 3127 833 3153 8.
890 3129 913 3150 et
927 3123 1012 3151 Truc.
1026 3132 1035 3150 1
1045 3143 1054 3157 ,
1066 3131 1097 3155 2,
1116 3126 1142 3150 6.
1214 3125 1299 3152 Lucil.
1318 3126 1386 3162 apud
1447 3127 1486 3154 De
1500 3127 1571 3152 causa
1584 3134 1632 3159 pro
1646 3134 1703 3152 mea
1718 3127 1906 3154 consuetudine
1919 3127 2037 3156 breuiter
2050 3129 2253 3165 simpliciterque
2273 3133 2336 3159 Dixi
2365 3133 2403 3160 Ciu

331 3159 407 3187 Non.
421 3167 441 3189 2,
455 3163 508 3191 8¹4-
1284 3185 1286 3187 .
1399 3167 1428 3195 85
1447 3162 1524 3189 Arch.
1537 3167 1601 3188 extr.
1717 3162 1774 3188 Plin
1796 3168 1819 3195 8,
1829 3172 1846 3196 4
1864 3164 1974 3199 Elephas
1988 3165 2096 3191 homine
2110 3166 2193 3193 obuio
2206 3168 2277 3194 forte
2293 3169 2320 3195 in
2334 3168 2403 3202 soliti

367 3202 380 3221 s
392 3201 433 3221 1M
444 3201 452 3219 1
464 3201 482 3221 0
492 3202 507 3220 L
517 3200 537 3218 v
547 3200 571 3226 s,
595 3199 609 3219 s
619 3200 627 3218 1
638 3200 661 3219 M
672 3200 680 3218 1
691 3200 711 3219 ν
721 3200 733 3219 s
743 3213 752 3225 ,
789 3193 843 3219 vid.
857 3199 982 3221 51111111.
1446 3206 1471 3224 et
1485 3197 1636 3232 fimpliciter
1650 3196 1792 3234 oberrante
1805 3199 1917 3226 clemens
1934 3201 2102 3235 placidusque
2116 3203 2195 3229 etiam
2217 3203 2392 3231 demonstrare

368 3236 381 3255 s
393 3237 399 3254 1
411 3237 435 3256 M
446 3236 474 3260 O,
491 3230 559 3255 onis.
595 3238 630 3255 m.
666 3229 794 3255 simones.
831 3229 956 3264 [σίμωνες]
994 3229 1081 3260 Iidem,
1093 3232 1136 3265 qui
1148 3230 1245 3257 etSimi
1265 3230 1331 3258 elifii
1343 3235 1381 3258 vi-
1446 3233 1559 3261 traditur
1572 3243 1577 3258 ι
1612 3235 1630 3257 i.
1643 3234 1698 3264 sine
1711 3234 1809 3266 consilio
1825 3236 1941 3262 venandi.
2037 3237 2198 3272 Simpliciter
2211 3239 2243 3265 ad
2257 3239 2392 3267 necessario

333 3264 441 3296 dentur,
470 3265 498 3291 id
512 3263 559 3297 cli,
572 3267 615 3298 qui
628 3274 701 3290 noi-cs
718 3265 808 3291 hubent
824 3264 931 3300 preffiis.
1037 3266 1148 3291 Comicus
1156 3268 1232 3300 senex
1246 3266 1277 3300 est
1291 3271 1317 3293 in
1332 3269 1383 3294 An·
1448 3270 1559 3304 quisquc
1573 3268 1721 3303 scripserat,
1733 3277 1761 3295 vr
1776 3270 1903 3297 sentiebat
1923 3273 1998 3298 Curt.
2012 3279 2039 3307 7,
2058 3281 2083 3306 2,
2098 3276 2134 3303 36.
2188 3275 2256 3301 Add.
2269 3276 2300 3304 ib.
2309 3283 2338 3311 p.
2346 3283 2374 3312 p.

337 3300 395 3327 dria
409 3300 547 3327 Terentii.
613 3301 649 3325 Ex
663 3301 757 3326 Graeco
769 3300 862 3335 fabula
886 3302 981 3327 Horat.
998 3300 1029 3326 A.
1050 3302 1075 3327 P.
1096 3309 1135 3334 235
1154 3302 1244 3328 Audax
1270 3304 1385 3335 Pythias,
1447 3306 1520 3332 ebria
1534 3303 1684 3338 simpliciter
1707 3305 1822 3331 Martial.
1839 3316 1856 3338 ι,
1872 3312 1908 3336 88.
1944 3310 1962 3332 ί.
1987 3308 2044 3335 Sine
2057 3308 2224 3343 diffimulandi
2236 3318 2334 3338 conatu.
2375 3329 2395 3349 ,ς

336 3335 463 3362 emunfw
477 3335 576 3362 lucrata
589 3335 696 3361 Simone
708 3335 844 3362 talentum.
900 3337 1019 3362 Simoncs
1029 3338 1103 3369 alios,
1123 3346 1181 3372 v-g.
1196 3339 1300 3374 Magum
1314 3341 1384 3365 illurn
1394 3350 1428 3375 90
1448 3341 1500 3368 Off.
1517 3350 1532 3371 1,
1548 3348 1579 3372 92
1613 3340 1681 3364 Haec
1701 3341 1858 3375 praescripta
1877 3343 2034 3376 seruantem,
2053 3344 2114 3371 licet
2127 3346 2253 3379 grauiter,
2268 3346 2376 3381 magnisi

334 3379 358 3397 et
373 3371 577 3404 haer-istarchicm,
597 3380 790 3403 commemorare,
809 3372 875 3397 altus
890 3371 921 3404 est
934 3379 1026 3406 operae.
1224 3371 1243 3410 ff
1261 3383 1275 3400 2
1312 3375 1379 3401 Plin.
1446 3377 1570 3411 moseque
1584 3375 1684 3404 viuere,
1698 3381 1776 3410 atque
1791 3377 1871 3403 etiam
1885 3377 2047 3412 simpliciter,
2067 3379 2190 3413 fideliter,
2208 3387 2233 3409 et
2251 3382 2320 3408 vitae
2343 3383 2397 3409 bois

336 3415 364 3439 9,
377 3412 390 3436 8
411 3408 429 3433 s.
440 3416 452 3439 7
469 3407 497 3433 de
512 3406 654 3442 Delphinis,
675 3406 798 3432 Rostrum
813 3406 921 3437 simum3
949 3416 999 3441 qua
1013 3407 1045 3433 de
1059 3407 1133 3433 causa
1146 3416 1242 3435 nomen
1257 3410 1381 3441 Simonis,
1446 3413 1537 3438 amice.
1561 3427 1568 3431 .
1652 3410 1767 3437 Multum
1784 3411 1889 3439 interest
1904 3413 2055 3448 simpliciter
2067 3416 2141 3442 viuas
2155 3425 2187 3442 an
2200 3417 2405 3452 negligenter..

336 3451 427 3468 omnes
440 3451 510 3469 miro
524 3442 606 3469 modo
619 3442 762 3476 agnoscunt
781 3442 934 3477 maluntque
956 3443 992 3469 ita
1013 3442 1148 3477 appellari.
1242 3447 1317 3471 Alias
1329 3450 1380 3472 ium
1446 3449 1488 3474 Ira
1502 3456 1527 3479 2,
1541 3448 1578 3473 16.
1683 3446 1762 3480 Sequi
1783 3446 1905 3475 docentes
1925 3449 2066 3484 simplicius
2097 3452 2225 3485 Quinffll.
2241 3461 2263 3484 2,
2280 3462 2312 3479 12.

335 3477 475 3512 obst-ructui,
495 3478 552 3504 haec
571 3487 619 3503 non
639 3477 722 3504 videri
734 3476 767 3502 ad
780 3480 864 3503 viuum
875 3478 1020 3513 resecanda,
1043 3478 1109 3513 quasi
1126 3483 1254 3512 putauerit
1271 3482 1380 3514 Plinius,
1445 3483 1565 3517 pliciter,
1584 3480 1652 3517 quofi
1670 3480 1740 3507 dicos
1754 3483 1923 3517 Generaliter,
1930 3484 1985 3518 stne
1997 3487 2049 3512 alia
2060 3486 2198 3514 adieetione
2213 3494 2257 3513 aut
2270 3490 2380 3524 interpr*

333 3521 350 3539 a
366 3513 495 3547 Delphinis
515 3514 638 3549 intelligi,
672 3512 733 3548 quid
749 3512 822 3539 Simo
834 3513 979 3549 stgnrjfiss’tt
1006 3514 1081 3550 fique
1098 3513 1175 3540 simos
1195 3516 1296 3542 naribus
1319 3517 1379 3552 {ffi'i
1393 3525 1425 3552 95
1445 3518 1546 3546 Paullus
1564 3517 1591 3543 in
1606 3517 1621 3543 l.
1637 3516 1714 3543 Lecta
1728 3518 1760 3544 D.
1775 3518 1799 3544 Si
1816 3527 1876 3545 cert.
1890 3527 1968 3555 petat.
1997 3521 2103 3549 Pa&um
2123 3529 2223 3555 autem,
2245 3524 2316 3557 quod
2336 3526 2380 3551 su·

337 3556 435 3583 eamque
444 3549 657 3582 pulchritudinem
671 3548 722 3582 qffi‘.
793 3549 834 3576 stc
846 3549 934 3575 habent
942 3550 991 3584 sua
1004 3550 1121 3584 quaedam
1134 3559 1232 3577 nomina
1245 3556 1384 3580 animantes
1444 3555 1513 3585 esset,
1525 3553 1633 3589 quidam
1644 3553 1747 3580 dicebat
1760 3554 1791 3580 ad
1807 3555 1883 3581 sortis
1897 3556 2057 3583 solutionem
2072 3564 2170 3584 tantum
2186 3559 2328 3592 pertinere,
2342 3569 2382 3588 nn„

334 3584 411 3615 aliae,
427 3583 461 3608 ad
473 3593 574 3618 quorum
583 3586 812 3619 pronuntiationem
826 3584 1052 3646 accurreregolent.
1445 3590 1477 3617 ad
1492 3590 1638 3621 vibratum,
1650 3597 1715 3621 quae
1730 3590 1820 3623 priore
1836 3598 1907 3623 parte
1921 3592 2074 3627 simpliciter
2088 3594 2115 3619 in
2135 3593 2331 3626 stipulationem
2349 3604 2399 3624 v-¹.¹
2413 3604 2419 3617 ψ’

373 3625 386 3645 s
397 3625 405 3643 1
415 3625 439 3645 Μ
450 3624 469 3644 O
479 3638 487 3650 ‚
501 3623 553 3646 Ere.
588 3622 744 3655 Deprimere,
762 3623 899 3656 antiquum.
979 3620 1042 3646 ucil.
1053 3620 1120 3655 opud
1132 3621 1203 3647 Non.
1218 3631 1246 3655 2,
1265 3630 1313 3658 771
1342 3623 1379 3650 Si·
1445 3625 1550 3659 leian.
1565 3625 1592 3650 in
1609 3624 1626 3650 l.
1639 3623 1679 3650 Ab
1693 3624 1811 3652 hostibus
1824 3625 1846 3663 §.
1862 3628 1906 3655 vltv
1925 3629 1956 3655 D.
1971 3638 2002 3655 ex
2018 3628 2089 3662 quib.
2106 3629 2173 3655 caus.
2188 3629 2284 3657 maior.
2298 3638 2343 3657 etc.
2389 3655 2393 3660 ,

337 3654 423 3681 mauit
440 3654 522 3680 taxim
539 3654 570 3680 ad
589 3664 662 3681 nares
678 3655 816 3690 delphinus
829 3662 858 3682 vt
872 3656 948 3682 olim.
983 3656 1024 3683 Sic
1037 3656 1147 3682 emendat
1164 3658 1309 3691 Turnebus,
1326 3669 1380 3685 cum
1442 3667 1502 3696 par.
1539 3659 1689 3694 Simplicius
1702 3667 1727 3686 et
1741 3662 1875 3697 antiquius
1890 3665 2084 3697 permutatione
2097 3664 2225 3691 mercium
2244 3671 2354 3693 Vtuntur
2372 3659 2416 3689 ,¹131

336 3693 363 3715 in
382 3692 465 3716 Nonio
477 3691 573 3725 legatur
587 3691 675 3717 Simat.
748 3692 883 3727 Moueiise
894 3691 957 3717 dicit
972 3697 994 3717 et
1002 3691 1138 3726 sententia,
1157 3699 1179 3718 et
1193 3694 1257 3728 quod
1268 3695 1380 3729 delphini
1390 3707 1437 3726 100
1446 3697 1535 3722 Germ.
1552 3705 1575 3728 ς,
1589 3698 1614 3721 6.
1685 3696 1754 3723 Add.
1768 3698 1900 3730 Qiincfful.
1915 3708 1935 3731 1,
1950 3708 1969 3731 3.
2041 3698 2106 3725 Gell,
2120 3708 2148 3731 4,
2163 3708 2198 3733 19.
2271 3702 2343 3728 Curt.
2357 3706 2392 3733 821

329 3724 462 3758 Jimistnt,
480 3724 543 3751 unde
557 3732 580 3751 et
594 3726 701 3752 simonis
715 3730 810 3753 nominc
821 3736 860 3754 eos
872 3727 977 3763 gaudere
984 3727 1083 3753 Plinius
1096 3727 1186 3763 refert.
1249 3730 1317 3756 Haec
1331 3730 1379 3757 ille.
1444 3732 1500 3765 Ego
1514 3739 1542 3756 ac
1555 3738 1583 3756 tu
1597 3730 1777 3764 simplicissime
1792 3735 1861 3760 inter
1875 3744 1922 3761 nos
1937 3734 2017 3761 hodie
2031 3734 2169 3768 loquimur
2190 3736 2257 3764 Tac.
2278 3738 2311 3763 H.
2327 3745 2347 3769 1,
2359 3732 2405 3768 121*¹

337 3760 450 3787 Simauit
467 3765 541 3787 etiam
555 3762 630 3787 MSS.
646 3763 753 3788 Mcrcer.
1481 3773 1494 3791 s
1506 3772 1570 3792 IMP
1583 3773 1598 3791 1.
1610 3773 1617 3791 1
1627 3767 1692 3792 ciT
1703 3775 1721 3793 v
1733 3775 1756 3794 s.
1792 3769 1914 3805 [ἁπλῶς]
1949 3772 2100 3803 Antiquum,
2130 3778 2177 3805 pro
2206 3773 2363 3807 Simpliciter.
2390 3766 2420 3808 ἔπ’

373 3794 521 3828 SIM61s‚
541 3796 615 3825 entis,
645 3805 680 3822 m.
719 3798 844 3833 [Σιμόεις]
880 3798 994 3829 Flauius,
1006 3800 1050 3833 qui
1064 3806 1093 3823 ex
1108 3797 1154 3824 Ida
1167 3806 1246 3825 monte
1263 3801 1375 3827 Troiano
1440 3802 1548 3829 Mercat.
1619 3801 1666 3827 Sed
1687 3812 1743 3829 eam
1762 3804 1917 3839 simplicitus
1937 3805 2020 3831 dicam
2032 3824 2040 3836 ,
2055 3804 2072 3830 si
2089 3814 2170 3839 opera
2187 3807 2223 3833 est
2237 3807 2342 3834 auribus
2353 3805 2422 3841 1215..st

334 3828 458 3864 defluens,
480 3835 552 3858 iuxta
575 3833 678 3858 Troiam
698 3833 806 3859 labitur:
840 3839 865 3859 et
882 3838 947 3860 mari
972 3836 1188 3868 appropinquans,
1209 3837 1376 3871 commiscetur
1436 3845 1462 3868 2,
1474 3842 1525 3868 823.
1595 3838 1627 3875 'ln
1635 3837 1729 3871 fabula
1740 3849 1802 3876 quae
1816 3840 1897 3875 exstat
1908 3849 1933 3872 2,
1940 3849 1966 3874 2,
1980 3847 2005 3873 ις
2023 3840 2151 3875 Dicam,si
2165 3843 2280 3874 videam,
2294 3842 2344 3870 tibi
2356 3840 2397 3869 effe
2406 3840 2423 3859 'e‘

332 3865 450 3897 Xantho,
469 3873 493 3893 et
512 3871 538 3893 in
555 3867 668 3903 paludem
686 3871 793 3903 cogitur.
864 3869 959 3896 Deinde
978 3872 1030 3896 exit
1044 3872 1072 3895 in
1091 3878 1158 3896 mare
1177 3873 1249 3898 iuxta
1262 3873 1490 3912 Sigaeum105ram
1506 3877 1658 3899 antonum.

2394 3907 2423 3934 ill·

1533 4000 1547 4008 .,
