2434 4156
239 121 308 158 ,99
579 96 916 137 REv
1711 92 2005 133 REv
2302 110 2367 143 200

239 195 288 221 stra
301 188 424 217 reuellere
437 191 463 212 et
475 185 615 219 effringere
629 185 775 212 multorum
790 185 862 212 sores
879 185 935 212 Cic.
949 186 1025 213 Verr.
1039 195 1065 219 4,
1080 192 1109 217 52
1124 191 1145 207 c.
1161 189 1200 212 23·
1244 181 1275 207 Et
1342 191 1402 210 ven.
1416 183 1466 210 Sat.
1481 192 1519 216 14,
1532 192 1569 216 44
1601 182 1719 209 Maxima
1739 180 1849 207 debetur
1873 189 1955 215 puero
1968 181 2115 209 reuerentia
2125 201 2133 214 ,
2153 180 2170 207 si
2186 180 2250 216 quid
2283 182 2369 222 Turpe

239 228 296 255 [ω.
310 232 331 255 5,
344 231 368 248 21
395 221 531 248 Reuellere
545 219 653 247 claustra
668 226 813 253 portarum.
920 222 1040 248 Humu'm
1071 217 1176 246 reuellit
1198 215 1275 255 dente
1292 229 1295 232 ·
1343 227 1422 252 paras.
1489 220 1591 245 Exuere
1604 218 1780 244 reuerentiam
1795 217 1902 250 imperii
1922 218 2013 245 Tacit.
2027 218 2095 244 Hisi.
2110 226 2129 247 1,
2142 224 2179 249 55,
2194 226 2220 250 4·
2296 220 2370 248 Inser-

239 258 416 288 Ouid.Amor.
429 266 451 289 3,
466 253 503 286 10,
518 265 556 289 14.
661 255 797 281 Tabulam
810 255 950 289 reuellere,
958 257 985 283 in
1000 265 1051 290 qua
1064 253 1171 280 nomina
1184 257 1276 277 ciuita-
1345 255 1402 280 vire
1416 256 1580 281 reuerentiae
1601 254 1726 285 alicuius,
1757 252 1782 278 h.
1796 261 1815 277 e.
1835 251 1940 286 Deserre
1954 254 2066 280 honorem
2090 253 2157 279 Plin.
2172 253 2198 278 in
2207 253 2298 287 Paneg.
2313 263 2370 284 exer,

238 302 261 321 te
281 293 439 318 donatorum
460 292 539 318 incisa
553 292 609 317 sunt
643 291 778 317 Cic.Fam.
794 299 828 323 ¹3,
840 298 880 326 37.
988 291 1113 318 Titulum
1127 286 1231 312 chartae
1244 286 1276 311 de
1344 288 1435 315 Obstat
1446 290 1523 316 nobis
1538 289 1687 316 reuerentia
1701 288 1824 323 personae
1852 287 1980 326 Quinotil.
1994 298 2020 321 9,
2035 297 2059 315 2.
2164 287 2292 313 Praestare
2305 299 2370 319 reue.

237 330 325 355 fronte
340 328 469 354 reuellere
503 326 584 353 Ouid.
599 334 629 351 ex
645 326 718 352 Pont.
734 335 766 359 4,
780 335 812 358 13,
826 333 851 360 7.
955 327 1013 354 Cic.
1028 329 1055 352 in
1072 323 1156 349 Pison.
1171 329 1200 354 25
1214 330 1235 346 c.
1251 329 1274 346 11
1304 323 1319 349 ⁵
1343 325 1456 351 rentiam
1473 325 1538 352 Plin.
1554 325 1630 359 Epist.
1644 334 1664 356 3,
1679 329 1701 354 8.
1807 321 1915 348 Remtsit
1928 323 2034 351 libertas
2050 324 2226 350 reuerentiam
2247 323 2306 350 Stat.
2315 325 2371 355 Silu.

236 364 268 390 Et
280 363 410 391 absentem
426 363 543 397 principe
556 362 603 387 Cn.
619 362 744 396 Pompeio
753 362 900 393 referente,
919 367 945 388 et
957 362 989 388 de
1003 366 1112 393 corpore
1124 357 1200 391 Reip.
1219 362 1278 381 tuo-
1344 362 1397 392 1‚6,
1411 367 1452 392 45.
1560 361 1690 394 Rumpere
1706 358 1859 385 sacramenti
1874 360 2048 386 reuerentiam
2067 359 2158 385 Tacit.
2172 357 2239 384 Hist.
2253 366 2271 388 1,
2281 367 2356 394 12,1.⁸

237 408 296 425 rum
311 399 436 425 scelerum
450 398 500 423 tela
514 397 666 429 reuellente,
680 402 843 426 reuocarunt,
910 397 982 423 Idem
991 405 1037 431 pro
1046 393 1192 427 Caecin.70
1208 392 1279 431 Nom
1381 402 1400 421 R
1410 402 1426 421 E
1436 401 1480 422 VE
1490 401 1508 421 R
1521 402 1537 421 Ε
1546 403 1597 422 ΝΤ
1606 403 1622 423 E
1632 403 1661 422 R.
1690 394 1758 421 Adu.
1795 391 1962 428 [αἰδημόνως]
1999 393 2147 428 Honorifice.
2185 393 2249 419 Plin.
2263 394 2336 428 Epist.
2347 404 2371 433 7,
2389 421 2391 426 ἲ

239 434 340 468 (11111115
355 435 435 461 ciuile
449 432 669 460 contemnendum
685 438 771 468 putat,
788 432 810 458 is
826 431 931 459 vincula
945 432 1049 459 reuellit
1067 437 1120 455 non
1139 428 1219 467 modo
1240 435 1278 452 111.
1346 437 1371 462 31
1391 430 1463 455 Idem
1477 439 1555 464 quam
1569 437 1736 461 reuerenter,
1756 437 1834 464 quam
1852 428 1966 455 fideliter
1979 430 2074 456 amicos
2089 429 2171 460 colat,
2192 428 2372 460 multorumsu.

240 470 383 503 diciorum,
392 469 432 496 sed
451 469 530 495 etiam
546 468 666 494 vtilitatis
676 488 684 500 ,
699 469 821 502 vitaeque
841 468 997 494 communis.
1100 464 1162 491 Stat.
1177 463 1241 490 Stlu.
1256 469 1279 494 3,
1345 466 1441 498 premis
1455 465 1571 498 iudiciis,
1584 474 1629 493 etc,
1735 464 1904 501 SuetzOGtau.
1914 472 1933 489 c.
1943 472 1972 495 93
1997 465 2195 499 Peregrinarum
2211 464 2371 495 caerimonia.

239 513 265 538 2,
272 513 304 541 57
324 505 439 542 describit
448 502 570 539 diste-llum
584 506 716 530 amicorum
731 505 808 530 altero
820 506 954 539 nauigante
1301 502 1330 520 ¹0
1345 509 1413 532 rum,
1425 501 1487 527 sicut
1500 508 1599 528 veteres
1612 511 1640 528 ac
1654 508 1801 536 praeceptas
1813 499 2014 527 reuerentissime
2033 501 2130 533 coluit,
2150 501 2184 526 ita
2199 498 2309 526 caetefas
2322 510 2373 533 con.
2387 506 2389 509 “

435 541 530 566 Saeuus
544 538 590 565 vbi
605 548 618 565 e
632 541 713 574 puppi
734 540 814 573 longo
826 538 940 565 clamore
961 533 1083 568 magister
1345 537 1440 562 temtui
1464 536 1565 564 habuit.
1682 537 1813 563 Ausonius
1828 535 1916 569 Epigr.
1933 540 1945 564 8
1968 535 2110 562 Fortunam
2134 542 2286 567 reuerenter
2306 536 2373 571 habe,

434 575 540 609 Dissipat
552 574 701 608 amplexus,
717 580 794 608 atque
807 574 901 600 Oscula
922 572 971 598 sida
990 570 1105 603 reuelli«,
1347 570 1497 605 quicunque
1524 577 1629 606 repente
1665 573 1747 599 Diues
1767 570 1799 598 ab
1820 571 1883 597 exili
1904 569 2070 604 progrediere
2094 571 2162 597 loeo.
2270 571 2372 607 Compar,

435 611 492 637 Nec
509 610 617 643 longum
631 619 688 637 cara
701 611 761 635 licet
774 610 801 635 111
817 609 918 635 ceruice
939 607 1048 634 morari.
1250 639 1255 643 ,
1347 605 1414 632 Plin.
1429 607 1506 640 Epist.
1520 613 1544 639 8,
1557 616 1582 633 21
1610 608 1682 642 Lego
1695 608 1765 634 enim
1781 607 1886 637 omnia,
1906 612 1932 632 vt
1945 607 2034 632 omnia
2047 607 2182 633 emendem
2198 617 2203 632 :
2239 606 2310 640 quod
2322 613 2374 636 con.

241 645 383 681 Metaphor.
420 646 476 672 Cic.
491 645 603 679 Philipp.
618 654 651 677 13,
664 647 695 671 26
731 645 760 670 111
785 644 881 678 quibus
901 650 927 668 tu
949 651 975 668 es
988 641 1112 667 videlicet
1125 639 1280 671 consularis,
1348 641 1449 674 tingere
1467 651 1521 668 non
1534 643 1629 676 potest,
1649 643 1732 669 elecIIa
1750 642 1929 669 recitantibus.
1986 642 2019 667 At
2033 641 2098 667 illud
2113 641 2270 674 modestius,
2290 647 2315 668 et
2327 643 2373 676 for.
2388 661 2389 665 ,

241 680 316 707 cuius
328 686 399 707 totus
412 681 558 707 consulatus
575 680 611 706 est
629 689 660 706 ex
680 677 1138 706 omnimonimentorummemoria
1151 674 1280 702 reuulsus.
1300 680 1325 706 ις
1347 677 1406 703 tasse
1427 679 1606 710 reuerentius,
1625 679 1667 704 sed
1691 678 1741 704 hoc
1764 678 1922 712 simplicius,
1943 683 1967 703 et
1980 677 2122 709 amantius,
2142 678 2187 703 vid
2211 677 2283 702 Idem
2291 677 2373 714 Paneg.

243 715 313 742 Dum
329 722 430 742 veteres
444 717 516 742 auias
529 715 580 742 tibi
595 715 626 741 de
640 715 765 749 pulmone
779 714 880 741 reuello
899 714 966 739 Pers.
981 721 1003 745 ς,
1018 721 1060 745 92.
1096 714 1114 738 i.
1137 710 1279 747 superstiti·
1348 720 1393 744 25,
1409 719 1428 738 1.
1536 714 1628 748 superl.
1664 714 1734 741 Suet.
1755 714 1857 741 Neron.
1876 722 1898 740 c.
1913 722 1938 745 23
1958 713 2171 739 Reuerentissime
2191 712 2375 749 alloquebatur,
2388 706 2397 737 l·

242 760 299 778 ones
318 758 341 778 te
360 751 460 777 dedocco
472 751 501 776 ab
514 753 579 776 auiis
592 749 701 783 haustas.
804 748 907 774 Reuelli
920 748 998 774 habet
1019 749 1095 781 Virg.
1111 748 1173 773 Aen.
1190 754 1224 785 ιι)
1232 750 1282 779 787
1346 746 1419 781 Conf.
1439 746 1504 773 Plin.
1517 748 1593 782 Epist.
1601 757 1685 781 1o,32.
2351 775 2354 784 3
2370 748 2375 756 ’

243 793 289 813 ete.
395 786 475 813 Ouid.
490 785 566 820 Epist.
580 788 606 817 6,
619 794 676 818 ¹04·
731 786 761 811 Et
775 785 830 810 Cic.
845 785 898 810 Att.
914 791 937 817 5,
951 793 981 809 20
1002 783 1166 810 Pet-illustres
1179 782 1279 807 fuimus
1382 788 1402 808 R
1415 788 1431 808 Β
1441 782 1534 810 vBR‘l‘
1544 790 1565 810 Τ
1577 792 1597 810 ν
1607 791 1631 816 s,
1643 792 1668 816 a,
1682 793 1738 811 um.
1792 784 1859 811 Geli.
1876 793 1908 816 11,
1931 792 1953 810 11
1992 782 2134 817 Nigidium
2166 783 2262 809 Cicero
2283 783 2374 816 summe
2387 797 2390 812 1

244 827 271 847 et
294 830 385 847 omnes
410 821 522 848 iniurias
541 821 692 847 reuellimus
707 820 862 854 superiores.
970 818 1034 852 Post]
1071 820 1174 844 Lucrct.
1190 826 1209 848 1,
1229 818 1281 842 602
1347 818 1488 844 reueritus.
1601 819 1676 845 Curt.
1690 822 1771 852 6‚2‚8
1789 820 1933 847 Fortunam
1947 820 2064 854 captiuae
2078 819 2216 845 reueritus.
2311 819 2391 851 Ideni

244 857 318 889 Quae
332 856 458 891 quoniam
471 865 518 890 per
534 857 560 883 se
579 862 711 891 nequeunt
724 854 858 880 constare:
893 854 1034 885 necesse'st,
1071 855 1188 881 Haerere
1210 861 1215 876 ι
1252 857 1280 877 vt
1295 862 1330 881 20
1347 862 1370 886 3,
1385 861 1418 886 13,
1433 861 1462 887 17
1481 852 1559 886 Regis
1577 854 1663 880 vicem
1682 855 1821 881 reueritus.
2353 851 2371 887 ,ἦ

244 898 374 926 nequeant
386 892 438 918 vlla
456 892 560 919 ratione
572 891 675 918 reuelli.
779 889 932 917 Reuellatur
945 890 1049 925 penitus
1064 889 1191 916 falsorum
1210 896 1280 914 rece·
1383 896 1402 915 R
1412 895 1457 915 Ev
1467 895 1484 914 E
1494 895 1512 914 R
1522 893 1562 916 Ec
1572 895 1591 915 v
1601 897 1623 916 N
1633 888 1701 916 ni'r
1711 896 1727 915 Ε
1737 896 1765 917 R,
1792 889 1859 916 Adu,
1896 891 1933 916 Ex
1965 889 2051 916 Ennio
2083 887 2150 924 apud
2181 888 2394 928 Priscianumrfl

243 933 286 962 pta
299 927 427 961 persuasio
446 928 502 953 Sen.
511 926 587 961 Epist.
599 934 638 959 95.
1347 933 1371 959 p.
1389 933 1447 950 1010
1467 930 1530 951 extr.
2353 937 2364 952 .;

285 969 303 988 R
314 969 330 988 ε
340 969 359 986 ν
372 970 390 988 ν
400 969 416 988 1.
425 970 438 989 s
449 970 467 989 v
476 970 489 989 s
498 983 506 995 ‚
524 971 554 994 a,
567 971 619 989 um.
661 959 754 987 Partic.
790 959 978 994 [ἀποσωθεὶς]
1018 961 1067 991 Vt,
1089 959 1153 984 Axis
1164 958 1282 984 reuulsus
1382 966 1426 986 κε
1437 966 1455 985 ν
1465 966 1482 986 ε
1491 966 1510 986 R
1519 965 1540 985 G
1549 965 1580 992 ο,
1594 961 1646 987 ere.
1682 960 1714 986 In
1736 959 1850 987 aliorum
1869 959 2009 987 commoda
2027 959 2144 994 reuergit
2170 958 2210 986 cl.
2223 960 2390 990 Mamertini.
2431 985 2434 987 .

243 1002 349 1024 temone
377 997 458 1024 Ouid.
473 999 535 1023 Met.
550 1006 573 1029 2,
585 999 636 1028 316.
743 995 827 1030 Caput
840 1005 855 1022 a
867 997 969 1021 ceruice
981 994 1114 1021 reuulsum
1140 994 1216 1026 virg.
1230 993 1281 1019 Ge·
1346 996 1409 1030 Epp.
1425 995 1477 1022 Sid.
1490 995 1624 1029 Appollin.
1638 1005 1660 1026 4,
1673 1004 1697 1022 2.
2350 1016 2357 1029 ,Ι
2377 1002 2379 1005 ·

244 1042 301 1067 org.
314 1041 342 1064 4,
356 1041 407 1064 523.
500 1033 579 1058 Fores
594 1031 707 1065 Templi
724 1031 842 1057 reuulsae
862 1032 931 1057 Suet.
945 1031 1029 1064 Calig.
1044 1039 1063 1056 c.
1077 1032 1102 1055 6.
1188 1028 1281 1055 Gradi·
1299 1033 1326 1058 25
1386 1037 1430 1057 RE
1440 1037 1486 1057 VE
1498 1037 1515 1056 R
1527 1037 1545 1056 R
1558 1036 1590 1063 O,
1605 1033 1656 1057 ere.
1692 1031 1836 1057 Reuerram
1860 1029 1946 1057 hercle
1973 1030 2038 1063 hoc,
2061 1030 2132 1064 quod
2156 1030 2278 1056 conuerti
2305 1031 2393 1060 moder

244 1067 292 1093 bus
304 1067 412 1094 reuulsis
421 1087 430 1099 ‚
448 1067 549 1094 sublato
562 1064 643 1093 aditu'
655 1067 711 1093 Cic.
724 1066 752 1092 111
765 1067 850 1093 Pison.
865 1075 904 1098 23.
991 1067 1070 1092 Ianua
1085 1063 1190 1091 effra&a
1204 1070 1229 1090 et
1244 1073 1282 1090 re-
1350 1067 1433 1093 Plaut.
1446 1065 1526 1093 Stich.
1542 1075 1565 1098 2,
1579 1074 1604 1098 2,
1618 1069 1661 1099 64.
1716 1065 1858 1099 Parajitus,
1878 1074 1971 1101 operam
1985 1066 2084 1093 dederat
2098 1065 2231 1092 vcrrendae
2245 1074 2267 1091 et
2276 1074 2381 1103 purgan-

244 1102 316 1128 vulsa
336 1103 392 1129 Cic.
406 1111 454 1136 pro
467 1103 586 1129 Muraen.
598 1111 624 1135 33
638 1111 660 1128 c.
674 1110 707 1135 ις.
814 1103 909 1128 Limen
921 1102 1055 1128 reuulsum
1072 1101 1165 1127 tellure
1200 1100 1281 1126 Ouid.
1347 1103 1392 1128 dae
1421 1102 1522 1128 domui:
1559 1101 1631 1128 audit
1661 1100 1750 1134 vem-‘HL’
1770 1100 1892 1137 parasitos
1911 1103 1973 1128 alios
1986 1113 1993 1127 :
2029 1111 2086 1138 crgo
2105 1100 2244 1128 retratsiare
2263 1104 2317 1128 vult
2334 1109 2381 1139 ope-

243 1138 307 1164 Met.
323 1146 358 1168 12,
372 1144 423 1167 281-
518 1139 612 1164 Saxum
644 1147 658 1164 e
690 1142 782 1163 monte
811 1138 947 1164 reuulsum
985 1137 1059 1164 Idem
1087 1135 1153 1162 ibid.
1175 1144 1210 1166 12,
1229 1144 1281 1168 341.
1346 1147 1400 1165 ram
1413 1138 1494 1173 suam.
2306 1150 2321 1159 ι.
2374 1160 2376 1163 .

245 1174 346 1199 Statuae
358 1173 476 1200 reuulsae
489 1173 655 1208 iacentesque
689 1174 743 1200 Cic.
758 1174 835 1200 Verr.
849 1182 878 1207 4,
894 1182 952 1206 144.
1058 1171 1168 1198 Tabula
1179 1171 1283 1197 reuulsa
1385 1180 1404 1200 R
1413 1179 1429 1199 E
1439 1181 1458 1199 V
1468 1180 1484 1200 Ε
1495 1179 1515 1199 R
1527 1179 1575 1200 To
1584 1180 1618 1206 R,
1635 1173 1697 1202 eris,
1710 1172 1799 1198 versus
1814 1173 1879 1204 sum,
1893 1172 1923 1198 ti.
1944 1171 2096 1208 [οἷναςρέφω,
2105 1171 2237 1208 finos-fimi»,
2251 1172 2381 1210 οἷναχωρέρ,

244 1208 317 1235 Idem
333 1208 400 1235 ibid.
414 1219 443 1242 4,
459 1217 506 1235 112.
1299 1213 1330 1237 30
1349 1207 1522 1243 ἐνκκαέμπτω]
1569 1210 1660 1240 Retro,
1681 1207 1775 1233 domum
1781 1207 1852 1244 suam
1865 1215 1959 1235 uertere
1967 1208 2012 1244 se,
2032 1215 2054 1234 et
2066 1208 2154 1235 redire.
2209 1208 2278 1235 Ter.
2293 1209 2390 1241 Heatu.¹

279 1251 353 1270 REV
363 1251 383 1269 v
394 1252 408 1270 L
420 1251 431 1270 s
442 1251 451 1269 1
461 1251 490 1275 o,
505 1244 571 1270 onis.
591 1244 612 1270 f.
655 1243 845 1277 [vindo-numa]
882 1243 948 1269 Plin.
963 1251 996 1275 13,
1011 1251 1039 1269 12
1057 1242 1085 1268 de
1097 1242 1186 1269 charta
1200 1252 1228 1268 ex
1237 1249 1283 1277 pa·
1350 1253 1371 1276 1,
1386 1254 1407 1277 1,
1421 1252 1455 1278 70
1475 1245 1591 1270 Domum
1605 1249 1727 1270 reuertor
1741 1243 1861 1270 moestus.
1976 1244 2048 1270 Caes.
2063 1244 2126 1270 Bell.
2140 1243 2208 1270 Gall.
2222 1252 2247 1275 1,
2259 1253 2292 1278 54
2327 1245 2382 1271 Sue,

232 1286 320 1314 pyro,
340 1279 388 1305 Sed
410 1279 479 1306 ratio
499 1279 670 1314 deprehendit
691 1280 788 1306 vitium
809 1279 887 1306 vnius
910 1278 1017 1306 schedae
1029 1278 1177 1305 reuulsione
1197 1278 1283 1312 plures
1347 1281 1385 1312 vi,
1399 1280 1446 1314 qui
1459 1280 1491 1305 ad
1508 1280 1575 1313 ripas
1589 1279 1676 1305 Rheni
1690 1284 1824 1312 venerant,
1844 1279 1952 1305 domum
1967 1280 2067 1306 reuerti
2090 1285 2239 1314 coeperunt.
2335 1280 2383 1307 Do-

240 1315 379 1341 infestaute
393 1315 506 1349 paginas.
1349 1325 1423 1342 mum
1436 1321 1570 1342 reuertens
1585 1316 1640 1341 sera
1653 1314 1729 1341 nooie
1769 1314 1843 1348 Virg.
1863 1314 1960 1348 Georg.
1974 1323 2001 1347 4,
2013 1316 2073 1345 ¹32(
2177 1316 2277 1342 Iterum
2289 1316 2397 1344 reuertit

279 1356 298 1375 R
308 1356 353 1375 Ev
363 1356 379 1375 Ε
392 1356 413 1375 Ν
425 1356 480 1379 Do,
495 1349 614 1380 vendidi,
627 1349 776 1381 venditum,
789 1350 842 1376 ere.
880 1350 973 1376 Iterum
986 1348 1099 1376 vendere.
1136 1348 1240 1383 leian.
1255 1349 1283 1375 in
1351 1351 1425 1378 Idem
1440 1351 1504 1378 Aen.
1520 1353 1546 1383 6,
1562 1358 1623 1385 720.
1680 1350 1763 1376 .Cum
1778 1350 1853 1375 laude
1867 1349 1967 1375 reuerti
1987 1350 2065 1376 Ouid.
2081 1351 2144 1376 Met.
2158 1359 2190 1382 13,
2205 1355 2259 1383 248.
2332 1352 2386 1379 Vn.

243 1385 400 1415 1.1ulianus,
414 1385 446 1411 D.
459 1385 490 1410 de
505 1384 581 1410 bonis
594 1383 770 1416 libertorum,
805 1384 921 1410 Iulianus
935 1385 988 1417 ait,
1008 1384 1025 1410 si
1040 1392 1163 1418 patronus
1179 1385 1284 1410 liberta·
1304 1392 1331 1418 35
1352 1387 1384 1413 de
1405 1396 1465 1412 cum
1491 1386 1593 1412 honore
1616 1385 1773 1417 discesseris,
1794 1384 1886 1410 eodem
1904 1392 1964 1409 cum
1983 1385 2130 1417 ignominia
2149 1387 2250 1412 reuerti
2269 1386 2324 1413 Cic.
2340 1396 2397 1420 pror

243 1420 276 1446 tis
291 1421 363 1446 causa
378 1419 497 1454 imposita
512 1419 609 1445 liberto
623 1417 821 1449 reuendiderit‚
838 1418 923 1450 filium
939 1420 996 1444 eius
1011 1428 1023 1445 a
1042 1419 1174 1446 bonorum
1196 1420 1286 1453 posses-
1351 1424 1470 1449 Muraen.
1486 1426 1516 1454 89
1530 1431 1552 1448 c.
1566 1431 1603 1455 4¹-
1676 1420 1715 1446 Ad
1729 1419 1868 1454 pristinum
1882 1419 1968 1445 achim
1997 1419 2062 1445 Plin.
2075 1419 2154 1453 Epist.
2168 1429 2206 1453 10,
2218 1429 2258 1454 37.
2331 1421 2382 1451 Cii:¹
2395 1439 2397 1446 1

242 1455 313 1482 sione
327 1456 489 1482 submoueri.
581 1455 664 1480 Paullo
672 1453 744 1489 post,
764 1453 877 1486 Quoties
891 1459 963 1488 pater
977 1455 1033 1479 eius
1047 1454 1160 1484 donum,
1182 1463 1286 1486 munus,
1351 1459 1428 1484 Verr.
1443 1465 1465 1488 3,
1480 1466 1526 1490 109
1559 1456 1600 1483 Ad
1617 1456 1690 1482 illam
1711 1464 1788 1490 quam
1805 1455 1906 1481 institui
1921 1455 2022 1480 causam
2035 1455 2163 1481 frumenti
2178 1463 2206 1481 ac
2221 1454 2397 1486 decumarum-1

242 1500 335 1526 operas
347 1491 445 1517 liberto
460 1489 649 1517 reuendiderit.
1351 1498 1480 1518 reuertar.
1596 1491 1636 1517 Ad
1649 1492 1719 1517 diem
1740 1492 1812 1517 Caes.
1826 1490 1881 1517 Bell
1905 1489 1972 1516 Gall.
1985 1492 2017 1522 6,
2035 1499 2069 1522 32.
2095 1490 2151 1516 Cic.
2166 1489 2197 1515 de
2210 1490 2329 1524 Finib.2‚
2340 1502 2397 1529 104..

277 1534 296 1553 R
307 1534 323 1553 E
334 1533 355 1552 V
367 1529 383 1553 Ε
394 1533 414 1552 Ν
424 1533 440 1553 Ε
451 1532 470 1552 O
481 1546 489 1558 ,
514 1528 562 1552 ire.
601 1527 693 1552 Iterum
714 1528 814 1556 venire,
843 1523 929 1560 rursus
948 1523 1033 1551 vendi.
1071 1524 1197 1550 Neratius
1217 1523 1245 1549 in
1267 1523 1285 1549 l.
1351 1536 1373 1552 c.
1387 1535 1413 1558 3²
1422 1533 1465 1562 pr.
1485 1526 1533 1552 Sed
1546 1531 1574 1552 vt
1588 1526 1621 1552 ad
1635 1526 1796 1560 propositum
1811 1532 1986 1557 reuertamur,
1999 1533 2044 1553 etc.
2069 1535 2139 1552 nunc
2152 1532 2237 1552 totum
2250 1526 2316 1553 iliud
2329 1537 2382 1556 con.
2396 1541 2397 1556 1

242 1563 313 1596 Lege
326 1562 409 1588 fundo
422 1562 533 1588 vendito
547 1560 616 1587 dieta
642 1561 673 1587 D.
687 1559 718 1586 de
731 1560 787 1594 lege
800 1560 987 1592 commissoria,
1006 1558 1054 1585 Sed
1071 1559 1088 1584 si
1102 1559 1199 1585 fundus
1211 1568 1284 1585 reue-
1295 1564 1331 1588 40
1351 1561 1422 1588 cludi
1436 1561 1468 1588 fic
1482 1562 1550 1588 licet,
1659 1562 1698 1587 Ad
1711 1562 1793 1587 vitam
1812 1562 1917 1587 Lucret.
1932 1569 1957 1593 2,
1966 1563 2026 1593 960.
2134 1561 2165 1587 In
2179 1561 2315 1588 ciuitatem
2332 1564 2379 1592 Cic.
2396 1579 2397 1591 1

242 1598 316 1624 niss'et
332 1608 337 1623 :
372 1598 460 1624 Aristo
485 1596 665 1628 existimabat,
684 1595 819 1622 venditori
845 1595 876 1621 de
900 1595 942 1621 his
960 1595 1091 1621 iudicium
1113 1596 1142 1621 in
1153 1601 1284 1621 emtorem
1352 1599 1424 1624 Fam.
1439 1600 1465 1630 6,
1481 1599 1506 1623 6,
1614 1597 1644 1622 In
1658 1597 1767 1631 gratiam
1781 1605 1840 1623 cum
1860 1597 1951 1629 aliquo
1980 1597 2039 1622 Liu.
2056 1601 2078 1627 8,
2092 1604 2128 1629 35.
2232 1598 2269 1623 Eo
2281 1599 2374 1632 reim-fi,
2396 1617 2397 1624 ,

243 1633 357 1660 dandum
378 1634 433 1660 eisc.
1112 1659 1115 1663 ,
1352 1632 1421 1660 vnde
1436 1633 1545 1667 egressus
1559 1640 1585 1657 es
1612 1632 1810 1665 QuinGtil.2,4.
1906 1632 1961 1658 Cic.
1977 1632 2008 1658 de
2022 1632 2086 1658 Fato
2099 1640 2116 1666 7
2151 1631 2199 1658 Sed
2213 1633 2376 1669 Posidonium,
2396 1649 2399 1660 1

278 1668 463 1699 ΚΕνέΝιο,
475 1667 549 1699 veni,
562 1673 680 1696 ventum,
695 1670 743 1693 Tre·
778 1667 991 1701 [ἕπανὲρκωμαι]
1046 1667 1156 1692 Rfflt'rll'-
1202 1665 1285 1692 Plaut.
1352 1678 1466 1702 aequum
1485 1668 1536 1698 est,
1556 1676 1615 1693 cum
1632 1668 1699 1693 bona
1714 1668 1797 1702 gratia
1811 1666 1975 1694 dimittamus
1990 1678 1996 1693 :
2032 1668 2062 1693 ad
2079 1667 2215 1702 Chrysippi
2232 1668 2376 1704 laqueone.
2397 1686 2398 1690 ι

241 1704 358 1738 Amphit.
369 1713 388 1736 1,
398 1713 415 1734 1,
424 1712 450 1735 33
470 1703 554 1729 1118115
570 1702 687 1729 hostibus
703 1703 819 1736 legiones
839 1703 981 1728 reueniunt
1001 1701 1118 1727 domum.
1209 1700 1283 1727 Idem
1352 1712 1495 1731 vertamur.
1550 1704 1628 1728 Locus
1641 1703 1668 1729 de
1681 1703 1815 1737 Chrylippo
1829 1713 1881 1729 cum
1895 1705 1953 1729 alus
1966 1706 1992 1728 in
2005 1703 2049 1729 hoc
2062 1703 2125 1729 libro
2136 1711 2220 1738 perm.
2293 1706 2376 1735 Reugr.

242 1740 318 1772 Capt.
331 1748 353 1770 2,
367 1747 389 1771 3,
403 1744 434 1772 87
454 1740 484 1764 Et
497 1745 539 1764 tua
554 1738 604 1764 huc
619 1744 725 1764 ornatus
739 1739 873 1763 reueniaffl
889 1746 919 1763 CX
935 1737 1069 1763 sententia.
1177 1737 1232 1763 Cic·
1254 1737 1286 1763 de
1302 1742 1334 1768 43
1352 1741 1455 1766 sussum
1465 1746 1513 1775 pro
1521 1739 1640 1765 Reuerti.
1676 1740 1766 1764 Minus
1779 1738 1871 1764 diebus
1885 1738 1992 1772 triginta
2004 1739 2031 1764 in
2040 1738 2122 1764 Asiam
2135 1740 2254 1765 reuersus
2270 1741 2304 1767 est
2319 1742 2375 1777 Nep.

241 1776 316 1801 Orat.
333 1783 353 1806 1,
368 1782 410 1808 ¹75
425 1783 444 1798 c.
458 1779 485 1805 38
527 1774 617 1807 Qum
637 1773 712 1798 miles
732 1773 838 1799 domum
853 1773 1006 1805 reuenisset,
1028 1773 1167 1807 egissetque
1187 1773 1242 1806 lege
1259 1773 1286 1798 111
1352 1785 1379 1807 2,
1394 1784 1416 1808 ς,
1431 1785 1452 1802 2.
1520 1774 1633 1801 Hirt.de
1644 1774 1709 1800 Bell.
1719 1774 1822 1808 Hisps.
1833 1783 1857 1806 13
1881 1775 1935 1806 Qu
1943 1783 2000 1800 cum
2017 1775 2043 1800 in
2058 1774 2183 1808 oppidum
2198 1776 2292 1803 reuersi
2305 1779 2376 1805 essent.

242 1809 416 1837 hereditatem
430 1816 570 1841 paternam.
642 1808 715 1844 Conf.
738 1808 806 1834 Ibid.
819 1818 840 1834 c.
854 1817 898 1841 40.
970 1808 1107 1842 Postquam
1126 1808 1284 1834 Alexandria
1352 1811 1425 1847 Conf.
1442 1810 1509 1837 Ibid.
1523 1819 1544 1836 c.
1560 1815 1593 1840 18.
1665 1809 1771 1835 Phaedr.
1787 1819 1813 1842 4,
1828 1819 1863 1842 13,
1877 1818 1904 1835 10
1921 1810 1984 1836 Sero
1998 1809 2106 1836 domum
2121 1809 2156 1836 est
2175 1812 2300 1839 reuersus.
2329 1813 2374 1845 vid.

243 1846 377 1873 reuenerit
396 1845 470 1879 Apul.
486 1844 563 1878 Apol.
577 1852 603 1878 p.
617 1852 660 1875 31¹·
735 1844 866 1870 Reuenire
879 1853 910 1869 ex
927 1843 1019 1878 aliquo
1034 1844 1093 1869 loco
1112 1844 1202 1869 Tacit.
1218 1845 1286 1869 Ann.
1352 1847 1467 1874 Borrich.
1489 1845 1564 1872 Vind.
1576 1852 1602 1880 p.
1616 1854 1671 1879 ²⁰4·
1743 1846 1861 1880 Disposui
1879 1845 2029 1871 Collec‘hnea
2044 1849 2070 1871 in
2084 1846 2187 1872 Phaedr.
2195 1853 2222 1881 p.
2230 1851 2286 1874 262.
2343 1870 2346 1874 ,

243 1891 264 1914 3,
278 1889 313 1914 24
326 1887 392 1906 extr.
472 1881 605 1906 Reuenire
618 1880 645 1905 in
659 1880 770 1914 gratiam
801 1880 883 1906 Plaut.
897 1879 976 1907 Stich.
989 1889 1008 1912 1,
1021 1888 1044 1912 3,
1056 1884 1079 1909 8.
1188 1880 1287 1905 Rursus
1389 1889 1408 1908 R
1417 1889 1432 1908 E
1441 1888 1461 1907 v
1473 1887 1489 1907 Ε
1502 1888 1520 1908 R
1531 1887 1553 1906 ‘r
1567 1887 1599 1912 ο,
1611 1880 1643 1912 11,
1656 1882 1710 1910 ere.
1747 1882 1930 1916 [μεταςρὲφω]
1965 1879 2071 1913 Adime,
2083 1881 2156 1917 saepe
2175 1883 2242 1916 apud
2254 1884 2373 1912 Ciceronem
2398 1903 2399 1906 ,

242 1923 380 1944 reuentum
394 1915 423 1941 in
436 1916 546 1950 gratiam
569 1915 649 1942 Plaut.
664 1915 758 1949 Amph.
773 1924 794 1947 3,
806 1918 875 1947 2,61.
1119 1929 1121 1931 ·
1296 1920 1328 1947 2¹0
1351 1918 1445 1954 legitur
1461 1927 1468 1942 :
1498 1916 1546 1952 sed
1560 1925 1607 1941 non
1621 1916 1666 1949 ntJi
1679 1919 1706 1941 in
1720 1918 1873 1948 Praeterito,
1892 1923 1936 1941 aut
1949 1918 1976 1942 in
1991 1918 2137 1952 temporibus
2156 1927 2170 1944 α
2186 1919 2316 1947 Praeterito
2319 1919 2370 1956 for-
2398 1933 2399 1936 ι

280 1958 298 1977 R
311 1957 327 1977 Ε
340 1959 360 1977 ν
370 1957 386 1977 13
396 1958 417 1976 Ν
427 1957 447 1976 Τ
459 1958 476 1976 ν
489 1959 517 1983 s,
548 1950 588 1977 sis.
628 1960 664 1977 111.
700 1950 820 1977 Macrob.
846 1951 948 1977 Saturn.
968 1959 995 1983 2,
1017 1959 1046 1983 14
1086 1949 1138 1976 Suo
1152 1949 1209 1984 post
1227 1949 1288 1976 inde
1351 1957 1441 1984 matis,
1461 1962 1514 1979 cum
1532 1953 1612 1978 attera
1619 1951 1709 1987 forma
1726 1955 1753 1978 in
1772 1953 1812 1979 his
1824 1953 1960 1984 abstineat,
1975 1955 2001 1978 ι’11
2013 1952 2179 1988 praesentibus
2191 1951 2268 1980 misem
2279 1955 2367 1985 nonalia

241 1992 365 2014 reuentu.
1349 1998 1422 2024 quam
1435 1989 1602 2022 deponemalt
1617 1995 1711 2015 uratur.
1781 1987 1828 2014 Sed
1842 1988 1913 2014 Non.
1928 1990 1988 2019 7,68
2006 1989 2128 2015 Reuortit
2140 1989 2159 2022 (
2163 1990 2285 2026 Praesenti
2291 1996 2362 2026 mape-

279 2028 322 2048 RE
332 2028 352 2046 V
362 2027 451 2050 ERA,
486 2020 620 2046 Ablavium·
633 2030 661 2047 ex
674 2020 712 2046 Re
724 2027 748 2046 εἴ
762 2020 861 2046 Verum
871 2039 879 2051 ³
896 2019 948 2045 vid·
963 2026 982 2045 R
992 2026 1029 2046 ΕΞ
1039 2039 1047 2051 ,
1062 2020 1111 2046 rei·
1349 2025 1398 2058 re)
1418 2023 1577 2057 Pomponius
1592 2023 1683 2049 Maiali
1693 2045 1701 2058 ‚
1720 2024 1836 2050 Coenam
1851 2024 1981 2058 quaeritat
1997 2033 2002 2049 :
2039 2023 2056 2049 fi
2072 2033 2131 2050 eum
2145 2033 2223 2052 nemo
2238 2030 2312 2058 vocat,
2324 2032 2359 2052 rc-

278 2063 323 2084 RE
333 2063 352 2081 V
361 2062 378 2082 E
389 2062 407 2081 R
417 2062 433 2081 B
444 2055 487 2081 ER
496 2062 530 2087 0,
556 2060 609 2082 fise.
645 2055 773 2090 Repelserc.
809 2055 896 2081 senec.
912 2055 943 2080 de
956 2055 1085 2081 Clemens.
1101 2063 1126 2087 2,
1139 2062 1152 2087 5
1172 2055 1285 2081 omnen!
1350 2059 1434 2087 vortit
1448 2059 1557 2086 nuestus
1570 2059 1601 2085 ad
1616 2068 1719 2085 menam
1732 2060 1830 2086 miseri,
1888 2062 1891 2064 '
1903 2060 2007 2085 Lucret,
2021 2068 2041 2091 3,
2056 2067 2116 2094 ¹073

243 2093 368 2119 fortunae
381 2091 510 2124 impetum
524 2090 721 2122 reuerbcrabst,
742 2096 767 2115 et
779 2097 838 2116 ante
852 2092 876 2117 se
890 2091 1000 2126 franget.
1073 2090 1205 2117 Columel.
1219 2099 1285 2123 3,13,
1302 2100 1331 2126 ςς
1546 2095 1607 2121 Exit
1622 2095 1695 2129 saepe
1707 2095 1777 2122 foras
1789 2094 1889 2129 magnis
1904 2104 1935 2121 ex
1948 2094 2056 2121 aedibus
2075 2095 2131 2127 ille,
2242 2117 2246 2120 .

244 2135 262 2163 7
278 2128 321 2155 Ne
336 2127 430 2154 humus
443 2126 604 2152 incrementa
618 2124 736 2150 radicum
749 2124 849 2164 duritie
863 2126 908 2151 sua
926 2125 1090 2152 reuerberet.
1545 2131 1598 2156 Esse
1612 2130 1685 2156 domi
1699 2140 1778 2164 quem
1792 2131 1935 2164 pertaesum
1950 2130 2001 2163 est,
2022 2130 2162 2166 subitoque
2174 2130 2290 2158 reuertit·-

280 2170 300 2190 R
309 2169 353 2190 EV
362 2169 379 2189 E
389 2168 407 2189 R
416 2168 432 2188 E
442 2168 461 2188 O
472 2168 490 2187 R
499 2181 507 2193 ‚
520 2161 580 2192 eris,
593 2162 692 2187 veritus
708 2161 779 2192 sum,
799 2163 848 2187 ἔτι,
883 2158 1023 2192 [αἰδέομαι,
1038 2161 1198 2199 ἐντρέπομαι]
1239 2162 1285 2187 Ti·
1547 2165 1652 2198 Quippe
1668 2166 1735 2191 foris
1750 2166 1838 2191 nihilo
1851 2166 1946 2191 melius
1965 2167 2010 2199 qui
2025 2166 2117 2193 sentiat
2131 2167 2187 2193 esse.

243 2208 320 2230 mere,
340 2200 435 2227 vereris
456 2198 592 2223 Ηθηθνᾱνθ·
630 2196 697 2222 Ter·
712 2195 816 2222 ΡῙἸΟῙΊΠ-
831 2204 851 2227 11
865 2204 887 2227 5,
902 2203 914 2227 3
945 2196 1016 2228 Age:
1037 2201 1117 2220 mmo
1131 2195 1284 2228 imperium,
1350 2200 1424 2226 Idem
1436 2207 1459 2232 ς,
1475 2206 1531 2232 1152
1555 2200 1728 2225 Circumretit
1747 2199 1819 2224 enim
1841 2200 1881 2224 vis
1903 2206 1982 2233 atque
1997 2201 2097 2228 iniuria
2120 2210 2266 2237 quemque,
2299 2199 2375 2234 Atque

243 2243 298 2262 non
316 2233 472 2260 simultatem
494 2240 577 2257 meam
591 2231 708 2257 reuereri
723 2232 733 2256 3
770 2231 858 2257 saltem
872 2239 926 2257 non
941 2229 1038 2265 pudere
1053 2231 1062 2256 3
1097 2236 1143 2255 etc.
1218 2231 1286 2255 Haec
1352 2235 1421 2260 vnde
1437 2242 1528 2261 exona
1542 2235 1593 2267 est,
1613 2234 1645 2260 ad
1659 2243 1719 2260 eum
1734 2233 1889 2267 plerumque
1902 2235 2021 2259 reuertit,
2063 2237 2110 2261 Sed
2121 2241 2270 2263 remensum,
2281 2234 2314 2262 ad
2322 2234 2380 2261 εἰει.

245 2270 326 2297 eadem
340 2268 413 2295 verbu
432 2267 512 2303 refert
529 2267 584 2294 Cic·
597 2269 650 2292 Att-
666 2275 690 2297 2,
707 2274 742 2297 ¹9-
813 2267 881 2292 Ter·
896 2267 961 2292 Hec·
975 2274 999 2298 3,
1014 2274 1033 2296 Ι,
1048 2274 1086 2304 10,
1101 2264 1149 2304 355¹
1163 2274 1230 2291 nunc
1244 2264 1286 2291 ad-
1301 2266 1336 2289 60
1352 2278 1442 2295 ronem.
1512 2271 1539 2295 15
1552 2270 1623 2295 Fam.
1639 2279 1658 2300 3,
1676 2278 1702 2294 io
1721 2268 1901 2295 Conscendens
1917 2268 1969 2293 iam
1983 2277 2076 2294 nauem
2086 2288 2094 2300 ,
2114 2271 2214 2303 Epheso
2232 2264 2383 2297 Laodieeam

247 2311 357 2332 ventum
372 2310 447 2330 tuum
461 2302 549 2328 ambas
564 2301 699 2336 Pamphile
712 2301 765 2326 seio
778 2301 947 2327 reuerituras.
1055 2300 1171 2326 Difficile
1184 2300 1219 2326 est
1233 2301 1286 2334 pri-
1353 2303 1473 2331 reuertit,
1567 2304 1639 2328 Idem
1652 2303 1704 2328 Off.
1718 2311 1779 2334 3‚43
1793 2313 1814 2329 c,
1830 2312 1857 2328 10
1873 2305 1924 2329 Vas
1937 2303 2020 2329 faetus
2033 2303 2068 2329 est
2081 2303 2147 2329 alter
2161 2305 2263 2331 [mendi
2277 2301 2386 2332 ejusg'vt

247 2351 320 2368 mum
335 2340 461 2367 virtutem
477 2338 610 2368 reuereri,
629 2337 676 2371 qui
691 2337 792 2370 semper
814 2336 923 2362 secunda
943 2335 1051 2361 fortuna
1064 2335 1093 2360 sit
1107 2335 1165 2360 vsus
1188 2335 1289 2361 Aueior
1347 2339 1372 2368 vfi
1385 2339 1432 2364 jue
1447 2347 1501 2364 non
1513 2338 1675 2369 reuertisset,
1696 2337 1862 2362 moriendum
1875 2339 1933 2363 esset
1946 2338 2001 2371 ipsi.
2106 2339 2161 2365 Cic.
2172 2340 2272 2373 Att.8‚3
2293 2342 2349 2374 Ipse
2357 2348 2388 2366 ne
2404 2366 2407 2372 .

246 2377 278 2403 ad
292 2378 408 2403 Herenn.
422 2384 449 2407 4,
464 2381 498 2408 ¹7-
613 2372 723 2398 Le‘ffilm
740 2380 862 2398 reuerere
876 2370 990 2405 parentis
1011 2370 1091 2396 Ouid·
1107 2370 1220 2403 Epist-4,
1235 2378 1288 2404 127.
1356 2382 1409 2407 quo
1427 2373 1587 2405 inciderem,
1605 2372 1704 2399 reuerti
1719 2371 1847 2399 Formias.
1917 2372 2009 2406 Legati
2021 2373 2170 2406 Ameriam,
2189 2375 2389 2407 re-inorata,re-
2404 2375 2406 2382 ’

248 2412 302 2440 Cic.
317 2411 348 2437 dc
363 2412 463 2437 lnuent.
479 2418 503 2439 2,
516 2410 551 2434 66
564 2416 585 2434 c.
598 2416 632 2434 22
648 2407 851 2433 Obseruantiam
867 2416 913 2441 per
927 2415 1005 2440 quam
1019 2412 1116 2435 aetate,
1134 2412 1177 2431 aut
1190 2406 1288 2439 sapien·
1354 2414 1491 2435 verterunt
1512 2409 1585 2433 Idem
1598 2417 1646 2442 pro
1656 2408 1931 2440 Rosc.Ame1-,26c‚9‚
2033 2406 2073 2432 Ad
2087 2407 2163 2433 illum
2175 2411 2290 2436 animum
2300 2419 2390 2437 meum
2404 2419 2405 2430 2

248 2449 293 2477 tia.
308 2454 351 2474 aut
365 2446 476 2475 honore,
495 2450 538 2470 aut
552 2443 640 2477 aliqua
661 2443 789 2477 dignitate
808 2441 988 2468 antecedentes
1008 2450 1162 2467 reuercmur
1181 2447 1206 2466 et
1225 2441 1289 2466 coli·
1305 2443 1335 2474 65
1356 2444 1455 2470 reuerti
1470 2443 1608 2477 pristinum
1629 2444 1683 2468 Cic.
1691 2443 1762 2468 Fam.
1773 2451 1809 2472 10,
1822 2448 1862 2471 28·
1969 2441 2146 2474 Reuertendi,
2181 2443 2231 2476 [τὲ
2243 2444 2390 2479 eiras-esoces]

248 2492 314 2510 mus.
421 2479 563 2510 Reuereri,
585 2481 698 2505 Genitiuo
726 2476 837 2504 imaum
850 2488 858 2503 .·
904 2478 990 2503 Varro
1010 2476 1097 2502 Sardis
1130 2476 1289 2502 Venalibus:
1356 2479 1436 2506 Ouid.
1446 2478 1522 2511 Epist.
1539 2483 1598 2510 ¹‚80
1618 2478 1694 2505 Neue
1708 2477 1861 2504 reuertendi
1878 2476 1948 2503 liber
1962 2477 2044 2503 abesse
2059 2478 2134 2504 velis.

250 2520 314 2546 Non
329 2525 353 2544 te
366 2517 405 2543 tui
420 2517 509 2543 saltem
523 2513 619 2549 pudet,
640 2514 657 2540 si
671 2513 740 2540 nihil
755 2515 809 2539 mei
823 2517 976 2539 reuereatur
991 2512 1000 2537 3
1036 2511 1102 2546 apud
1114 2511 1289 2543 Nonium9‚3
1393 2522 1411 2541 R
1423 2521 1437 2539 13
1448 2522 1466 2540 v
1476 2521 1492 2540 E
1505 2520 1523 2539 R
1535 2520 1555 2539 T
1565 2520 1580 2539 E
1593 2520 1612 2539 N
1626 2521 1654 2545 S,
1680 2514 1755 2539 entis,
1790 2512 1882 2539 Partic.
1921 2513 1994 2546 Virg.
2004 2512 2099 2547 Georg.
2116 2521 2136 2545 1,
2151 2520 2201 2547 274
2237 2528 2281 2533 ——
2317 2514 2385 2550 Lapi.

249 2556 291 2580 ubj
306 2555 444 2580 Genitiuum
457 2559 501 2586 pro
516 2551 664 2586 Accusatsuo
673 2553 735 2584 poni
748 2550 833 2575 multis
850 2550 965 2583 exemplis
978 2547 1053 2573 docet.
1132 2547 1251 2572 Reuereo
1266 2552 1291 2573 et
1355 2549 1467 2584 demque
1480 2554 1798 2582 reuertens—reportat.
1834 2547 1874 2574 Ib.
1888 2555 1942 2581 427
1960 2548 2031 2573 Luna
2040 2555 2200 2574 reuertentes
2208 2558 2266 2575 cum
2277 2549 2381 2583 primum

249 2591 385 2616 Reuereor
398 2587 542 2614 Priscianus
557 2595 580 2620 p.
595 2593 656 2620 799.
675 2586 755 2620 refert
772 2588 838 2611 inter
850 2593 951 2620 ea,quae
965 2590 1014 2609 tam
1025 2580 1137 2615 AHiua,
1157 2591 1227 2618 quam
1235 2581 1293 2618 Pas-
1359 2585 1462 2619 colligit
1477 2584 1557 2618 ignes.
1627 2583 1802 2620 Controuersur
1815 2582 1848 2616 est
1862 2584 1927 2609 locus
1949 2583 2095 2609 Cic.'1‘usc.
2109 2591 2140 2618 73
2155 2593 2176 2610 c.
2190 2594 2219 2615 30
2243 2586 2377 2621 111-1911111111.

246 2625 303 2660 flua
314 2633 370 2651 voce
384 2633 455 2648 unum
469 2629 540 2658 atque
554 2621 617 2647 idem
625 2620 781 2656 significant.
1306 2623 1342 2651 70
1358 2621 1460 2652 bitans,
1482 2618 1712 2652 circumspedhns,
1730 2618 1853 2645 haesitans
1864 2638 1872 2650 ,
1892 2618 1975 2644 multa
1988 2619 2095 2645 aduersa
2109 2625 2252 2650 reuertens,
2271 2627 2314 2646 tan
2370 2625 2374 2631 '

290 2667 308 2686 R
322 2666 338 2686 E
351 2667 370 2685 V
380 2657 397 2685 ia}
407 2666 425 2685 R
435 2665 451 2684 E
464 2665 484 2683 N
500 2665 512 2683 S
524 2677 530 2688 1
545 2658 601 2687 ior,
615 2656 719 2683 issimus.
756 2653 916 2690 [τιθέμενοί]
952 2655 1117 2689 ΡύΐῐῖῐῘΡῐαΠῑ
1132 2652 1181 2686 ssi,
1201 2657 1243 2688 qui
1255 2653 1292 2679 dc·
1356 2657 1419 2683 ratis
1434 2656 1461 2682 in
1475 2664 1547 2681 mare
1563 2655 1691 2680 immenso
1705 2653 1791 2680 nostra
1805 2653 1912 2679 vehitur
1926 2654 2022 2679 oratio.
2094 2655 2201 2680 Laborat
2220 2657 2300 2682 Turn.
2313 2627 2372 2718 &a

245 2696 320 2732 fert,
331 2696 385 2728 siue
398 2695 468 2720 habet
480 2694 601 2720 honorem.
684 2692 786 2723 Dicam,
809 2699 863 2716 non
875 2699 998 2717 reuerens
1013 2690 1152 2716 assentandi
1166 2690 1291 2723 suspicio·
1355 2695 1382 2718 in
1396 2690 1540 2726 explicanda
1554 2691 1600 2716 hac
1611 2689 1730 2722 lechone,
1748 2697 1770 2716 et
1783 2699 1808 2715 eo
1821 2688 1913 2723 euadit,
1927 2697 1955 2715 vt
1965 2689 2045 2715 multa
2059 2688 2165 2716 aduersa
2178 2690 2337 2718 aduerbialite‘
2346 2689 2375 2724 tie·

251 2740 311 2758 nem
350 2731 405 2756 Cic·
439 2730 470 2755 de
493 2730 567 2755 Orat·
596 2736 611 2754 2
639 2736 660 2754 C·
688 2733 727 2757 28.
775 2728 849 2753 Alitu
873 2726 932 2762 fere
965 2727 1080 2751 Nominis
1110 2729 1187 2751 vii-em
1209 2725 1289 2761 stibii.
1356 2731 1436 2762 cipiat
1444 2734 1493 2762 pro
1507 2726 1619 2752 multum
1634 2725 1684 2751 huc
1698 2725 1760 2751 illuc
1771 2744 1778 2756 ,
1797 2725 1946 2751 antrorsum
1959 2731 1984 2751 et
1998 2731 2069 2751 retro
2083 2726 2108 2751 se
2122 2734 2224 2752 vertens
2239 2734 2283 2753 etc.
2324 2721 2378 2754 Pia·-

251 2767 315 2794 Plin.
330 2765 408 2800 Epist.
424 2768 449 2797 6,
464 2773 489 2796 17
511 2763 568 2791 Nisi
581 2764 651 2789 forte
663 2763 735 2789 aliud
751 2762 850 2788 iudicas
863 2767 891 2789 tu
908 2773 913 2788 :
948 2770 1108 2796 quamquam
1127 2762 1185 2793 quis
1198 2769 1252 2786 vno
1266 2766 1291 2786 te
1354 2765 1403 2790 lior
1419 2769 1482 2788 certe
1495 2769 1518 2788 et
1528 2763 1631 2797 planior
1646 2758 1679 2793 cst
1693 2759 1783 2793 Iet‘iio,
1803 2770 1876 2796 quam
1899 2770 1928 2786 ex
1951 2761 2026 2787 MSS.
2053 2765 2126 2787 ctiam
2148 2760 2248 2794 offeruit
2270 2761 2380 2797 Dauififls,

251 2802 417 2829 reuerentior
431 2800 507 2826 huius
521 2800 608 2834 operis
624 2800 632 2824 ’ἐ
667 2799 726 2833 quis
740 2798 880 2832 benignior
893 2796 1059 2824 aestimator-3
1131 2796 1202 2822 Ideni
1211 2796 1289 2830 Epist.
1305 2801 1335 2828 75
1352 2807 1490 2829 reuerens,
1511 2800 1527 2824 i.
1543 2803 1656 2823 metuens.
1792 2830 1798 2835 ⁵
1925 2830 1930 2834 ἡ
2320 2806 2322 2808 ’

255 2848 292 2870 lc,
308 2843 332 2867 18
361 2837 476 2863 Probum
488 2856 496 2868 ,
523 2835 697 2866 industrium,
722 2843 799 2867 atque
818 2834 887 2860 inter
907 2833 951 2858 ista
971 2832 1204 2859 reuerentisiirnum
1226 2832 1287 2858 mei.
1391 2842 1409 2860 R
1420 2839 1601 2864 EvERsvs‚
1615 2840 1639 2864 a,
1656 2840 1708 2857 um.
1729 2831 1838 2857 Partic.·
1858 2831 1951 2857 Mantl.
1964 2838 1987 2863 ς,
2000 2832 2055 2864 464
2075 2831 2117 2857 Sol
2135 2834 2262 2859 reuersus.
2321 2832 2383 2862 Adde

252 2874 318 2906 Quis
331 2873 402 2899 enim
417 2872 458 2898 vel
471 2881 524 2898 vno
538 2871 580 2897 die
593 2870 760 2896 reuerentior
773 2870 879 2895 Senatus
895 2868 1046 2894 candidatus
1056 2888 1063 2899 ,
1084 2870 1216 2901 quam'tu,
1229 2877 1289 2894 cum
1355 2869 1455 2897 Sallust.
1469 2868 1535 2904 apud
1548 2869 1620 2894 Non.
1630 2876 1649 2901 1,
1662 2876 1715 2899 232.
1787 2874 1809 2892 et
1831 2867 1903 2892 Caes.
1913 2866 1976 2893 Bell.
1992 2867 2058 2892 Gall.
2074 2869 2100 2899 6,
2114 2876 2153 2899 41.

251 2910 327 2935 omni
343 2909 396 2934 vita
406 2928 413 2938 ‚
433 2915 490 2934 tum
512 2907 560 2933 1110
575 2906 630 2939 ipso
645 2912 779 2939 tempore,
800 2913 854 2938 quo
869 2904 968 2930 iudicas
980 2904 1011 2929 de
1024 2903 1185 2930 candidatis?
1222 2904 1289 2930 Plin.
1392 2912 1409 2932 R
1420 2912 1436 2931 E
1449 2911 1466 2929 ν
1482 2912 1497 2930 E
1508 2912 1525 2930 R
1535 2905 1632 2929 SV'RV
1642 2910 1666 2935 S,
1684 2912 1708 2934 a,
1720 2911 1773 2928 um.
1791 2903 1884 2928 Partic.
1920 2901 2088 2936 [α’ναςρέφων]
2123 2903 2204 2930 Ouid.
2218 2903 2250 2930 de
2265 2907 2325 2931 Arte
2333 2904 2383 2931 A..

252 2946 280 2971 in
294 2946 385 2978 Paneg.
395 2946 468 2975 69,3.
538 2942 586 2968 Illa
599 2941 669 2966 nulla
685 2941 721 2967 est
737 2940 902 2966 reuerentior
916 2940 1024 2965 deorum
1045 2940 1126 2965 Ouid.
1136 2941 1290 2972 Met.1,323.
1357 2950 1376 2974 1,
1392 2950 1442 2974 340
1459 2941 1544 2966 Poena
1559 2940 1696 2965 reuersura
1709 2938 1744 2964 est
1758 2938 1785 2964 in
1800 2944 1874 2972 caput
1888 2938 1934 2964 ista
1954 2944 2037 2963 tuum.
2364 2949 2366 2951 ·

250 2983 285 3006 al.
301 2981 389 3005 Metuo
412 2980 473 3004 tior.
579 2977 670 3003 Sermo
685 2985 744 3010 erga
759 2983 857 3009 patrem
870 2984 991 3002 reuerens
1010 2975 1100 3000 Tacit.
1113 2975 1180 3001 Hist.
1197 2984 1216 3007 1,
1226 2983 1264 3009 17,
1274 2983 1291 3000 1.
1309 2978 1340 3004 80
1395 2983 1412 3002 R
1422 2983 1438 3003 E
1449 2982 1467 3000 v
1479 2983 1494 3002 Ε
1504 2982 1521 3001 R
1531 2981 1605 3006 810,
1627 2976 1695 3000 onis.
1731 2974 1749 2999 f.
1793 2972 1943 3008 [ἐναςροωὴ
1958 2972 2115 3007 ἀναχώρησις,
2127 2974 2297 3009 enumeravi]
2328 2974 2385 3002 'Cic-

253 3016 347 3043 Florus
360 3022 410 3040 tum
424 3014 451 3039 de
465 3022 490 3039 eo
503 3016 545 3048 qui
558 3013 669 3045 exhibet,
688 3019 738 3037 111111
755 3014 796 3046 qui
810 3018 915 3038 merctur
928 3013 1098 3037 ›ruer-entiam.
1164 3013 1201 3036 De
1214 3011 1255 3036 1110
1268 3020 1293 3042 2,
1357 3012 1470 3046 Philipp.
1486 3020 1506 3044 1,
1522 3020 1527 3035 ι
1569 3010 1702 3044 Exponam
1716 3009 1792 3035 vobis
1806 3009 1924 3035 breuiter
1940 3008 2076 3035 consilium
2092 3017 2116 3036 et
2130 3010 2303 3044 profeetioms
2315 3017 2340 3037 et
2350 3018 2394 3038 te-⁴

253 3062 286 3081 12,
301 3061 323 3076 11
343 3051 400 3076 Nee
414 3049 580 3075 reuerentior
592 3055 680 3080 captae
692 3047 832 3073 maiestatis
846 3047 909 3072 alius
924 3046 1014 3073 Paullo
1028 3046 1090 3072 fuit.
1162 3048 1199 3072 De
1210 3046 1254 3072 hoc
1267 3056 1293 3080 4,
1357 3047 1485 3074 versionis
1518 3054 1600 3072 meae.
1706 3045 1831 3071 Reuersio
1852 3051 1876 3071 et
1897 3043 2006 3070 Reditus
2026 3046 2140 3071 nonnihil
2152 3046 2256 3079 dffirre
2269 3044 2384 3073 videatur.
2397 3043 2409 3054 '¹

254 3097 288 3119 ιε,
303 3091 335 3112 66
357 3085 474 3112 Sanciius
488 3091 511 3110 et
525 3084 691 3110 reuerentius
706 3084 790 3108 visum
804 3083 838 3108 esi
853 3092 948 3109 nomen
969 3081 1086 3116 Augusti.
1359 3084 1416 3110 Cic,
1427 3084 1548 3115 Att.16‚7
1567 3081 1595 3106 de
1608 3080 1686 3107 cadem
1701 3090 1743 3111 re,
1763 3081 1790 3106 de
1803 3090 1850 3116 qua
1865 3082 1940 3106 locum
1954 3089 1982 3105 ex
1997 3081 2138 3116 Philippica
2147 3084 2311 3117 protulimus,
2345 3080 2386 3108 Dii
2397 3078 2406 3103 ι’

291 3129 307 3147 R
318 3129 334 3148 E
343 3129 362 3147 V
373 3128 414 3146 131<
426 3127 441 3146 F.
452 3128 471 3145 N
483 3126 500 3145 1)
512 3127 531 3145 V
542 3127 564 3151 S,
581 3125 672 3151 a,'uui.
703 3119 795 3144 Partic.
833 3116 941 3151 [0:1'250235,
956 3115 1075 3150 αἰδεςέος]
1116 3116 1149 3142 Vt
1158 3136 1166 3148 ‚
1178 3116 1295 3143 Canities
1360 3117 1521 3146 immortales
1535 3125 1613 3151 quam
1628 3116 1703 3142 valde
1716 3116 1761 3142 ille
1776 3116 1872 3148 reditu,
1888 3115 1930 3141 vei
1944 3115 2032 3149 potius
2046 3117 2193 3143 reum-sione
2206 3126 2263 3144 mea
2278 3118 2386 3150 laetatus,

255 3156 397 3184 reuerentia
418 3155 509 3182 Clausi.
524 3155 555 3181 de
570 3156 644 3188 Rapr.
660 3155 775 3188 Proserp.
790 3163 809 3185 3,
826 3163 861 3180 12.
881 3155 926 3189 leg.
942 3153 1049 3179 Lucida.
1142 3152 1205 3178 Nox
1221 3161 1294 3178 reue-
1310 3160 1337 3186 85
1358 3154 1452 3182 effudit
1466 3153 1510 3180 illa
1523 3152 1629 3184 omnia,
1648 3160 1713 3186 quae
1726 3158 1849 3178 tacuerat.
1905 3152 1955 3185 QH'
1973 3151 2113 3186 regreditur
2124 3160 2181 3178 ante
2194 3162 2263 3189 quam
2277 3162 2301 3179 eo
2308 3160 2387 3188 perue-

256 3193 334 3218 reuda
349 3192 432 3225 specie
446 3190 615 3217 tenebrarum
636 3190 717 3216 Ouid.
730 3198 755 3215 tn
774 3190 832 3215 Ibin
846 3198 885 3223 73.
990 3189 1084 3223 Superl.
1107 3187 1294 3214 Reuerendiffi-
1358 3194 1428 3221 viat,
1446 3199 1490 3225 quo
1505 3191 1611 3214 animum
1624 3187 1778 3220 intenderat,
1797 3191 1819 3213 is
1832 3196 1879 3212 non
1891 3187 1979 3212 redire
1992 3187 2102 3220 dicitur,
2115 3188 2162 3223 Jed
2173 3190 2284 3215 reuerti:
2309 3187 2404 3223 rediret

255 3238 344 3259 11111111,
363 3227 449 3253 habent
471 3227 553 3259 Impp.
577 3227 679 3251 Honor.
716 3232 738 3251 et
762 3225 870 3251 Theod.
887 3224 954 3251 Cod.
971 3233 979 3250 1
995 3230 1012 3251 t.
1029 3232 1056 3257 55
1070 3224 1086 3250 l.
1099 3229 1120 3253 8.
1157 3230 1180 3250 et
1202 3224 1294 3250 Inscri-
1357 3233 1454 3258 autem,
1490 3226 1515 3250 ui
1528 3231 1634 3258 coeptum
1647 3226 1696 3248 iter
1710 3223 1822 3258 absoluit.
1859 3222 2017 3248 Reuersione
2030 3226 2124 3258 igitur,
2143 3227 2199 3259 quia
2214 3234 2284 3259 quum
2297 3222 2399 3259 proce-'12'

254 3266 309 3297 ptio
323 3262 470 3290 christiana
486 3260 551 3296 opud
563 3261 676 3286 Fabrett.
697 3270 720 3294 p.
737 3268 786 3292 145.
1352 3261 1437 3295 stſji‘t,
1458 3271 1471 3286 a
1499 3258 1579 3290 auliro
1593 3266 1659 3284 retro
1673 3258 1757 3293 vet-fies
1771 3258 1803 3291 est
1817 3269 1824 3283 ;
1860 3257 1889 3283 id
1901 3258 1964 3292 quod
1977 3258 2026 3294 ipse
2039 3259 2220 3294 luculentrffime
2233 3260 2296 3285 dicit
2308 3262 2364 3295 inip
2375 3255 2399 3286 ol

291 3306 308 3325 R
320 3305 335 3324 E
347 3305 367 3324 V
377 3305 392 3325 Ε
401 3305 418 3324 R
430 3304 444 3323 Ε
458 3304 476 3321 Ν
488 3304 509 3323 Τ
519 3303 527 3322 1
539 3303 571 3328 Α,
584 3305 621 3322 ae.
643 3296 662 3321 f.
698 3295 828 3330 [ira-eonii,
845 3292 919 3325 αῖᾶας,
937 3296 1024 3329 σέβας]
1061 3295 1156 3328 Honor,
1163 3305 1231 3330 quem
1243 3302 1294 3321 tarn
1350 3296 1441 3330 statim
1454 3298 1527 3321 initio
1541 3294 1612 3321 huius
1624 3291 1743 3329 epistolae.
1839 3292 1964 3319 Febr-ium
1985 3294 2099 3322 reuersio
2117 3302 2142 3321 et
2162 3301 2246 3321 motus
2286 3296 2341 3322 Cic.
2373 3303 2399 3321 el

257 3335 348 3364 vprbis,
363 3344 434 3369 qzmm
443 3331 529 3369 fastis
542 3333 618 3358 alicui
637 3331 782 3357 exhibemus.
828 3331 884 3356 Cic.
898 3330 949 3356 Off.
967 3339 984 3361 1,
999 3339 1033 3363 99
1047 3339 1067 3355 c.
1083 3335 1113 3359 28
1137 3331 1293 3357 Adhibenda
1305 3342 1339 3366 90
1359 3333 1421 3360 Nat.
1434 3332 1513 3358 Deor.
1523 3339 1545 3362 3,
1555 3339 1598 3362 24.
1692 3329 1862 3362 Tcmporum
1876 3329 2037 3355 reuersiones
2056 3330 2131 3364 Apul,
2142 3329 2230 3356 Doeir.
2244 3330 2385 3391 Platapss.

258 3368 293 3392 est
307 3368 386 3401 igitur
401 3369 528 3401 quaedam
542 3367 691 3393 reuerentia
705 3366 826 3393 aduersus
836 3366 963 3392 homines.
1035 3366 1131 3400 Magna
1144 3367 1195 3392 fuit
1210 3375 1294 3400 quon·
1399 3374 1417 3393 R
1429 3374 1473 3394 Ev
1483 3373 1498 3393 Ε
1509 3372 1528 3392 R
1539 3372 1560 3391 Τ
1571 3372 1579 3392 1
1592 3370 1609 3391 C
1621 3362 1737 3394 ῢινΜ,
1756 3364 1775 3390 i.
1812 3374 1837 3390 n.
1878 3365 1926 3395 Vt,
1946 3365 2013 3391 Solis
2027 3374 2111 3391 annua
2125 3365 2279 3392 reuerticula
2318 3367 2355 3400 Ap
2380 3367 2399 3396 -i

259 3402 317 3428 dam
331 3404 429 3436 Capitis
443 3403 592 3430 reuerentia
606 3402 663 3429 cani
698 3402 777 3428 Ouid.
794 3401 857 3427 Fau.
871 3409 891 3433 ς,
905 3409 943 3434 57.
1049 3401 1165 3434 Propert.
1180 3411 1199 3433 ς,
1217 3411 1250 3434 13,
1269 3410 1291 3433 13
1358 3403 1460 3431 Florid.
1474 3410 1500 3434 4.
1608 3402 1637 3426 Et
1653 3401 1714 3426 Met.
1726 3408 1738 3433 3
1752 3409 1777 3434 p.
1792 3408 1846 3434 134,
1861 3408 1888 3426 12
1905 3400 1986 3426 Lusus
1999 3401 2045 3427 ille
2059 3410 2137 3436 quem
2172 3415 2216 3420 —-
2250 3410 2298 3435 per
2310 3405 2399 3428 annual

259 3438 340 3464 Nulla
353 3438 387 3463 est
404 3439 540 3472 poscendi,
560 3438 633 3464 nulla
646 3438 681 3464 esi
696 3437 843 3464 reuerentia
857 3436 944 3462 dandi.
1014 3435 1130 3463 Claustra
1146 3437 1254 3471 pudoris
1268 3443 1294 3463 et
1357 3438 1513 3466 reuerticula
1526 3436 1696 3462 celebramus.

258 3474 419 3500 reuerentiae
432 3475 541 3500 resi-asia
563 3475 626 3500 Plin.
641 3473 718 3507 Epist.
733 3482 754 3503 2,
769 3481 796 3506 14
814 3472 845 3498 ad
855 3473 1010 3497 Maximum.
1094 3472 1160 3498 Plin.
1175 3473 1252 3506 Epist.
1269 3480 1292 3504 ς,
1394 3482 1413 3501 R
1423 3481 1438 3500 F.
1449 3480 1466 3497 v
1477 3479 1493 3499 Ε
1505 3478 1523 3498 R
1534 3479 1546 3498 s
1557 3479 1613 3504 OR,
1629 3472 1676 3497 511.
1714 3471 1804 3504 Veget.
1819 3470 1930 3497 Mulom.
1945 3479 1967 3503 3,
1983 3480 2002 3498 11
2039 3471 2065 3497 Si
2083 3470 2227 3502 dysenteria
2246 3472 2398 3499 iumentum=

259 3518 282 3541 3,
297 3514 309 3538 8
349 3509 403 3541 Qui
417 3509 522 3539 recitat,
542 3510 678 3544 aliquanto
689 3509 776 3535 acrius
795 3508 896 3542 scriptis
910 3508 961 3533 suis
974 3506 1128 3533 auditorum
1145 3509 1293 3534 reuerentia
1309 3510 1339 3535 93
1359 3508 1576 3545 apprehenderit,
1595 3507 1743 3533 reuersatur
1756 3506 1811 3531 cius
1827 3506 1933 3539 extalis,
1952 3510 1970 3533 i.
1986 3505 2124 3538 intestinum
2137 3505 2231 3532 rcHum
2248 3507 2354 3534 excidere
2364 3511 2398 3533 eti

260 3544 382 3570 intendit.
490 3545 571 3570 Vultu
594 3544 697 3578 placido
718 3544 811 3571 decens
825 3544 973 3569 reuerentia
1012 3542 1092 3568 Ouid.
1117 3544 1180 3569 Fast.
1210 3552 1238 3576 ς,
1256 3552 1291 3575 23.
1359 3543 1549 3579 conuertifhlet.
1585 3542 1726 3576 Vulgqlnt.
1743 3543 1821 3568 Hose.
1835 3550 1861 3576 7,
1876 3547 1889 3572 8
1916 3542 1992 3569 Panis
2010 3541 2213 3571 subcinericius,
2230 3543 2277 3577 qui
2289 3552 2341 3569 non
2349 3550 2385 3569 re.
2402 3568 2403 3572 Ἰ

259 3580 350 3605 Famae
366 3579 514 3605 reuerentia
550 3580 620 3606 Idem
630 3582 693 3606 Met.
706 3590 731 3614 9,
750 3588 801 3612 353.
895 3577 1002 3613 Imperii
1017 3580 1164 3604 reuerentia
1201 3580 1293 3605 Tacit.
1359 3582 1491 3609 versatur,
1512 3578 1527 3604 ἐ
1540 3577 1762 3612 μιταςρεφόμενος,
1782 3580 1825 3613 qui
1836 3588 1883 3603 non
1897 3581 1963 3604 verti
1980 3584 2003 3604 ct
2017 3575 2111 3611 uersizri
2124 3576 2197 3611 Jblrt.

260 3615 326 3641 Hist.
343 3624 362 3643 1.
378 3622 413 3646 Ξῖ,
428 3623 454 3646 4.
568 3616 698 3642 Columel.
713 3625 744 3645 11,
759 3624 778 3647 ι,
795 3623 824 3641 10
835 3622 842 3633 ·
863 3614 920 3641 Nisi
945 3613 1099 3648 magnitudo
1122 3615 1160 3640 rei
1191 3615 1293 3648 peperit
1395 3624 1412 3643 R
1426 3622 1438 3640 Ρ
1449 3623 1468 3641 v
1478 3622 1494 3640 E
1506 3620 1525 3639 R
1537 3614 1580 3640 sir
1591 3619 1610 3638 T
1621 3620 1673 3645 vs,
1685 3621 1712 3643 a,
1726 3622 1780 3638 um.
1805 3614 1871 3640 Part.
1907 3613 1971 3640 Plin.
1986 3611 2071 3638 Valer.
2088 3619 2108 3643 1,
2121 3620 2150 3643 23
2171 3613 2308 3641 Reuersata
2321 3612 2385 3648 prim

260 3651 434 3676 reuerentiam
455 3649 496 3675 vel
516 3649 644 3681 discendi,
663 3652 705 3677 vel
726 3649 868 3686 profitendi
888 3658 967 3683 paene
982 3649 1133 3675 immensam
1149 3650 1293 3683 scientiam,
1357 3651 1489 3687 palpebra.
1991 3667 1993 3669 -

258 3685 282 3711 h.
297 3696 316 3711 e.
336 3688 467 3711 Timorem.
559 3685 714 3712 Sat-rumenti
730 3686 877 3713 reuerentia
903 3685 991 3711 Tacit.
1001 3685 1066 3711 Hist.
1076 3693 1096 3716 1,
1106 3694 1141 3716 12,
1151 3694 1169 3711 1.
1241 3686 1292 3712 Ab·
1303 3693 1350 3711 100
1394 3693 1410 3712 R
1420 3694 1437 3713 E
1447 3693 1466 3710 v
1477 3689 1603 3714 ESTIO,
1622 3686 1670 3710 ire.
1707 3683 1862 3717 Despectam
1877 3683 1965 3711 vietor
1976 3682 2018 3708 sua
2032 3681 2089 3707 luce
2104 3683 2211 3710 reuestit
2240 3683 2356 3711 Tertuu.
2367 3681 2384 3709 s.

261 3719 290 3746 sit
305 3721 452 3746 reuerentia
467 3728 531 3745 vcro
541 3739 548 3749 ‚
569 3722 587 3745 i.
613 3721 708 3746 §cmm
727 3722 842 3757 personae
865 3720 1003 3757 respeflns,
1020 3727 1043 3746 et
1061 3723 1139 3746 omnis
1146 3720 1237 3755 pudor,
1252 3722 1294 3748 vbi
1360 3721 1482 3756 Cyprian.
1496 3720 1523 3745 in
1536 3720 1615 3745 Marc.
1629 3728 1650 3745 c.
1665 3726 1686 3752 ς.
1979 3751 1984 3756 .

259 3756 322 3790 quid
332 3766 360 3781 ex
367 3756 420 3790 fids
433 3761 552 3781 narratur
587 3755 753 3790 Ouid.Episs.
769 3766 791 3789 ς,
806 3767 837 3783 ιι.
942 3755 1076 3782 Adhibcre
1108 3757 1293 3788 reuerentiam,
1398 3763 1417 3783 R
1428 3762 1496 3782 nvn
1506 3760 1596 3781 STIT
1606 3761 1656 3785 vs,
1671 3763 1694 3785 a,
1707 3762 1759 3780 um.
1778 3755 1844 3781 Part.
1882 3751 2026 3780 Reuestitos
2037 3753 2124 3779 voluit
2136 3753 2226 3781 eadem
2245 3753 2384 3784 substantia,

259 3791 312 3817 vid.
332 3797 482 3817 ADHJBEO.
552 3791 678 3816 Amittere
694 3793 885 3825 reuerentiam,
904 3791 965 3825 Paff
986 3791 1014 3817 de
1026 3801 1067 3821 εο,
1087 3800 1155 3826 quem
1167 3801 1214 3817 111111
1227 3802 1293 3818 reue·
1360 3801 1410 3828 qua
1424 3792 1543 3826 fugerant
1557 3790 1629 3815 exuti
1653 3789 1770 3816 Tertull.
1785 3790 1816 3816 de
1829 3790 1930 3816 Remi-r.
1944 3796 1965 3813 c.
1976 3795 2019 3819 42·
2046 3823 2051 3826 ι

258 3833 344 3852 rentur
351 3827 394 3861 fia*
413 3825 465 3852 md.
487 3831 598 3851 ΑΜιΤΤ
608 3831 637 3852 ο.
744 3828 849 3854 Constat
862 3826 1053 3859 magistratibus
1068 3827 1228 3860 reuerentia,
1238 3828 1291 3854 vid.
1394 3834 1412 3854 R
1422 3834 1437 3854 E
1447 3834 1467 3851 ν
1477 3833 1485 3851 1
1497 3831 1537 3852 BR
1548 3832 1576 3855 ο,
1596 3830 1648 3851 are.
1687 3825 1768 3851 Instar
1782 3825 1881 3860 speculi
1894 3823 1981 3850 radios
1994 3822 2131 3850 reuibrare
2170 3825 2249 3852 Mart.
2258 3824 2358 3861 Capella
2370 3830 2384 3850 ι

258 3867 398 3889 CONSTO.
505 3860 621 3887 Debetur
638 3863 786 3888 reuerentia
799 3863 950 3896 parentibus
967 3861 1099 3896 Qinetil.
1113 3870 1145 3895 11,
1160 3871 1179 3889 1.
1248 3864 1290 3890 Iu·
1300 3871 1343 3896 ¹03
1356 3872 1381 3899 p.
1396 3871 1436 3895 4¹-
1472 3861 1540 3889 Add·
1552 3860 1625 3887 Idem
1638 3865 1651 3890 8
1668 3869 1693 3894 P·
1706 3868 1764 3895 273.
2376 3869 2377 3872 ’

2298 3899 2381 3922 REvi-
