2434 4156
346 134 414 175 543
707 120 734 161 S
840 121 884 161 T
997 122 1035 159 A
1828 112 1854 152 S
1870 170 1879 173 ‚⁷
1960 117 1998 154 T
2107 115 2148 156 A
2313 139 2315 141 ·
2382 140 2402 177 ⁵

351 214 397 236 aut
408 217 467 235 cum
482 214 590 243 argento
604 209 732 243 nascitur,
754 210 889 245 mistisque
905 209 978 236 venis
1004 206 1143 233 conflatur.
1234 238 1241 244 ·
1265 202 1327 229 Eius
1347 203 1394 237 qui
1447 203 1572 240 perferri.
1624 202 1790 230 Stathmorum
1803 201 1914 237 mensura
1928 206 2016 235 varia,
2038 207 2121 232 variis
2133 207 2160 230 in
2174 204 2234 231 locis
2247 203 2320 240 suit:
2337 218 2348 244 J
2378 220 2406 241 α,
2424 218 2434 257 5

351 245 452 280 primus
468 245 526 272 fluit
543 245 571 271 in
584 245 737 273 fornacibus
752 247 858 280 liquor,
878 245 995 271 stamium
1015 242 1175 276 appellatur:
1195 246 1242 273 qui
1257 238 1393 272 secundus,
1447 237 1638 275 sesqmstadium
1647 238 1834 274 ficpracentena
1845 240 1942 270 vicena,
1953 240 1994 265 vel
2006 243 2095 275 quinas
2107 242 2210 267 circiter
2221 221 2378 279 Parqsflngaio

353 286 506 320 argentum:
520 281 604 318 *quod
623 282 744 309 remansit
758 283 786 308 in
799 280 951 307 fornacibus
960 297 966 308 ‚
986 277 1076 310 gale-na
1085 297 1092 308 ‚
1112 283 1178 310 quae
1192 274 1281 308 portio
1294 273 1330 300 est
1344 281 1394 301 ter·
1454 275 1505 302 bat.
1519 275 1547 301 de
1559 284 1604 310 quo
1620 274 1678 300 vide
1693 274 1812 300 Herodot.
1827 290 1836 302 ‚
1846 280 1883 305 52.

351 321 390 342 tia
404 315 493 343 addita
506 325 597 344 venae.
650 319 721 344 Haec
739 318 827 344 rursus
846 315 970 343 conflata,
997 312 1040 338 dat
1055 312 1161 345 nigrum
1177 309 1331 349 plumbum,
1350 310 1394 337 de·
1492 314 1567 337 STA
1577 310 1617 336 Τῖ
1627 316 1644 336 c
1655 316 1682 342 Ε,
1703 318 1738 335 es.
1759 309 1778 335 f.
1815 307 1941 342 [ςατικῆ]
1978 309 2065 337 Genus
2078 310 2186 338 herbae.
2222 311 2290 338 Plin-
2303 307 2376 349 26,a{÷.
2387 336 2393 344 η

351 351 436 378 dusiis
449 352 567 387 partibus
581 352 690 380 duabus.
797 350 901 376 Ibidem
916 357 943 382 17
953 355 994 382 pr.
1012 354 1046 380 48
1062 345 1294 373 Stannumillitum
1307 345 1396 371 aeneis
1418 351 1432 377 ς
1453 344 1564 385 ‘effeetus
1578 345 1687 381 praestat
1701 351 1727 372 et
1739 344 1827 371 statice
1847 344 1945 378 septem
1964 344 2098 378 caulibus,
2130 346 2214 373 veluti
2233 348 2308 374 rosae
2324 357 2355 379 <³³
2386 342 2403 368 ,‘

351 387 432 420 valis,
450 389 570 422 saporem
585 389 728 423 gratiorem
741 386 821 417 facit,
838 391 863 410 et
880 384 1022 418 compescit
1031 383 1164 417 aeruginis
1180 381 1269 408 virus:
1286 381 1395 409 mirum·
1456 389 1527 407 nens.
1669 379 1714 417 52
1730 379 2213 415 Ap.mathematicos‚parsmechanica.
2389 386 2398 402 f
2429 367 2434 392 l

351 432 418 457 que,
433 423 534 459 pondus
547 433 600 450 non
614 430 698 458 auget.
738 422 860 455 Stagnum
874 418 916 452 tffi’
933 423 959 444 in
974 420 1034 445 Vet.
1048 419 1091 444 Gl.
1105 422 1155 444 iam
1166 420 1311 443 monuimus.
1494 423 1535 443 ST
1545 422 1566 443 A
1577 423 1617 443 '1¹1
1627 413 1697 444 (ἰΰι.
1707 422 1778 447 VM,
1808 416 1826 441 i.
1844 424 1871 441 n.
1926 414 2252 454 Paruastatua,fig1·llum,
2282 415 2350 449 ηιόΙῤ
2368 415 2370 418 ’

389 465 402 485 S
413 465 495 486 TAN
504 467 526 486 N
536 466 552 486 Ε
562 467 581 485 v
594 466 709 491 s,a,um.
723 456 784 482 Adi.
799 454 996 490 [κασσιτερινός]
1017 454 1089 489 Quod
1101 450 1338 489 exstannosafl'um
1351 449 1394 485 esi.
1456 452 1528 486 causa
1540 451 1660 479 additum.
1750 451 1816 478 Plin.
1832 459 1874 482 34,
1887 457 1915 484 ¹7
1928 450 1946 476 fi
1960 455 1989 482 48
2009 451 2148 487 Similique
2160 452 2241 479 modo
2256 461 2270 478 a
2295 458 2356 484 wls,
2365 448 2382 492 l

349 494 526 528 Columel.12,
535 504 563 528 4¹
573 495 604 520 In
613 494 708 520 cacabo
717 490 931 526 figulinouo,vcl
941 491 967 517 in
976 491 1081 516 stanneo
1089 490 1214 522 coquitur
1225 488 1304 516 musti
1316 487 1393 514 arbu-
1457 493 1483 512 et
1496 494 1616 521 argentea
1629 487 1746 518 staticula
1759 486 1844 513 inanis
1857 486 1962 512 luxuria
1975 486 2113 520 peruenit,
2131 496 2250 523 quaeque
2263 488 2292 514 in
2304 489 2338 520 s„
2350 502 2355 511 .
2366 495 2369 501 ²

349 530 412 557 ssiui
425 531 538 558 aminaei
547 538 618 556 vrna.
634 531 666 555 al.
680 528 793 561 stagneo.
832 526 949 559 Plin.29,
962 535 974 551 2
988 526 1064 552 Tum
1072 525 1101 551 in
1115 525 1218 551 stannea
1230 523 1394 559 pyxidecon-
1409 530 1439 550 10
1457 522 1610 557 prodigium
1623 529 1692 555 erat,
1708 523 1771 549 haec
1784 522 1813 549 in
1825 520 1957 549 vehiculis
1969 524 2062 555 atteri,
2083 522 2167 549 cultus
2179 528 2299 550 vocatur.
2320 501 2370 547 ἔθ’
2389 539 2391 541 -

349 566 430 594 ditur.
451 566 538 593 Tecta
551 564 653 591 stannea
662 562 895 589 Fortunat.Carm.
905 571 924 594 1,
933 567 955 591 8.
1450 558 1528 595 ferus
1540 559 1568 584 de
1581 560 1616 585 Re
1627 560 1702 587 vebia.
1713 569 1732 592 1,
1741 561 1768 585 16
1777 568 1801 592 p.
1815 560 1867 584 206
1887 556 1976 584 reiet‘lo
1990 566 2072 585 errore
2084 559 2198 591 illorum,
2215 562 2258 594 qui
2271 554 2354 587 cuniis
2368 565 2376 585 ⁷,
2424 575 2434 598 Ι

387 610 400 630 s
419 608 441 629 T
458 609 480 628 A
494 608 516 627 N
532 606 553 626 N
570 601 588 626 Ᾰ
603 605 624 626 'r
642 605 661 625 Ο
678 604 697 624 R
707 618 716 631 ,
748 598 811 625 aris.
843 606 878 624 m.
916 595 1135 632 [κασσιτερειργδς]
1172 595 1252 623 Glots.
1272 595 1318 624 Gr.
1337 594 1395 623 Lat.
1455 595 1673 629 terpretabamur‚
1688 604 1759 631 quani
1772 594 1880 620 diximus
1893 593 2214 628 interpretationemdedit,
2232 601 2256 620 et
2267 603 2296 621 ex
2310 595 2372 624 'Gra‘

349 638 384 665 al.
402 638 546 671 Stagnator.
1456 632 1542 665 nisque
1556 630 1721 665 Scriptori'bus
1732 639 1820 657 currus
1833 638 1902 659 auro,
1920 629 1997 663 ebore,
2014 632 2116 665 gemmis
2128 632 2207 655 cultos
2216 628 2334 665 protulit}
2347 643 2351 647 -

383 681 397 701 s
407 679 428 699 T
439 679 460 699 Α
470 678 483 697 P
492 678 508 698 Ε
519 676 537 696 D
546 677 579 703 A,
596 669 648 696 vid.
664 676 676 696 s
686 675 735 696 TA
744 675 758 694 P
769 675 819 695 1A.
1460 674 1488 690 10
1501 666 1520 691 s.
1535 673 1568 698 54
1591 666 1619 691 de
1639 667 1764 699 Achatis,
1784 664 1907 691 Reddunt
1919 665 1990 690 enim
2004 665 2101 699 species
2114 666 2254 691 fluminum
2269 685 2278 698 ‚
2295 667 2372 699 neni?

388 715 401 734 s
410 716 431 735 T
442 715 462 734 A
471 712 514 732 PH
525 713 533 732 1
543 713 567 738 s,
589 705 647 732 i'dis.
669 705 689 730 f.
727 705 740 738 [
747 704 819 738 ςαφὺ
832 702 928 739 ἐγρίοι]
965 702 1061 730 Herbae
1069 712 1162 729 nomen.
1197 702 1300 737 Staphis
1313 701 1395 737 agria,
1414 711 1439 734 ις
1457 701 1649 733 iumentorum,
1668 703 1746 727 etiam
1762 702 1854 733 esseda,
1867 707 1892 726 et
1905 700 2032 731 staticula,
2040 707 2065 727 et
2078 710 2210 736 equorum
2221 707 2354 733 ornament

348 753 428 779 quam
441 741 550 769 herbam
566 739 755 775 pediculariam
764 761 772 774 ‚
798 739 870 773 quod
884 739 1020 774 pediculos
1039 745 1122 770 necat,
1141 738 1250 772 quidam
1264 738 1394 772 appellant
1456 737 1517 763 tetis
1531 741 1557 762 et
1570 737 1755 763 comminuetis
1768 736 1885 763 staticula
1897 736 2017 762 Tertull.
2033 736 2091 763 adu.
2105 736 2194 763 Gnost.
2208 745 2260 764 ca..
2310 746 2352 768 con

349 779 469 806 Scribon.
485 779 559 807 8.166
574 777 612 810 sq.
750 776 817 802 Plin.
831 784 870 807 23,
886 786 891 801 1
906 775 925 801 s.
943 783 964 807 13
995 774 1115 809 Astaphis
1128 775 1215 808 agria,
1230 774 1281 800 fiue
1296 774 1392 807 staphis
1456 772 1490 800 ad
1502 772 1582 798 Solin.
1597 782 1622 806 p.
1635 781 1680 807 94.
1717 773 1846 799 Laudatur
1860 774 1933 798 etiam
1946 771 2029 798 Plaut.
2040 771 2120 798 Stich.
2133 780 2157 805 ς,
2171 780 2223 806 7,4
2240 770 2358 809 Nunc‘pa

348 823 428 851 quam
440 821 518 840 vuam
529 811 667 838 taminiam
681 811 766 846 aliqui
779 816 875 837 vocant
896 810 963 837 falso
993 811 1084 841 (suum
1104 811 1175 836 enim
1196 819 1276 846 genus
1295 809 1392 841 habet)
1457 807 1505 840 bo,
1527 816 1617 834 omnes
1629 817 1697 834 voco
1717 809 1854 840 cinaedos,
1882 813 1973 833 contra
1993 808 2119 834 staticulis
2130 808 2196 834 stare
2209 816 2263 834 non
2274 807 2357 843 magifi-

348 849 483 877 cauliculis
496 848 580 882 nigris
596 847 674 874 reStis
683 867 692 880 ,
709 847 784 873 foliis
797 846 929 872 labruscae
940 857 945 872 :
983 846 1036 873 fert
1053 846 1190 872 folliculos
1208 846 1298 873 verius
1311 854 1390 880 quain
1455 852 1534 878 quam
1546 843 1641 878 fungus
1653 844 1744 871 imbri.
1798 844 1846 872 Sed
1857 846 1884 869 in
1896 846 2019 879 plerisque
2032 843 2254 879 eaemplaribusfic
2273 846 2332 879 legit
2344 838 2355 878 Γ,

347 886 448 917 aeinos,
466 884 576 916 virides,
594 883 691 910 fimites
706 882 801 909 ciceri:
819 882 847 908 in
860 881 901 908 his
913 882 1035 908 nucleum
1048 882 1219 916 triangulum.
1274 883 1390 908 Mature·
1403 883 1437 901 20
1453 879 1554 914 pariter
1565 880 1653 906 ambo.
1671 889 1762 906 onmes
1776 887 1844 906 voco
1858 878 1990 912 cinaedos,
2010 886 2102 905 contra
2115 879 2180 906 Satis
2193 879 2241 905 ess‘e
2254 880 2347 911 nobisn,

348 921 396 948 scit
409 929 469 946 cum
488 918 641 952 vindemia,
664 918 840 953 nigrescitque
851 937 859 950 ,
884 927 967 952 quum
986 918 1111 944 taminiae
1132 917 1254 943 rubentes
1272 917 1393 944 norimus
1454 915 1524 950 potis
1537 914 1591 948 est,
1609 924 1689 950 quam
1701 916 1786 949 fungo
1799 915 1896 942 imber.
1958 930 1966 940 .
2335 925 2351 949 ῥ’,

348 956 454 984 aeinos:
487 956 651 990 sciamusque
668 955 742 981 illam
761 954 790 980 in
810 954 906 988 apricis
925 954 992 980 nasci
1002 974 1010 986 ‚
1037 953 1103 980 hanc
1121 962 1174 979 non
1188 952 1236 978 nifi
1253 952 1282 979 in
1296 953 1392 986 opacis.
1492 958 1504 976 S
1514 957 1536 977 Τ
1549 958 1571 977 Α
1582 956 1604 976 Τ
1616 958 1627 977 1
1637 957 1654 978 c
1666 959 1686 978 v
1697 958 1778 982 Lvs,
1807 951 1826 976 i.
1845 960 1879 978 in.
1932 949 2044 976 Videtur
2057 950 2206 977 Saltationix
2217 959 2310 987 genus,
2327 952 2369 985 ἰιμρἸ

2348 910 2357 917 ‹-

349 1008 395 1013 —
416 991 532 1025 Qiidam
547 1000 603 1017 eam
622 990 787 1025 pituitariam
799 996 912 1022 vocant,
928 996 954 1016 et
966 989 1048 1024 plagis
1062 989 1222 1023 serpentium
1234 989 1327 1022 vtique
1341 988 1394 1014 illi·
1447 987 1535 1022 subito
1547 986 1614 1022 quasi
1625 984 1755 1018 standum,
1772 995 1837 1013 nunc
1854 984 2027 1022 prosiliendum
2041 985 2083 1017 est.
2214 992 2281 1013 §.ato
2295 995 2322 1011 a
2346 998 2359 1025 ¹.

347 1034 423 1054 nunt.
459 1027 552 1054 Contra
561 1029 680 1060 pituitam
694 1026 830 1053 Gallinacei
842 1028 941 1061 generis
953 1029 1026 1051 etiam
1039 1024 1215 1051 commendant.
1287 1023 1392 1051 Colum.
1454 1023 1556 1049 Saturn.
1569 1032 1593 1055 2,
1610 1031 1637 1048 ι’)
1663 1023 1814 1049 Senatorem
1833 1031 1888 1048 non
1906 1022 2052 1056 ignobilem
2065 1021 2212 1048 Caecilium
2226 1022 2364 1056 Ξρᾱείᾱῑῳ-

347 1069 372 1097 8,
380 1071 400 1097 ς,
410 1071 445 1089 21.
481 1062 605 1094 Pallad.1‚
622 1069 661 1097 27,
674 1070 697 1094 3.
767 1060 890 1096 Staphide
898 1061 971 1096 agria
989 1060 1175 1093 Scribon.243.
1408 1060 1437 1087 25
1454 1059 1606 1085 scenninum
1622 1065 1714 1091 vocat,
1731 1067 1846 1092 eumque
1863 1058 1995 1084 staticulos
2007 1058 2083 1088 dare,
2116 1057 2158 1083 his
2179 1057 2272 1084 verbis
2289 1057 2326 1084 ait
2349 1048 2368 1079 Ἶῗ

382 1106 394 1126 s
404 1104 478 1125 TAP
489 1105 510 1124 H
520 1105 538 1124 Y
548 1106 564 1125 L
574 1105 601 1130 E,
618 1098 699 1132 agria,
717 1096 781 1124 idem
794 1097 871 1132 Apul.
887 1096 918 1122 de
932 1096 1015 1123 Herb.
1023 1105 1044 1123 c.
1052 1105 1093 1129 74.
1455 1094 1486 1120 dc
1502 1094 1652 1125 cantherio,
1671 1095 1731 1120 inde
1745 1094 1878 1120 staticulos
1892 1094 1969 1125 dare,
1994 1093 2148 1120 ridicularia
2168 1093 2289 1120 fundere.

383 1141 396 1160 S
405 1142 425 1161 T
434 1142 454 1160 A
465 1141 480 1159 P
490 1141 510 1160 Η
523 1141 541 1160 Υ
553 1135 587 1161 Li
596 1141 617 1160 N
629 1140 682 1166 vs,
699 1132 719 1159 i.
741 1142 776 1160 m.
805 1131 960 1167 ’[ςαφυλῖνος
973 1130 1063 1167 ἄγριος]
1100 1129 1230 1158 Columel.
1240 1138 1267 1163 9,
1276 1138 1294 1164 4
1314 1129 1391 1157 Tum
1453 1134 1577 1162 eundem,
1594 1131 1729 1157 Praeterea
1742 1136 1827 1156 cantat
1840 1130 1886 1155 vbi
1901 1129 2038 1160 collibuit,
2058 1129 2192 1155 interdum
2206 1129 2320 1156 Graecos
2331 1126 2363 1156 v*

347 1170 454 1205 agrestis
470 1169 615 1205 pastinaca,
633 1176 658 1195 et
676 1168 794 1195 eiusdem
805 1169 923 1195 nominis
941 1168 1073 1200 edomita,
1106 1176 1184 1200 quam
1204 1166 1298 1192 Graeci
1314 1172 1391 1200 ςαφυ-
1457 1167 1532 1192 iocos
1547 1165 1627 1198 dicit,
1646 1175 1723 1192 voces
1737 1165 1867 1196 demutat,
1887 1165 2017 1191 staticulos
2031 1165 2082 1191 dat.
2119 1167 2224 1191 §ubam
2235 1164 2339 1191 Μαι-ὀὒ
2374 1167 2375 1170 ’

345 1209 406 1232 λῖνσν
420 1211 524 1233 vocant.
641 1205 709 1231 Ptin.
726 1213 769 1237 20,
783 1212 796 1238 ς
827 1205 949 1231 Alterum
967 1212 1048 1238 genus
1069 1203 1104 1228 est
1120 1202 1297 1237 staphylinOS,
1319 1201 1389 1235 quod
1453 1203 1548 1228 locutor
1558 1221 1566 1233 ‚
1593 1202 1663 1228 Haec
1678 1202 1744 1228 Cato
1754 1222 1762 1234 ‚
1786 1202 1829 1228 cui
1844 1207 1872 1227 vt
1887 1201 2000 1233 videtis,
2026 1207 2107 1226 etiam
2121 1207 2225 1227 cantare
2239 1209 2294 1226 non
2305 1201 2330 1226 se
2345 1218 2356 1233 ,¹
2432 1223 2433 1226 ,

345 1242 503 1277 pastinacam
517 1240 655 1267 erraticam
668 1246 771 1267 vocant.
865 1240 941 1266 Idem
956 1248 992 1273 25,
1005 1248 1022 1272 9
1045 1239 1071 1265 Si
1085 1239 1137 1264 iam
1153 1238 1268 1264 maxime
1282 1238 1390 1263 tertium
1406 1244 1436 1268 30
1454 1237 1570 1264 videtur.
1618 1240 1656 1264 De
1669 1240 1805 1265 §attritione
1820 1237 1914 1273 quidem
1928 1236 2013 1262 dedita
2025 1245 2097 1271 opera
2112 1237 2148 1262 ibi
2166 1240 2261 1272 agitur.
2317 1237 2354 1262 ‘N'
2428 1260 2432 1276 ⁹

346 1287 427 1312 genus
442 1278 527 1303 facere
538 1276 640 1308 libeat,
665 1276 701 1303 est
716 1275 799 1302 simile
811 1276 977 1310 staphylino,
1000 1274 1070 1309 quod
1082 1274 1238 1309 pastinacam
1252 1273 1391 1301 erraticam
1454 1276 1629 1308 interpretatio
1638 1275 1740 1308 prolata
1754 1274 1787 1306 est
1801 1273 1930 1300 verborum
1967 1272 2052 1298 Plauti
2065 1273 2130 1299 reis.
2143 1281 2166 1305 5,
2182 1281 2207 1306 2,
2219 1281 2250 1304 43
2264 1271 2333 1306 >Neq
2348 1271 2352 1278 ”
2423 1272 2425 1281 ”

344 1313 485 1348 appellant.
522 1312 810 1347 conf.Colum.10,168.
847 1313 923 1346 Apul.
937 1310 1128 1339 del-lerb.c.80
1455 1309 1522 1343 quin
1534 1308 1585 1334 tibi
1599 1308 1688 1334 saltem
1704 1309 1852 1335 staticulum
1867 1307 1943 1340 dem,
1966 1308 2032 1333 olim
2054 1317 2133 1342 quem
2155 1309 2245 1342 Hegea
2262 1307 2362 1337 faciel)
2420 1295 2432 1319 'l

382 1355 394 1375 s
404 1355 424 1374 Τ
433 1356 455 1375 A
464 1355 478 1374 Ρ
488 1355 508 1374 H
520 1355 536 1373 r
548 1355 563 1373 L
573 1354 592 1373 o
603 1355 620 1374 D
630 1355 643 1372 k
656 1355 677 1374 N
687 1355 705 1374 D
715 1354 732 1373 R
743 1354 762 1373 O
773 1354 797 1373 s.
834 1344 1060 1381 [quovultdeus]
1087 1344 1201 1386 Arbor,
1225 1352 1292 1379 quae
1305 1344 1334 1370 in
1349 1343 1391 1370 Al-
1456 1352 1538 1376 vero,
1561 1343 1577 1369 si
1591 1344 1642 1370 tibi
1656 1345 1715 1370 satis
1730 1344 1822 1378 placet.
1878 1347 1888 1376 (
1901 1346 1951 1370 Hic
1963 1344 2095 1370 ridiculam
2107 1345 2268 1370 §attauonem
2281 1346 2353 1376 insti
2416 1342 2429 1395 ζ

2418 1413 2427 1423 ι(

346 1384 420 1418 pium
435 1384 503 1418 iugis
518 1383 659 1415 excrescit,
679 1383 750 1409 aceri
765 1382 913 1414 simillima,
930 1383 989 1409 alba
1001 1388 1119 1411 materia,
1140 1380 1245 1414 siliquas
1258 1380 1353 1411 ferens,
1366 1385 1392 1406 et
1455 1386 1502 1407 SA.
1538 1380 1584 1406 Me
1599 1388 1706 1413 quoque
1720 1379 1783 1405 volo
1800 1379 1926 1411 reddere,
1946 1380 2081 1405 Diodorus
2102 1388 2179 1413 quem
2201 1379 2268 1405 olim
2286 1379 2350 1405 faci·

342 1419 372 1445 in
384 1420 421 1445 eis
435 1418 541 1445 nucleos
555 1419 646 1453 sapore
660 1418 734 1444 nucis
747 1418 890 1444 auellanae.
929 1419 996 1444 Haec
1010 1418 1076 1446 Ptin,
1091 1419 1127 1449 16,
1136 1419 1163 1443 16
1177 1416 1196 1443 s.
1208 1425 1244 1449 27-
1282 1416 1391 1451 Quidam
1407 1423 1435 1449 35
1455 1416 1509 1442 nia.
1547 1415 1620 1449 (Hic
1634 1417 1698 1442 alias
1712 1415 1795 1442 editur
1802 1415 1930 1448 saliano)
1967 1416 2056 1449 Hegea
2067 1422 2091 1440 et
2105 1416 2240 1442 Diodorus
2254 1414 2321 1441 vider

345 1456 442 1481 eandem
457 1454 600 1487 existimant
613 1463 666 1480 cum
680 1452 845 1489 Theophrasti
857 1453 966 1480 colicea.
1453 1450 1601 1484 htstrionum
1611 1453 1710 1477 nomina
1717 1449 1804 1486 jurffi.
1842 1450 1929 1476 Ionici
1941 1457 2029 1476 motus
2040 1453 2143 1486 lasarum
2155 1451 2247 1477 nobiles
2261 1459 2307 1477 etc.
2423 1448 2432 1481 ,⁵,

379 1497 392 1517 S
405 1497 425 1516 Τ
435 1497 458 1517 A
468 1497 483 1517 Ρ
495 1497 515 1516 H
526 1497 543 1516 Y
554 1496 569 1515 1.
579 1496 598 1516 O
608 1496 674 1522 MA,
693 1489 751 1516 atis.
770 1498 796 1515 n.
855 1489 959 1516 Morbus
971 1489 1101 1519 oculorum,
1108 1496 1129 1513 -a
1139 1485 1305 1520 fimilitudine
1323 1488 1392 1514 acini
1453 1489 1552 1514 tulerim
1560 1486 1623 1522 sane
1637 1486 1768 1513 Harduini
1775 1486 1933 1522 sententiae,
1952 1489 1995 1521 qui
2009 1494 2061 1512 not.
2075 1490 2134 1513 mai.
2148 1495 2176 1519 25
2188 1486 2221 1512 ad
2234 1486 2352 1519 Plin.34,

341 1529 369 1553 in
390 1536 440 1552 vua
460 1525 562 1558 dietus,
584 1525 612 1551 de
632 1534 678 1561 quo
705 1525 773 1552 Cels.
797 1532 824 1559 7,
841 1532 887 1557 3¹¹·
954 1525 1046 1558 Veget.
1063 1523 1095 1549 de
1114 1524 1152 1549 Re
1172 1523 1292 1550 Veterin.
1308 1531 1333 1554 2,
1353 1532 1391 1557 19.
1454 1524 1567 1557 Hegiam
1582 1529 1605 1548 ct
1619 1522 1769 1549 Diodorum
1773 1520 1915 1555 statuarios
1927 1523 2026 1548 atnmde
2037 1529 2117 1553 notos,
2127 1522 2175 1558 sed
2185 1522 2333 1558 nihilprofe
2354 1522 2365 1551 ,ὶῖ

342 1562 403 1589 Odi.
424 1563 517 1589 Horat.
539 1570 609 1593 1,10.
1454 1565 1507 1584 tum
1520 1559 1602 1586 mites.
1651 1558 1807 1584 staticulum
1823 1556 1886 1584 dare
1906 1557 2045 1584 Catoniana
2057 1557 2173 1593 formula
2178 1557 2309 1595 fignificat
2320 1558 2372 1595 gell,

378 1605 391 1624 s
400 1605 421 1624 Τ
430 1606 449 1623 Α
458 1604 472 1623 r
483 1604 503 1624 H
515 1604 531 1623 Υ
542 1605 558 1623 L
568 1603 588 1621 v
598 1604 611 1623 s
620 1616 627 1628 ,
653 1596 671 1623 i.
692 1605 726 1622 m.
777 1596 843 1623 Anii
854 1601 946 1631 pater,
970 1594 1059 1631 Thesei
1068 1594 1138 1630 filius
1145 1593 1206 1628 fuit
1220 1603 1249 1620 ex
1262 1593 1390 1627 Ariadna,
1408 1596 1445 1622 40
1454 1594 1519 1625 dam,
1541 1597 1649 1626 mimum,
1660 1594 1821 1630 saltationem
1833 1593 1908 1620 edere.
2061 1603 2064 1606 >
2355 1603 2369 1626 μ

340 1640 371 1659 vt
384 1636 411 1659 in
429 1634 520 1668 Theſs-0
526 1632 622 1666 scribit
637 1631 784 1659 Plutarchus
792 1652 800 1664 ,
817 1633 872 1663 vet,
890 1638 919 1657 υι
940 1632 1001 1657 aliis
1013 1632 1097 1666 placet
1105 1650 1113 1662 ‚
1137 1630 1229 1656 Bacchi
1243 1639 1272 1656 ex
1284 1631 1390 1667 Erigone
1492 1636 1505 1656 s
1517 1637 1538 1656 T
1547 1637 1569 1656 A
1579 1637 1599 1656 T
1610 1636 1620 1655 1
1632 1637 1648 1655 L
1660 1637 1667 1655 t
1679 1637 1699 1655 N
1709 1636 1729 1655 v
1737 1637 1773 1662 M,
1792 1635 1815 1656 et
1839 1636 1852 1656 s
1862 1635 1882 1654 Τ
1893 1636 1915 1656 Α
1925 1636 1947 1656 Τ
1955 1636 1978 1656 Α
1987 1635 2010 1656 N
2022 1636 2042 1654 v
2050 1636 2086 1661 M,
2101 1636 2125 1656 et
2146 1634 2163 1655 F
2175 1635 2198 1655 A
2209 1635 2226 1656 Β
2234 1636 2254 1654 ν
2263 1637 2280 1656 1.
2289 1636 2298 1655 1
2308 1636 2330 1657 N
2338 1635 2380 1664 vt,

344 1670 414 1695 Icari
426 1668 491 1703 filia,
508 1677 568 1703 quae
583 1668 613 1694 ab
627 1668 671 1693 hoc
684 1668 725 1694 deo
741 1671 768 1693 in
784 1676 844 1694 uuae
852 1667 959 1702 speciem
971 1673 1064 1692 mutato
1078 1664 1209 1701 compreffz
1218 1667 1311 1701 tegitur
1323 1665 1391 1701 apud
1451 1665 1515 1692 fides
1523 1666 1593 1692 Deos
1601 1666 1687 1692 Varro
1695 1666 1772 1698 Cato,
1783 1664 1823 1691 vel
1833 1664 1865 1691 de
1873 1665 1978 1692 Liberis
1986 1665 2135 1696 educandis,
2148 1664 2383 1699 puerilisaetatiss

345 1704 426 1731 Ouid.
438 1705 501 1730 Met.
516 1707 542 1735 6,
552 1711 594 1735 ης
618 1703 699 1729 Liber
718 1709 746 1729 vt
758 1703 890 1736 Erigonen
902 1702 967 1728 falsa
980 1702 1111 1736 deceperit
1126 1710 1186 1727 vua.
1228 1701 1297 1728 Vnde
1309 1711 1389 1728 eorum
1452 1702 1496 1727 Ali
1511 1701 1616 1728 Statano
1628 1707 1654 1727 et
1667 1701 1798 1733 Statilino,
1820 1709 1937 1735 quorum
1949 1702 2059 1729 uomina
2073 1702 2169 1728 habent
2183 1703 2277 1735 scripta
2289 1700 2374 1736 pontifi

342 1739 398 1774 filio
411 1748 496 1766 nomen
508 1738 645 1773 impositum
659 1738 808 1772 Staphylus:
832 1741 889 1772 quia
902 1737 1001 1770 ςαφυλή
1015 1746 1087 1763 uuam
1107 1736 1237 1773 significat.
1290 1735 1388 1770 Aristo-
1452 1746 1512 1763 cum
1526 1738 1614 1771 primo
1627 1737 1681 1763 fari
1696 1736 1875 1771 incipiebant,
1893 1736 2072 1764 sacrificabant
2083 1737 2149 1763 diuo
2162 1731 2300 1764 Fabulino.
2344 1736 2378 1763 ,Η

338 1776 434 1812 phanis
448 1781 528 1801 tamen
541 1777 568 1800 in
581 1775 680 1800 Plutum
693 1775 882 1799 commentarius
897 1772 961 1798 hunc
974 1782 1022 1798 non
1037 1773 1129 1798 Bacchi
1140 1772 1226 1807 filium
1237 1792 1246 1804 ,
1263 1773 1312 1808 fid
1324 1775 1384 1798 ami·
1405 1777 1441 1803 45
1452 1773 1511 1798 nius
1530 1781 1563 1802 12,
1582 1775 1621 1804 56.
1655 1773 1725 1808 conf.
1741 1772 1879 1807 Augustin.
1887 1773 1916 1799 C.
1926 1773 1957 1798 D.
1966 1781 2036 1805 4,21.
2322 1792 2324 1796 ,

342 1821 397 1839 cum
409 1810 525 1846 appellat.
585 1808 685 1835 Probus
706 1815 836 1835 enarrator
862 1808 984 1843 Virgilii,
1010 1816 1059 1833 non
1078 1808 1222 1842 Staphylum
1236 1817 1251 1832 a
1261 1806 1387 1842 staphyle,
1493 1809 1657 1833 5ΤᾸΤ1Μ.
1694 1807 1761 1833 Adu.
1814 1807 1920 1840 [evag
1940 1808 2057 1843 αὐτίκα]
2112 1808 2242 1836 Ρκοάυᾶε
2261 1808 2343 1843 prima
2359 1807 2373 1833 S

336 1845 524 1883 fidstaphylen
539 1854 554 1871 a
566 1845 684 1880 Staphyla
699 1843 792 1870 diHam
804 1841 938 1875 existimat.
991 1843 1033 1871 Sic
1045 1845 1108 1868 enim
1121 1853 1149 1868 tn
1163 1842 1225 1867 illud
1237 1842 1385 1876 Georg.1,9
1449 1841 1556 1875 Stando,
1577 1842 1782 1877 perseueranter,
1801 1850 1827 1869 et
1840 1843 1985 1877 aequaliter
2004 1843 2139 1878 fignificat.
2234 1845 2342 1873 Terent.
2362 1840 2374 1875 ζ

345 1882 494 1916 Poculaque
508 1881 624 1907 inuentis
640 1879 767 1906 Acheloia
788 1878 893 1905 miscuit
910 1878 985 1909 vuis,
1011 1878 1119 1904 Aetolus
1139 1877 1225 1912 pastor
1243 1877 1390 1911 Staphylus,
1451 1885 1475 1910 5,
1489 1886 1512 1909 3,
1527 1887 1539 1910 7
1577 1879 1646 1904 Nam
1665 1886 1697 1904 ex
1716 1878 1758 1905 his
1776 1880 1890 1912 praediis
1915 1881 2035 1914 argenti)
2072 1880 2138 1906 Bina
2158 1879 2254 1907 talenta
2270 1878 2372 1914 capieba

344 1927 426 1953 quum
441 1916 526 1943 Oenei
540 1916 650 1950 capellas
662 1915 690 1941 in
705 1915 830 1950 pabulum
842 1915 963 1944 duceret,
989 1914 1093 1940 notauit
1107 1922 1185 1940 vnani
1201 1914 1339 1947 praecipue
1352 1914 1388 1938 se·
1451 1914 1550 1945 (Etiam
1563 1914 1680 1940 Donatus
1694 1916 1801 1950 explicat
1813 1920 1952 1948 perpetuo,
1970 1915 2132 1949 aequaliter,
2147 1923 2170 1942 et
2179 1919 2285 1951 primam
2296 1916 2375 1950 tangat

342 1954 478 1981 cedentem
490 1961 505 1978 a
522 1960 614 1985 grege,
633 1951 772 1977 laetiorem
787 1950 897 1976 cacteris
907 1969 915 1981 ,
929 1949 1102 1983 recipientem
1115 1950 1139 1975 se
1153 1949 1233 1975 serius
1246 1949 1274 1974 in
1287 1950 1386 1983 praese·
1402 1956 1433 1982 50
1452 1950 1551 1975 Ennius
1570 1950 1666 1981 Aiace,
1688 1950 1743 1982 Qui
1756 1958 1812 1976 rem
1828 1959 1887 1976 cnm
1904 1950 2014 1977 Achiuis
2026 1952 2153 1985 gesserunt
2166 1952 2256 1978 statim.
2274 1949 2375 1983 (stando
2394 1945 2399 1971 ,¹
2428 1973 2429 1976 ,

344 1989 396 2023 pia.
433 1988 515 2014 Cuius
527 1986 568 2012 rei
582 1992 610 2012 vt
625 1986 726 2011 causam
740 1986 922 2019 cognosceret,
941 1985 1043 2011 secutus
1058 1984 1094 2010 est
1107 1993 1165 2010 eam
1179 1984 1253 2010 clam.
1310 1985 1341 2010 Et
1358 1984 1388 2010 in
1450 1984 1548 2021 giendo.
1584 1986 1625 2011 Sic
1638 1988 1773 2021 imperator
1784 1985 1819 2012 ad
1833 1987 1927 2012 milites
1942 1988 2033 2022 apud)
2051 1988 2133 2014 Plaut.
2147 1987 2238 2021 Amph.
2258 1989 2294 2017 (t,
2304 1992 2322 2015 1;
2329 1991 2369 2018 84.
2404 1996 2407 2005 ι

342 2029 445 2051 remota
456 2022 543 2057 stipite
554 2021 742 2048 animaduertit
762 2029 842 2047 vuam
858 2020 980 2046 edentem
1008 2029 1117 2054 pomum
1140 2019 1188 2046 sibi
1210 2019 1387 2054 incognitum:
1453 2020 1555 2047 recedat
1573 2020 1641 2052 loco,
1650 2022 1716 2055 quin
1728 2021 1813 2047 statim
1827 2031 1884 2048 ren-1
1896 2029 1977 2056 gerat.
2047 2022 2116 2050 Ibid.
2136 2024 2213 2055 (120)
2235 2021 2291 2047 Nec
2305 2021 2377 2053 Iugut

341 2066 368 2087 et
381 2059 499 2091 sustulit,
517 2057 628 2092 regique
641 2057 750 2091 pertulit
761 2057 863 2082 Oeneo.
907 2055 962 2089 Qui
977 2056 1093 2090 expresso
1107 2055 1220 2082 humore
1235 2056 1387 2088 delefflatus,
1451 2057 1614 2095 Vesperugo,
1630 2065 1716 2090 neque
1727 2057 1859 2092 Vergiliae
1873 2057 2007 2091 occidunt,
2019 2058 2055 2084 ita
2070 2059 2152 2085 statim
2163 2057 2226 2082 stant
2236 2055 2310 2089 ligna.
2345 2055 2377 2079 H.
2392 2070 2395 2090 ι

341 2105 423 2131 quum
438 2103 499 2121 eum
511 2093 638 2120 vetustate
649 2092 818 2132 cognosceret
831 2091 982 2122 mitescere,
1002 2091 1102 2118 Libero
1124 2092 1193 2125 patri
1213 2091 1333 2125 apposuit
1346 2101 1386 2118 ac-
1451 2100 1510 2117 nius
1523 2102 1551 2125 4,
1559 2100 1616 2124 423.
1649 2093 1718 2128 conf.
1727 2093 1819 2119 Accius
1832 2100 1872 2130 ap.
1888 2093 2013 2121 Charissz
2026 2103 2051 2128 p.
2060 2103 2108 2128 195.
2151 2090 2293 2124 Vectigalia
2305 2089 2378 2124 leger·
2392 2108 2396 2124 ,

342 2138 418 2166 cepto
431 2139 446 2157 a
461 2131 485 2156 se
497 2129 623 2163 hospitio.
660 2128 744 2154 Cuius
758 2127 911 2167 retlcultum
925 2135 1007 2166 quum
1021 2126 1223 2158 demonstraret,
1242 2127 1323 2153 Liber
1332 2146 1339 2158 ‚
1359 2132 1387 2154 vt
1400 2139 1427 2166 35
1449 2127 1516 2159 stra,
1530 2133 1558 2167 et
1568 2128 1705 2154 seruantur
1722 2129 1817 2156 tlatim:
1835 2129 1902 2165 quod
1912 2133 2098 2166 interpretatur,
2109 2127 2198 2154 statute
2210 2132 2236 2152 et
2245 2125 2372 2165 ordinatf.
2393 2140 2396 2161 ,

340 2172 466 2203 perpetua
479 2166 649 2200 inuentorum
664 2163 724 2190 esset
737 2162 831 2197 gloria,
852 2162 997 2194 constituit,
1008 2168 1037 2188 vt
1052 2162 1085 2188 ab
1104 2163 1214 2195 Oeneo,
1239 2164 1328 2190 Ocnos
1344 2172 1386 2198 ap-
1486 2170 1499 2189 s
1511 2161 1559 2189 TA
1569 2169 1591 2188 Τ
1602 2169 1654 2189 ΙΜ.
1692 2166 1769 2195 Mox,
1782 2164 1865 2198 illico,
1883 2175 1895 2191 e
1911 2163 2024 2202 vestigio.
2052 2165 2106 2191 Cic,
2121 2163 2149 2189 in
2161 2163 2240 2188 γεω
2256 2169 2276 2189 1,
2286 2167 2316 2193 27
2345 2163 2380 2186 Su
2396 2174 2404 2181 η

361 2204 486 2230 ellaretur
500 2202 609 2231 vinum.
626 2208 640 2226 a
653 2199 778 2233 Staphylo
789 2207 842 2224 vua
861 2197 985 2232 staphyle.
1030 2198 1096 2224 Haec
1116 2198 1225 2225 Probus.
1334 2198 1387 2225 Sta·
1450 2199 1590 2225 Messanam
1601 2198 1690 2226 literas
1704 2200 1786 2226 dedit.
1805 2203 1823 2226 i.
1839 2202 1897 2227 Sine
1911 2202 2049 2235 mora‚Jine
2062 2197 2234 2232 anrermiffione
2252 2197 2372 2229 temporis.
2404 2200 2407 2209 ¹

340 2239 450 2274 phylus,
482 2236 654 2271 [Στάφυλος]
690 2235 793 2262 Sitheni
811 2234 897 2266 filius,
916 2231 975 2267 teste
988 2232 1076 2260 Plinio
1090 2242 1112 2266 7,
1126 2236 1164 2267 56¹
1177 2235 1278 2268 primus
1291 2235 1386 2261 vinum
1398 2255 1401 2258 .
1451 2234 1479 2260 in
1492 2235 1566 2261 Orat.
1575 2242 1624 2260 200
1640 2236 1707 2261 Ante
1721 2235 1793 2261 enim
1807 2235 2033 2263 circumscribitur
2046 2241 2131 2262 rnente
2145 2232 2269 2260 sententia
2279 2248 2286 2261 t
2303 2229 2382 2256 confi—'¹
2400 2239 2402 2244 ⁷

339 2284 407 2311 aqua
418 2273 524 2300 misceri
545 2272 645 2299 docuit.
1450 2270 1532 2296 verba
1547 2277 1718 2302 concurrunt,
1746 2278 1812 2305 quae
1824 2279 1896 2295 inens
1910 2273 2016 2301 eadem,
2044 2280 2095 2304 qua
2116 2268 2187 2295 nihil
2207 2266 2332 2295 celerius,
2352 2264 2382 2291 sta

374 2318 388 2338 s
399 2316 421 2337 Τ
433 2315 478 2336 At>
488 2315 497 2334 1
508 2316 538 2340 Α,
557 2317 595 2334 ae.
618 2307 637 2333 f.
692 2304 1017 2341 Instrumentumferrsum,
1029 2304 1058 2331 ab
1071 2306 1126 2340 equi
1137 2304 1256 2331 lateribus
1272 2308 1388 2341 utrinque
1403 2305 1438 2329 60
1450 2304 1551 2336 mittit,
1571 2310 1609 2336 vt,
1625 2313 1671 2332 etc.
1767 2305 1858 2332 Statim
1874 2306 1977 2339 prodest
1998 2307 2117 2331 Scribon.
2133 2313 2185 2330 120.
2316 2299 2380 2328 elin.

341 2345 491 2380 dependens,
517 2347 559 2369 cui
577 2347 724 2369 innituntur
736 2350 809 2378 atque
822 2340 936 2376 insistunt
950 2343 1114 2377 equitantium
1131 2341 1215 2375 pedet.
1279 2339 1343 2374 Voſji
1358 2341 1387 2367 de
1452 2339 1659 2373 Semipedalibus
1673 2340 1781 2366 ramulis
1795 2341 1883 2374 quinis
1892 2360 1900 2372 ‚
1925 2341 2027 2367 senisue
2044 2349 2058 2366 a
2070 2339 2157 2366 radice
2171 2337 2257 2365 statim
2276 2335 2383 2368 foliolis,

347 2382 401 2407 Vit.
415 2381 490 2408 Serm.
505 2387 526 2410 1,
540 2386 566 2411 7.
604 2379 686 2403 Vetus
700 2378 736 2403 est
750 2378 888 2411 inscriptio
902 2378 1010 2403 Romae.
1043 2376 1146 2402 AMOR
1171 2377 1262 2402 FVIT
1289 2377 1385 2409 EQVO
1450 2375 1489 2401 Id.
1504 2375 1646 2408 i6‚10s.18.
1739 2376 1844 2409 leian.
1864 2377 1904 2401 Ad
1918 2376 2003 2409 legem
2016 2376 2109 2402 Iuliam
2119 2395 2127 2407 ,
2147 2375 2164 2400 l.
2186 2374 2214 2400 Si
2227 2373 2347 2399 maritus.
2359 2375 2364 2381 ·
2389 2369 2391 2377 ’

343 2416 421 2444 DVM
455 2412 627 2443 ASPECTVI
660 2412 857 2438 FORMOSISS.
881 2412 1109 2438 DVRMIONlAE
1133 2413 1287 2438 PVELLAE
1315 2413 1386 2438 VIR·
1451 2420 1524 2437 mum
1540 2410 1700 2446 Pomponius
1713 2416 1784 2445 putat
1797 2410 1903 2436 admitti
1915 2410 1947 2435 ad
1960 2411 2149 2436 accusationem
2162 2415 2313 2435 extraneum
2327 2408 2381 2442 po‘f³

341 2449 535 2478 GVNCVLAE
563 2448 690 2474 SVMMA
718 2447 896 2473 POLVORIA
928 2447 1080 2471 PLACERE
1110 2448 1271 2473 CVPEREM
1297 2448 1385 2475 CASV
1452 2452 1531 2481 atque
1551 2447 1703 2481 negauerit:
1731 2447 1775 2472 cui
1794 2445 1980 2472 ass‘entiendum
2000 2451 2072 2479 puto.
2127 2443 2202 2470 Idem
2220 2446 2251 2470 de
2261 2443 2365 2469 aedilic

342 2485 522 2514 DESILIENS
541 2484 595 2510 PES
620 2482 729 2508 HESIT
753 2481 902 2508 STAPIAE
918 2480 1091 2506 TRACTVS
1109 2481 1262 2506 INTERII.
1334 2483 1386 2508 Sta·
1403 2486 1434 2515 65
1452 2482 1468 2507 l.
1485 2482 1602 2508 Aediles.
1709 2483 1766 2509 Cic.
1780 2482 1812 2508 de
1825 2482 1917 2516 Arusp.
1934 2482 2009 2515 Resp.
2021 2489 2037 2507 2
2055 2479 2132 2506 Haud
2146 2480 2228 2514 potest
2239 2479 2360 2514 grauiori
2398 2478 2399 2492 ¹

341 2524 396 2558 pias
410 2525 437 2548 in
451 2523 553 2556 antiquo
570 2519 612 2554 usu
626 2516 778 2553 nonfuiſji’,
798 2524 850 2542 tum
861 2516 992 2548 silentium
1007 2516 1176 2549 Scriptorum,
1202 2522 1253 2540 tum
1266 2518 1315 2541 ima
1334 2519 1387 2541 ines
1451 2516 1542 2541 verbis
1563 2518 1717 2549 vulnerari,
1753 2526 1832 2551 quam
1852 2520 1887 2543 est
1906 2517 1991 2544 statim
2006 2526 2033 2543 in
2048 2517 2119 2542 facio
2133 2517 2189 2551 ipso
2203 2524 2216 2542 a
2231 2515 2331 2550 grauiffi

342 2559 487 2585 declarant:
513 2565 562 2581 non
581 2562 664 2581 tamen
677 2556 753 2589 plane
772 2559 891 2579 recentem
908 2549 949 2584 este
960 2560 1043 2578 earum
1056 2549 1123 2585 osum
1136 2550 1265 2584 probabile
1278 2525 1387 2577 viditur.
1451 2551 1567 2576 Seruilio
1582 2551 1717 2576 confectus
1727 2560 1754 2576 ac
1769 2553 1918 2578 trucidatus.
2026 2553 2172 2579 Martianus
2187 2552 2219 2578 de
2239 2549 2336 2578 Officio
2356 2554 2366 2577 'rs
2384 2544 2399 2579 μ’

347 2593 407 2621 Vid.
425 2594 527 2619 Hieron.
542 2592 614 2626 Mag.
629 2589 735 2625 Miscell.
751 2596 774 2619 2,
788 2596 826 2621 14.
847 2585 976 2620 Salmasius
990 2585 1024 2612 ad
1037 2586 1196 2622 Spanianum
1210 2586 1330 2622 obstruat,
1342 2586 1388 2613 has
1452 2586 1495 2612 lis.
1512 2586 1526 2613 l,
1542 2588 1640 2612 Omnes
1655 2587 1823 2612 Proconsules
1843 2587 1929 2613 statim
1954 2596 2031 2621 quain
2052 2588 2145 2613 vrbem
2160 2588 2247 2621 egi-elli
2263 2588 2364 2614 fuerin
2379 2582 2400 2594 '¹'

343 2628 466 2663 Stapedas
479 2633 505 2654 et
519 2626 655 2657 Astrabas,
676 2630 701 2651 et
716 2623 867 2650 Astrabaria
887 2622 1011 2649 interdum
1025 2622 1154 2657 appellari.
1453 2621 1677 2648 iurisdictionem.
1805 2622 1919 2648 Sumlisti
1933 2628 2038 2656 togam,
2056 2632 2134 2658 quam
2149 2623 2234 2649 statim
2250 2623 2341 2650 stolam
2359 2621 2386 2652 ,⁴
2399 2625 2400 2628 ’

380 2671 393 2691 S
407 2670 429 2690 T
442 2671 463 2690 A
474 2669 486 2688 S
499 2668 515 2688 E
525 2669 545 2689 A
555 2669 579 2695 s,
614 2662 626 2695 [
641 2662 753 2688 Στασὲας
766 2661 779 2695 ]
817 2660 1009 2695 Neapolitanus,
1023 2659 1203 2693 Peripateticus
1219 2657 1389 2694 pbilofhpbus,
1400 2668 1435 2696 70
1453 2658 1510 2684 Cic.
1528 2657 1594 2684 Phil.
1608 2662 1695 2687 zc.18.
1818 2658 1945 2692 leianus
1958 2668 1986 2684 in
2000 2658 2015 2684 l.
2030 2668 2047 2685 i.
2069 2662 2092 2695 9.
2114 2660 2208 2685 Ham-t.
2227 2660 2257 2685 D.
2277 2659 2357 2685 Vsuf
2369 2673 2370 2679 ι
2384 2672 2385 2676 =

341 2701 371 2727 de
385 2709 431 2735 quo
446 2700 542 2726 Cicero
556 2698 588 2724 de
601 2696 713 2724 Finibus
726 2704 863 2729 5c.3e12;.
1455 2693 1675 2727 quemadmodum
1689 2698 1786 2719 caueat.
1822 2695 1940 2726 Qarum
1954 2703 2028 2728 prior
2040 2694 2125 2721 statim
2140 2702 2318 2722 comnmtmn·
2330 2704 2346 2730 q
2361 2699 2368 2717 s
2400 2693 2401 2716 l

380 2743 392 2762 S
402 2742 422 2761 T
432 2743 452 2761 A
463 2742 476 2761 s
488 2740 529 2766 18,
551 2734 581 2760 is.
618 2733 639 2759 f.
676 2733 773 2762 Statio,
791 2728 966 2763 aHusflandi.
1003 2729 1060 2755 Cic.
1074 2729 1148 2763 Top.
1163 2738 1184 2755 c.
1199 2736 1229 2761 25
1250 2728 1322 2764 Sensu
1336 2728 1389 2755 rhe-
1454 2729 1536 2755 fuerit
1553 2729 1617 2755 rsus.
1654 2729 1772 2761 Literas,
1793 2738 1854 2763 quas
1869 2729 1900 2756 de
1915 2730 2036 2764 pactione
2048 2750 2055 2762 ,
2079 2731 2165 2757 statim
2183 2730 2255 2766 quod
2267 2731 2345 2758 audie
2358 2743 2362 2746 ·
2381 2744 2383 2747 ·
2400 2725 2401 2732 ¹

342 2775 422 2798 rorico
436 2770 543 2797 adhibet.
595 2767 733 2795 Refutatio
747 2766 935 2797 accusationis,
955 2766 983 2791 in
1004 2774 1056 2798 qua
1075 2765 1110 2791 est
1125 2765 1243 2799 depulsio
1259 2766 1389 2797 criminis,
1453 2765 1563 2790 cundius
1577 2765 1727 2799 scripseram
1742 2766 1796 2791 cic.
1810 2765 1842 2791 ad
1857 2768 1910 2800 Q.
1924 2767 1992 2792 Frat.
2007 2775 2059 2799 1,2,
2068 2776 2094 2800 4.
2211 2767 2284 2793 Idem
2298 2768 2350 2794 Att.

344 2816 410 2841 quae
434 2807 532 2832 Graece
556 2803 623 2830 ςιίσις
648 2804 767 2836 dicitur,
800 2803 893 2829 Latine
918 2801 1065 2835 appellatur
1090 2801 1191 2833 status,
1222 2800 1276 2827 vid.
1303 2807 1388 2827 STA-
1454 2806 1521 2827 teras
1537 2800 1623 2836 scripsi
1636 2807 1666 2826 Η.
1680 2808 1708 2827 x.
1735 2801 1884 2827 Cerialibus
1904 2802 1990 2828 statim
2004 2811 2031 2829 vt
2052 2809 2106 2829 tuas
2120 2801 2244 2837 legeram.
2360 2799 2403 2833 ἳῖζ

342 2850 363 2870 Τ
373 2850 392 2868 ν
402 2849 415 2868 s
426 2842 474 2878 sub
492 2849 504 2868 s
515 2847 537 2868 Τ
548 2846 575 2867 0.
1404 2841 1436 2870 75
1455 2836 1499 2862 ille
1511 2844 1618 2872 praetor
1631 2836 1682 2869 est,
1701 2836 1783 2862 factus
1802 2838 1840 2863 ld.
1856 2839 1927 2864 Fani.
1942 2847 1991 2870 1,9¹
2081 2838 2173 2865 Statim
2186 2844 2214 2865 vt
2228 2839 2363 2875 impet-iu.

378 2885 392 2905 s
402 2885 423 2904 T
433 2886 454 2904 A
464 2884 527 2909 TA,
545 2875 598 2902 vid.
615 2881 627 2901 S
639 2881 660 2901 T
672 2882 701 2902 ο.
1456 2873 1490 2898 etl
1512 2873 1660 2900 Suet.,.Ner.
1676 2881 1697 2898 c.
1711 2881 1753 2899 20.
1861 2875 1916 2900 Cic.
1931 2875 1983 2900 Att.
2001 2883 2037 2907 12,
2045 2883 2073 2907 19
2094 2878 2156 2905 (ιε)
2177 2875 2246 2900 Nam
2260 2882 2287 2901 vt
2301 2874 2360 2902 heri
2378 2868 2392 2902 'f'

380 2922 392 2941 s
403 2920 424 2940 Τ
435 2921 454 2940 Λ
465 2920 486 2940 Τ
495 2920 515 2939 Α
528 2918 550 2937 N
563 2919 582 2938 v
591 2919 615 2943 S,
633 2920 658 2944 a,
677 2919 731 2937 um.
752 2909 812 2936 Adi.
874 2909 936 2935 Vini
948 2907 1071 2943 epitheton
1092 2916 1107 2934 a
1119 2910 1206 2942 patria
1243 2907 1309 2934 Plin.
1323 2917 1362 2942 14,
1374 2909 1390 2935 6
1455 2909 1536 2939 tauit,
1557 2908 1642 2934 statim
1655 2908 1767 2934 Romam
1782 2909 1915 2942 profectus
1927 2910 1971 2936 est.
2085 2911 2158 2936 Idem
2174 2910 2201 2935 in
2210 2911 2284 2936 Orat.
2293 2920 2316 2943 35
2338 2911 2362 2937 1
2378 2898 2404 2939 'sl

344 2950 416 2977 Nam
436 2949 548 2976 Falerno
562 2947 728 2973 contermina
742 2946 862 2976 Statana,
885 2944 916 2970 ad
934 2944 1094 2978 principatus
1115 2952 1211 2969 venere
1230 2952 1284 2969 non
1297 2944 1391 2971 dubie:
1453 2945 1509 2970 sum
1523 2944 1649 2978 aggressus
1663 2943 1747 2969 statim
1764 2945 1865 2972 Catone
1877 2945 2008 2972 absoluto.
2130 2947 2205 2972 Prior
2218 2945 2342 2978 inflatim
2357 2946 2366 2972 t
2379 2948 2391 2981 Q
2403 2941 2405 2968 ’-

341 2985 481 3020 palamque
495 2984 581 3009 fecere
595 2983 638 3008 sua
651 2982 802 3016 quibusque
816 2979 894 3005 terris
909 2985 1029 3013 tempora
1049 2980 1112 3010 esse,
1139 2979 1201 3005 licut
1220 2988 1310 3006 rerum
1328 2989 1387 3015 pro·
1453 2980 1577 3006 nonmodo
1585 2978 1720 3012 testiniomo
1731 2980 1816 3006 Nonii
1830 2990 1859 3006 ac
1869 2982 1974 3013 Donati,
1982 2990 2041 3016 quae
2049 2980 2160 3007 dedimus
2172 2981 2241 3007 modo
2252 2985 2280 3008 in
2294 2982 2356 3008 ςΤᾹ
2366 2969 2405 3018 ¹331}

341 3027 435 3048 ventus
451 3020 606 3051 occasusque
615 3037 623 3049 ,
642 3017 696 3043 vid.
707 3021 890 3044 STATONES.
1101 3050 1106 3054 .
1407 3019 1439 3045 80
1452 3019 1525 3041 etiam
1538 3014 1685 3042 auctoritate
1698 3016 1754 3041 Sen.
1769 3016 1887 3048 Thyeste
1898 3016 1946 3050 746
1965 3017 2057 3050 Exegit
2071 3017 2137 3043 vltra
2150 3026 2252 3052 corpus·
2269 3024 2294 3043 at
2307 3026 2356 3052 pue
2385 3011 2405 3058 ..Q

379 3063 393 3082 S
403 3062 424 3083 Τ
436 3062 458 3082 A
470 3061 552 3082 TAN
564 3061 584 3079 v
598 3060 610 3079 S
620 3053 697 3085 ‚i.ni.
732 3050 895 3084 [Στᾶτανος]
930 3050 997 3076 Deus
1010 3050 1169 3084 puerilttatis
1188 3050 1304 3086 praeses,
1331 3051 1385 3078 vid.
1452 3050 1493 3084 Est
1507 3052 1631 3079 Senarius.
1685 3052 1715 3076 lit
1730 3052 1834 3078 Troaa.
1849 3058 1892 3085 583
1910 3053 1990 3080 Stulta
2005 3053 2039 3078 est
2053 3051 2116 3079 fides
2132 3052 2231 3085 celare,
2251 3055 2321 3087 quod
2335 3050 2406 3093 pu).

342 3099 356 3119 s
366 3098 386 3118 T
396 3099 417 3118 A
429 3097 450 3118 'r
462 3098 470 3116 1
483 3096 499 3116 L
509 3097 517 3115 1
528 3096 578 3116 NV
588 3096 611 3115 S.
1451 3088 1510 3114 tim.
1594 3086 1708 3113 Martial.
1729 3090 1753 3118 6,
1771 3097 1802 3119 30
1825 3089 1872 3114 Sex
1885 3089 1999 3115 sestertia
2013 3088 2029 3114 li
2046 3088 2131 3114 statim
2145 3089 2269 3121 dediffes,
2289 3087 2406 3123 Phalar',

377 3134 451 3154 STA
461 3132 511 3152 TA
522 3132 539 3151 R
551 3132 622 3157 IVS,
641 3122 695 3150 vid.
716 3130 728 3150 S
739 3128 796 3149 ΤΟ.
1453 3125 1512 3150 Non
1520 3122 1638 3158 sequendi
1650 3132 1706 3158 ergo
1730 3124 1824 3149 Anien.
1839 3125 1912 3151 Arat.
1931 3132 1977 3158 397
2009 3124 2090 3150 'runc
2111 3125 2207 3151 succisa
2225 3126 2305 3151 Ceres
2323 3125 2358 3151 sta
2405 3143 2407 3158 ,

2406 3163 2408 3170 κ

379 3168 546 3192 STATER,
565 3160 634 3192 5¹55,
674 3168 710 3186 m,
747 3157 859 3193 [ςατῆρ]
897 3153 1019 3183 ponderis
1041 3164 1126 3181 nomen
1144 3175 1151 3187 ‚
1178 3161 1201 3181 et
1219 3159 1302 3196 nunti,
1327 3165 1386 3192 qua·
1451 3160 1562 3192 mergite
1577 3158 1657 3184 culmi
1671 3159 1854 3185 construitur:
1890 3167 1934 3187 aut
1946 3160 2041 3186 Alcim.
2055 3160 2127 3186 Auit.
2141 3169 2167 3195 2,
2182 3165 2230 3194 184
2249 3158 2393 3193 Quadam?

340 3205 397 3225 tuor
414 3198 544 3225 drachmas
562 3196 681 3223 habentis.
738 3196 778 3221 tta
797 3193 825 3219 dc
844 3202 915 3219 numo
929 3198 1043 3229 argenteo
1055 3190 1238 3217 tetradrachmo
1254 3196 1387 3228 usurpatur
1405 3201 1433 3229 85
1449 3196 1499 3221 tim
1515 3195 1626 3220 [uiniros
1640 3200 1725 3220 morte
1747 3201 1858 3221 reatum,
2366 3216 2383 3231 y,
2398 3191 2402 3243 'L

343 3234 422 3268 Vulg.
445 3244 453 3262 ι
470 3233 537 3259 Sam.
550 3240 573 3265 9,
587 3236 609 3261 g,
669 3229 727 3258 isid,
740 3230 861 3256 Gronou.
874 3229 905 3255 de
922 3229 979 3255 Pec.
994 3229 1053 3254 Vet.
1068 3235 1090 3259 3,
1104 3234 1127 3261 7.
1168 3227 1276 3253 Fuerunt
1295 3237 1387 3264 quoque
1487 3237 1500 3256 s
1511 3235 1651 3261 TATIO,
1675 3235 1688 3255 s
1702 3235 1749 3255 TA
1761 3237 1782 3256 T
1793 3237 1801 3255 i
1812 3237 1830 3255 v
1841 3239 1873 3263 A,
1892 3231 1946 3258 vid.
1964 3237 1977 3257 s
1988 3236 2046 3257 To.
2405 3177 2408 3264 i

341 3270 415 3297 aurei
436 3269 549 3295 stateres.
752 3299 760 3304 .
896 3299 904 3304 ῃ
1130 3299 1133 3302 ¹
1490 3272 1504 3292 s
1518 3272 1539 3292 'r
1551 3272 1571 3291 A
1584 3271 1605 3291 Τ
1616 3267 1654 3292 IN
1666 3272 1697 3297 A,
1718 3274 1756 3291 ac.
1774 3266 1792 3291 f.
1830 3267 1894 3299 Dea,
1903 3276 1969 3301 quae
1980 3268 2077 3294 infanti
2090 3273 2208 3302 praeerat
2228 3266 2347 3295 Tertull.
2358 3264 2408 3303 ddi-*4

381 3311 395 3331 s
407 3310 489 3331 TAT
501 3305 516 3330 E*
527 3310 544 3329 R
555 3310 588 3335 Α,
607 3311 647 3329 ac.
667 3301 686 3327 f.
723 3299 812 3335 [guydv
827 3299 906 3325 Gloss.
922 3299 977 3325 Lat.
994 3298 1038 3324 Gr.
1054 3298 1066 3332 ]
1102 3296 1179 3323 Lzhra
1197 3298 1263 3332 apud
1282 3299 1388 3326 Graecos
1451 3310 1491 3334 39.
1522 3300 1581 3328 νεά.
1595 3307 1755 3327 εΤΑΤιιιΝ
1764 3307 1808 3326 vs.
2402 3315 2408 3330 κ

341 3340 372 3367 ab
393 3341 480 3373 ’ἵε-ημι,
508 3338 586 3365 {edrai
603 3335 673 3363 dista
692 3334 742 3369 gli,
773 3334 837 3370 quod
857 3334 922 3370 apud
941 3335 996 3360 zllos
1012 3337 1085 3359 etiam
1100 3332 1386 3374 appenderesignificat,
1484 3344 1527 3364 sT
1541 3344 1562 3363 A
1574 3336 1615 3362 'r'i'
1627 3344 1646 3362 N
1660 3343 1717 3367 Ati,
1734 3345 1818 3362 arum.
1838 3338 1857 3363 f.
1879 3337 1915 3363 Pl.
1971 3339 2069 3374 Infitlae
2081 3339 2143 3375 fient
2155 3337 2247 3372 infinu
2264 3338 2347 3373 Camp
2372 3344 2388 3368 ιθ·
2407 3358 2410 3373 ,

343 3385 397 3402 sum
411 3377 562 3410 exploratum
572 3373 671 3409 pondus
690 3370 896 3405 tunt-cmiſsatum
920 3379 973 3395 cum
994 3369 1040 3395 stat
1059 3371 1086 3394 in
1104 3369 1251 3403 afthbrio
1270 3371 1343 3401 libra,
1363 3380 1387 3398 et
1396 3384 1431 3409 90
1450 3380 1516 3399 motu
1533 3379 1625 3400 enatae.
1719 3372 1784 3397 Plin.
1800 3382 1820 3404 ε,
1835 3378 1871 3402 88.
1947 3374 2034 3409 Papin.
2051 3376 2081 3401 in
2094 3374 2158 3401 Silu.
2171 3383 2195 3406 3,
2205 3382 2227 3406 5,
2241 3382 2289 3407 104
2309 3375 2346 3399 Ae
2372 3366 2392 3402 f*

344 3420 461 3446 nmquam
473 3409 616 3445 propendet.
653 3406 694 3440 Est
708 3416 765 3443 ergo
779 3406 870 3432 statera
884 3404 964 3437 libra,
977 3405 1073 3436 bllanx,
1084 3407 1220 3439 generatim
1238 3404 1384 3438 inllrumeri-
1448 3408 1518 3435 lacus
1533 3408 1647 3434 medicos
1661 3406 1822 3441 Statinasque
1836 3414 1945 3435 renatas.
2362 3427 2364 3430 ·

345 3452 406 3476 tum,
420 3455 465 3480 quo
478 3455 517 3472 res
528 3444 707 3480 ponderantur.
777 3441 957 3481 Cic-chrat.
971 3449 995 3470 2,
1010 3448 1047 3472 ¹59
1061 3448 1081 3479 c.
1097 3444 1123 3471 38
1141 3440 1215 3472 (Qiae
1228 3449 1282 3466 non
1295 3442 1383 3468 aurifi-
1488 3451 1502 3470 s
1515 3450 1536 3469 T
1549 3451 1570 3470 A
1580 3450 1617 3469 Ti
1632 3450 1651 3470 o
1663 3449 1682 3469 R
1692 3450 1711 3470 ο
1722 3450 1755 3473 Ν,
1776 3445 1794 3469 i.
1814 3453 1838 3470 n,
1877 3446 1969 3476 Herba,
1982 3446 2015 3472 al.
2027 3445 2188 3472 chamaeleon.
2196 3443 2272 3478 Apul.
2285 3444 2317 3470 de
2361 3460 2366 3464 =

346 3480 382 3504 cis
397 3480 503 3513 statera,
530 3481 571 3507 sed
593 3479 703 3514 quadam
724 3478 845 3512 populari
861 3481 962 3502 trutina
985 3481 1177 3501 examinantur.
1284 3478 1384 3504 Vnum·
1484 3487 1496 3506 s
1506 3487 1527 3506 T
1537 3487 1557 3506 A
1568 3485 1588 3504 T
1598 3487 1636 3505 iv
1649 3486 1674 3511 S,
1693 3479 1795 3505 Seruile
1810 3480 1876 3506 olim
1890 3489 1985 3507 nomen
2000 3481 2060 3507 fuit.
2095 3481 2215 3515 Plerique
2223 3480 2294 3506 enirn
2307 3488 2365 3514 apu

346 3514 472 3548 quodque
492 3516 604 3542 verbum
623 3516 714 3542 statera
733 3512 838 3540 auraria
859 3512 971 3551 pendere
1009 3512 1095 3536 VHFO
1122 3510 1189 3544 apud
1208 3511 1278 3538 Non·
1300 3515 1326 3545 6,
1343 3509 1382 3547 41'.
1449 3516 1520 3541 serui
1534 3523 1565 3541 eo
1579 3515 1688 3540 nomine
1702 3514 1814 3541 fuerunt.
1869 3516 2000 3543 Caecilius
2013 3526 2119 3551 quoque
2134 3517 2179 3542 ille
2200 3516 2351 3542 comoediar

346 3549 394 3577 Sed
401 3550 461 3575 Stat.
471 3551 633 3584 Silu.4‚3‚3;
655 3551 726 3576 Dum
734 3548 835 3583 pondus
848 3555 961 3573 nimium
975 3554 1085 3580 querens
1100 3545 1145 3571 sub
1158 3545 1210 3584 alta
1246 3547 1323 3581 chit
1333 3549 1386 3575 lan·
1400 3559 1431 3585 95
1451 3551 1573 3583 inclitus,
1593 3551 1681 3576 seruus
1693 3550 1759 3582 fuit,
1781 3557 1805 3577 et
1821 3559 1960 3586 propterea
1973 3562 2070 3579 nomen
2084 3552 2177 3578 habuit
2191 3551 2293 3580 Statius,
2339 3551 2363 3577 S

346 3584 426 3619 guida
440 3586 584 3619 quadrupes
597 3587 703 3612 statera:
739 3585 838 3611 Statera
850 3586 933 3619 iugum
947 3580 978 3615 eli
988 3602 995 3613 ‚
1027 3584 1196 3615 tranmcrjum
1214 3582 1321 3618 lignum,
1340 3594 1386 3619 quo
1451 3588 1555 3613 versum
1569 3586 1604 3612 est
1617 3585 1685 3620 quali
1698 3586 1726 3612 in
1742 3595 1945 3621 cognomentum
1954 3608 1962 3620 ,
1986 3589 2183 3623 appellatusque
2192 3585 2227 3611 est
2239 3586 2355 3613 Caeciliu

347 3623 485 3655 iunguntur
500 3623 605 3646 iumenta
620 3623 659 3647 uel
671 3620 792 3656 intersc‚
817 3620 857 3646 vel
870 3618 903 3645 od
915 3617 1047 3651 currums
1059 3616 1206 3652 plaustrum.
1254 3619 1346 3654 Rursus
1358 3621 1385 3647 de
1452 3623 1520 3648 Haec
1530 3622 1621 3654 Gell.4
1634 3623 1680 3647 vlt.
1718 3622 1758 3648 Sic
1765 3623 1790 3648 P.
1798 3624 1921 3658 Papinius
1930 3624 2024 3650 Statius
2037 3625 2140 3656 illustris
2148 3624 2222 3648 Porta
2229 3622 2288 3656 suit
2298 3624 2346 3648 Ne
2356 3626 2369 3642 ·'

345 3653 508 3689 instrumento
520 3657 610 3690 tamisae
623 3664 746 3692 argenteo.
874 3654 940 3681 Plin.
955 3662 989 3685 33,
1004 3653 1057 3692 tt-s.
1072 3660 1099 3692 ξε
1124 3652 1265 3692 Tympana
1281 3664 1346 3681 vero
1360 3657 1384 3683 se
1450 3660 1591 3685 Domitiani
1603 3657 1765 3690 temporibus,
1788 3660 1913 3686 quenalis
1928 3667 1950 3685 et
1964 3661 2097 3686 Martialis
2110 3660 2235 3693 aequans,
2255 3661 2325 3685 cuius
2401 3651 2404 3676 ἶ

345 3690 443 3717 iuuene
456 3690 583 3724 appellata
598 3691 716 3724 stateras,
737 3696 762 3717 et
777 3692 876 3722 lances,
901 3698 965 3724 quas
983 3694 1087 3722 antiqui
1103 3689 1218 3727 inagidas
1238 3690 1384 3724 appellaue-
1449 3696 1539 3720 moniis
1551 3695 1659 3720 utimur:
1679 3692 1706 3717 de
1719 3702 1764 3728 quo
1777 3694 1893 3721 quenal.
1908 3695 1957 3722 Sat.
1966 3704 1989 3727 7,
1996 3700 2023 3726 83
2382 3696 2400 3711 ¹*

346 3734 413 3753 rant.
450 3726 518 3760 conf.
534 3726 600 3751 Suet.
615 3727 766 3765 Vesp.c.23.
802 3727 905 3751 Petron.
919 3734 940 3750 c.
950 3733 976 3757 35
985 3726 1058 3758 e167.
1095 3723 1242 3755 Vitr.10,8.
1395 3739 1443 3759 100
1603 3727 1727 3753 Curritui·
1741 3729 1772 3754 ad
1788 3739 1879 3756 vocem
1894 3730 2034 3757 iucundam
2052 3735 2077 3755 et
2090 3736 2193 3755 carmen
2207 3728 2306 3756 amicae
2327 3739 2332 3745 ·
2368 3739 2382 3754 ιι
2401 3732 2403 3736 ’

382 3768 454 3801 ςΤΑ
465 3767 486 3786 Τ
498 3767 517 3786 Η
528 3767 551 3786 M
564 3767 584 3785 V
598 3766 624 3792 S,
642 3768 660 3786 ι.
679 3770 714 3787 nt.
750 3761 886 3794 [ςαθμὸς]
922 3761 1015 3787 Graeca
1028 3768 1076 3785 vox
1087 3765 1133 3794 pro
1147 3760 1237 3785 Latina
1259 3770 1274 3786 υ
1289 3768 1386 3796 urpata,
1603 3762 1760 3790 Thebaidos
1770 3785 1777 3796 ,
1794 3766 1889 3793 laetam
1908 3767 1970 3792 fecit
1984 3775 2042 3791 cum
2059 3765 2153 3791 Statius
2167 3764 2270 3796 vrbem,
2354 3773 2387 3805 μδ,
2404 3767 2407 3774 “

337 3794 468 3831 fignificat
482 3796 621 3827 Stabulum,
639 3794 811 3829 diuersorium,
831 3793 1020 3829 uelstationem.
1074 3797 1135 3822 Item
1154 3795 1276 3830 mensurae
1291 3799 1385 3824 Gsome-
1604 3798 1777 3833 Promilitque
1792 3801 1879 3834 diem,
1898 3808 1968 3828 tanta
1981 3800 2116 3827 dulcedine
2131 3808 2218 3833 captos
2378 3807 2380 3811 ’

343 3835 422 3856 tricae
433 3842 507 3867 getius
521 3830 587 3866 apud
601 3829 687 3865 Persas
700 3835 802 3856 maxime
815 3831 929 3865 ofitatum
938 3842 945 3856 :
973 3840 1072 3867 quorum
1091 3839 1190 3865 regnum
1203 3832 1343 3867 uniuersum
1356 3836 1384 3859 in
1604 3831 1692 3860 Afficit
1708 3835 1752 3861 ille
1765 3838 1866 3863 animos
1896 3843 2019 3871 tantaque
2032 3835 2144 3861 libidine
2158 3835 2233 3869 vulgi

336 3864 459 3898 stathmos
474 3870 553 3902 regios
567 3865 672 3901 dita-*sum
685 3873 737 3891 crat
747 3885 754 3897 ,
774 3866 898 3902 dispositis
912 3873 977 3893 certo
1000 3866 1131 3893 interuallo
1151 3866 1311 3901 diucrjorits,
1344 3877 1383 3901 uo,
1602 3869 1728 3896 Auditur:
1753 3872 1796 3897 sed
1811 3858 1963 3906 cum’fregit
1977 3871 2097 3897 subsellia
2112 3872 2198 3901 versu,

341 3902 382 3927 vel
394 3910 452 3936 quac
466 3905 492 3926 in
503 3905 618 3929 extremis
629 3903 702 3937 regni
714 3902 813 3936 angulis
833 3909 993 3938 gererentur,
1027 3902 1131 3928 celerius
1149 3901 1182 3927 ad
1200 3911 1278 3938 regem
1288 3910 1320 3938 po
1342 3902 1435 3943 &¹103
1602 3904 1696 3937 [isui-it,
1716 3907 1841 3936 intactam
1861 3908 1957 3939 Paridi,
1977 3906 2025 3933 niti
2039 3906 2132 3934 vendat
2147 3907 2262 3942 Agauen.
2397 3932 2418 3955 ς,
