2434 4156
237 76 253 85 ²
460 76 717 135 Qvi

90 174 157 202 Ter.
169 173 260 200 Heaut.
279 179 306 204 4,
318 178 340 202 3,
356 178 388 196 ιι.
458 167 571 200 Qiiescc
589 173 633 201 tu,
652 164 727 192 cuius
744 168 817 198 pater
834 162 927 190 cubito
944 164 968 190 se
982 171 1125 198 emungere

90 209 186 238 solebat
205 206 304 234 Auetor
323 205 355 232 ad
369 204 435 231 Her.
448 213 477 237 4,
491 206 532 233 68.
727 200 782 240 Ἶι3
822 201 930 225 Nomina
949 208 1047 230 rerum,
1065 207 1126 233 quae

89 246 201 273 dic-mitur
213 243 354 277 quiescere.
390 241 514 274 Aequora
527 238 578 265 alta
591 237 716 273 quierunt
727 236 802 269 Virg.
817 236 883 274 Aen.
898 243 925 268 7,
938 237 988 276 ⁶¹..
1020 236 1124 268 Aequo-

89 288 117 308 ra
134 279 209 305 saeua
227 278 349 313 quierant
374 275 449 303 Idem
463 275 528 301 ibid.
548 284 574 307 4,
588 281 640 306 523.
711 271 792 298 Arma
812 277 939 305 quierunt
964 270 1009 296 sil.
1027 279 1054 304 7,
1074 278 1125 302 233.

71 312 158 343 “Bella
176 314 301 348 quierunt
327 313 423 339 Lucan.
441 312 474 337 ad
487 312 571 338 Pison.
592 310 634 335 26.
704 307 815 334 Cineres
833 305 954 340 collapsi,
974 313 1000 332 et
1020 306 1125 332 tlannna
1149 311 1163 336 5

87 349 191 385 quieuit
205 350 280 383 Virg.
289 350 353 375 Aen.
368 350 393 380 6,
407 349 463 374 226.
533 347 636 378 Corpus
647 350 672 369 et
685 351 758 369 inens
771 342 855 376 sopita
868 342 1005 376 quiescunt
1021 343 1126 368 Lucret.

87 394 111 420 3,
125 393 179 418 933.
249 385 334 412 Liuor
353 383 467 418 pascitur
485 382 513 409 in
525 380 611 411 vinis,
631 378 687 413 post
700 378 753 405 fata
772 377 882 412 quiescit
901 376 984 404 Ouid.
998 378 1091 404 Amor.
1106 385 1126 409 1,

88 429 124 454 ις,
137 429 176 454 39.
247 421 321 455 Opus
338 419 442 454 quieuit
456 418 508 445 tuis
521 415 637 443 humeris
656 415 728 441 Idem
744 423 775 440 ex
790 414 873 440 Ponto
886 422 913 445 2,
927 421 952 445 9,
965 416 1008 439 60.
1079 414 1127 438 Po-

87 456 169 483 tentia
190 455 218 482 in
233 455 284 482 hoe
303 455 360 482 solo
376 464 470 489 genere
490 452 611 489 quiescit,
629 450 694 485 quid
709 456 782 484 agat,
802 449 939 484 quomodo
958 448 1127 483 aggrediatur

87 491 218 522 iudicem,
235 500 288 526 quo
303 491 417 526 denique
437 490 546 525 digitum
561 486 696 521 proferat,
715 494 768 511 non
788 484 867 511 habet
887 485 942 511 Cic.
957 494 1006 519 pro
1019 485 1127 512 Caecin.

87 534 126 561 71.
198 528 281 553 Voces
295 526 435 553 hominum
449 522 612 562 quiescebant
629 522 710 561 Ouid.
724 521 809 548 'frist
828 529 845 552 i,
861 529 883 553 3,
896 528 939 556 27.
1123 555 1128 559 ἢ

86 561 226 598 Obfiruatt.
247 564 436 589 Gnmmancas,
462 562 519 588 Cum
539 558 641 585 videtur
662 564 743 591 cajum
760 566 844 593 regere
862 556 925 582 illud
946 553 979 588 est
1002 555 1038 595 ab>
1053 557 1127 592 dirpsi

87 599 255 625 Graecanica.-
284 606 306 625 et
327 599 388 635 scre
401 595 509 634 Jiuffuat
536 592 617 620 [εὶ-710.
665 593 732 619 Gell.
748 601 774 625 9,
789 601 810 624 13
831 602 859 618 ex
879 592 1078 626 Quadrigario,
1105 592 1129 617 Is

86 642 167 662 manu
184 633 329 668 significare
347 635 448 669 coepit,
463 630 586 664 vtrinque
604 629 769 663 quiescerent
795 636 905 662 pugnae.
948 628 1026 654 Facta
1052 627 1129 662 pausa

87 669 132 696 est.
169 669 210 697 Sic
222 673 310 705 optimi
324 673 412 706 quique
424 667 497 695 libri:
512 665 552 699 fic
570 664 650 691 edidit
664 665 811 691 Gronom'us.
847 664 894 691 Sed
905 662 983 698 pottst
1003 667 1077 690 etiam
1092 666 1130 688 ita

85 703 223 741 distingui,
236 706 361 740 vtrinque
379 704 548 740 quiescerent.
583 701 686 735 Pugnae
702 700 770 726 faeta
786 700 862 734 pausa
878 700 922 725 eli.
954 700 982 727 Si
999 708 1082 726 verum
1097 696 1130 731 ψ

88 740 252 775 qtlitscerent
267 750 383 776 pugnae,
402 740 493 766 Graeca
505 740 572 764 ratio
583 735 615 769 est
629 735 738 762 παύειθαι
752 735 835 767 (οἵη-α’)
849 736 890 764 τῆς
903 735 1000 768 μάχης.
1035 736 1073 761 De
1080 736 1129 760 ΑΕ

86 776 197 812 ευ]ὰεὶαο
215 777 350 804 laudamur
363 775 440 803 Plaut.
455 773 514 801 Mil.
528 781 550 805 3,
565 781 588 804 3,
603 779 630 805 53
649 772 777 805 Qiiescas
796 778 908 798 caetera.
945 770 1131 810 Aduerbileiter

80 815 188 848 ponitur
208 814 301 839 Gra-:co
320 819 396 843 more,
419 816 449 836 vt
468 816 609 835 caeteruin.
665 808 738 834 Idem
759 808 842 834 Merc.
860 816 886 838 2,
900 816 920 839 3,
936 816 970 834 ιιι
1005 806 1130 838 Qiiesce,

85 99 127 138 4¹

1150 671 1174 697 15

87 849 211 882 inquam,
227 849 306 875 istanc
318 855 384 875 rem:
403 854 452 880 ego
466 844 536 871 reete
549 844 653 870 videro.
690 843 737 871 Sed
748 842 814 870 rcfic
829 844 988 869 Gronouiana
1002 845 1130 877 inierpun-
1144 849 1179 868 20

87 882 153 909 Ham
164 883 219 919 post
235 894 290 911 rem
300 882 372 910 tollit.
392 880 477 917 Itafit
492 881 571 907 istanc
585 888 642 906 rem
655 879 760 906 videro.
797 879 927 905 Laudami-
940 878 1044 914 denique
1052 877 1131 904 Most.

86 926 111 951 5,
124 927 149 951 2,
164 928 198 952 51.
234 920 282 948 Sed
291 922 328 945 ita
341 919 417 944 Gron.
430 923 483 944 CA.
498 916 620 946 Tranio,
634 915 748 950 quiesce,
764 914 781 941 fi
796 915 870 949 sapis.
895 921 949 942 ΤΗ.
964 914 1013 940 Tu
1027 914 1132 947 quiesce

87 954 153 981 hanc
171 964 227 982 reni
239 954 317 982 modo
330 959 433 988 petere:
457 961 507 987 ego
520 952 600 978 illum
612 951 784 983 verberibus,
799 958 826 977 vt
848 950 877 977 sit
892 950 1011 984 quietus,
1025 949 1133 984 subege-

86 999 127 1018 1¹0.
165 993 257 1027 Aperte
268 993 404 1026 iunguntur
413 989 518 1022 quiesce
528 995 626 1022 petere.
663 987 711 1014 Sed
721 987 783 1023 quod
793 994 871 1023 porro
882 985 994 1019 qffl‘rum
1009 995 1037 1012 ex
1047 986 1131 1012 Plaut.

87 1026 167 1052 Most.
182 1035 205 1060 5,
217 1034 264 1060 2,5
283 1025 395 1058 Qniesce
409 1024 478 1051 hunc
493 1024 637 1050 tuinultum
647 1041 655 1054 ‚
667 1023 715 1058 qui
733 1030 794 1049 ante
807 1023 905 1049 ostium
921 1021 973 1048 est:
999 1031 1047 1047 non
1067 1021 1170 1055 reHe25

85 1065 181 1088 citata:
199 1060 231 1096 gli
248 1063 328 1093 locus,
346 1068 369 1087 et
383 1063 410 1086 ιή
429 1060 508 1087 medio
533 1063 582 1086 iam
600 1061 664 1086 relm
683 1059 783 1085 ucndus.
820 1059 918 1086 Certior
934 1056 968 1090 est
987 1058 1055 1084 locus
1073 1057 1132 1084 Sen.

87 1098 166 1124 I-ierc.
179 1099 237 1125 Oet.
251 1102 308 1130 1584
340 1097 407 1123 Ante
429 1096 566 1123 descendat
584 1095 664 1130 glacia
679 1095 700 1121 is
719 1096 794 1121 vrsae
814 1094 890 1120 Sidus
909 1099 935 1120 et
949 1099 1032 1128 ponto
1047 1093 1132 1119 vetito

86 1133 192 1160 fruetur
203 1133 288 1166 Qiam
308 1138 363 1159 tuan
383 1132 470 1158 laudes
490 1131 582 1167 populi
598 1131 740 1166 quiescant.
813 1131 868 1157 Cic.
881 1130 935 1155 Att.
949 1137 976 1163 7,
997 1137 1014 1161 9
1048 1130 1100 1155 Aut
1114 1128 1132 1155 fi

86 1177 134 1202 per
148 1167 228 1195 Trib.
241 1167 310 1202 pleb.
328 1176 383 1194 non
400 1169 531 1203 patiatur,
547 1174 635 1195 tamen
654 1167 769 1202 quiescat
787 1174 844 1193 rem
863 1165 958 1191 adduci
974 1165 1006 1191 ad
1022 1164 1134 1192 interre-

84 1212 173 1238 gnum.
247 1204 447 1239 Imperfhnaliter
480 1204 548 1231 Ter.
563 1203 646 1229 Andr.
666 1212 693 1236 4,
707 1212 732 1235 2,
745 1207 758 1232 8
792 1201 898 1235 Qiibus
924 1201 1034 1236 quidem
1055 1207 1173 1236 quam30

84 1239 162 1267 facile
182 1246 284 1274 poterat
305 1240 422 1275 quiesci,
441 1239 460 1266 fi
479 1239 524 1267 hic
547 1239 664 1273 quiesset.
736 1238 791 1265 Vbi
810 1239 862 1264 alte
881 1237 966 1264 turbis
988 1237 1135 1272 quiescitur

85 1275 230 1306 Syinmach.
245 1275 322 1310 Epist.
337 1284 357 1308 i,
371 1281 394 1305 8.
435 1276 504 1303 Cum
517 1284 531 1301 a
542 1275 644 1310 praelio
659 1274 837 1310 quiesceretur
850 1273 966 1307 Capitol.
983 1273 1012 1299 in
1021 1273 1132 1299 Maxim.

83 1319 108 1336 c.
125 1319 162 1343 23.
233 1312 361 1348 Supinum.
387 1310 428 1338 Ad
449 1312 493 1338 sua
512 1312 624 1346 quisquc
649 1311 767 1337 tentoria
789 1310 911 1343 quietum
932 1309 1030 1335 abeunt
1061 1308 1133 1335 Diei.

84 1347 156 1373 Cret.
170 1355 198 1380 4,
214 1349 250 1374 16.
305 1347 397 1374 Finito
408 1348 537 1374 conuiuio
551 1348 674 1381 quietum
689 1345 833 1372 disceditur
846 1344 921 1370 Idem
935 1352 958 1377 ς,
972 1352 991 1371 1.

120 1388 338 1422 QVIESCBNS
352 1402 361 1415 ,
387 1383 465 1409 entis.
496 1384 565 1409 Part.
602 1383 633 1408 Et
658 1381 803 1416 quiescenti
825 1379 975 1414 agendum,
998 1385 1025 1406 et
1045 1379 1169 1414 agenti35

85 1418 270 1452 quiescendum
283 1418 319 1444 est
337 1419 396 1443 Sen.
410 1416 488 1451 Epist.
504 1426 524 1449 3.
580 1416 741 1451 Nosmetipli
760 1424 809 1442 nos
833 1416 1091 1451 expugnaucrimus,
1103 1416 1135 1442 iI-

83 1452 119 1479 Iis
139 1453 333 1486 quiescentibus
346 1453 415 1487 Nep.
432 1460 471 1486 17,
485 1460 506 1485 5,
518 1461 545 1486 4.
581 1452 752 1485 Qiiescentes
759 1458 809 1487 pro
820 1455 926 1479 mortuis
940 1453 1021 1486 Vulg.
1038 1452 1089 1478 Int.

122 1494 178 1527 (ὲν
194 1495 203 1514 1
221 1489 238 1515 I}
251 1494 273 1514 T
288 1494 349 1520 VS,
369 1496 399 1520 a,
425 1496 479 1514 um.
520 1485 641 1521 [ἵσνχοῃ
664 1486 778 1521 ἦσύχιος,
805 1487 904 1520 ἕκηλος,
937 1486 1045 1521 ὔκηλος]
1082 1488 1135 1520 Qti

83 1524 198 1584 Ξιιὶψῗτ.
239 1523 390 1559 Νοέἱοεφιε
409 1523 518 1558 diesque
537 1538 583 1543 —-
603 1524 663 1550 satis
682 1524 718 1550 est
745 1538 791 1543 —-
815 1523 921 1556 quietus
940 1531 973 1548 ne
994 1522 1024 1548 lis
1049 1522 1132 1548 Plaut.

112 1567 155 1591 mp
177 1577 183 1584 .
204 1566 225 1589 1,
240 1568 259 1590 1,
275 1567 308 1591 15.

86 1591 196 1622 eurab0,
210 1602 242 1618 nc
257 1594 322 1627 quid
337 1594 490 1626 verborum,
504 1603 550 1621 etc.
611 1595 659 1621 Vbi
672 1594 805 1621 Donatus:
822 1593 953 1624 Quietus,
967 1594 1087 1623 securus,
1101 1591 1134 1617 ab

84 1635 117 1653 eo
131 1627 203 1661 quod
223 1629 373 1662 praecedit,
391 1630 418 1657 id
437 1631 509 1665 quod
522 1631 651 1664 sequitur.
721 1629 806 1655 Plaut.
820 1628 898 1654 Cure.
912 1638 941 1660 4,
955 1636 978 1660 ε’,
994 1630 1010 1653 6
1039 1627 1136 1652 Memi-

85 1671 165 1690 πει-οι
185 1662 216 1688 de
230 1663 280 1690 isto
293 1665 400 1698 quic-tu·
415 1666 479 1692 esto.
550 1666 679 1698 Qiietum
697 1664 814 1697 aliquem
836 1662 964 1694 reddere,
985 1660 1087 1696 Efficere
1105 1669 1136 1688 vr

83 1701 164 1734 quiete
178 1699 294 1734 etse-cure
311 1703 383 1726 uiuat
399 1700 469 1726 Ter.
482 1701 548 1726 Eun.
560 1709 583 1732 2,
598 1708 623 1731 2,
637 1701 683 1732 46.
739 1699 795 1725 Cic.
810 1699 881 1726 Fam.
896 1707 935 1730 10,
950 1707 958 1724 1
987 1698 1134 1732 Nunquam

84 1743 132 1769 per
151 1735 298 1761 Antonium
317 1735 423 1770 quietus
440 1735 491 1762 fui.
581 1736 691 1770 Aequor
708 1734 825 1770 quietius
850 1736 918 1761 Hor.
937 1734 1019 1768 Epod.
1042 1742 1080 1764 10,
1103 1733 1175 1764 ¹1-45

84 1771 138 1797 Aer
152 1770 258 1804 quietus
272 1771 346 1805 Virg.
359 1772 422 1797 Aen.
435 1779 458 1804 5,
474 1773 529 1797 216.
600 1772 697 1797 Amnes
713 1771 819 1805 quietos
833 1771 921 1798 irritat
934 1770 1050 1796 diluuics
1064 1771 1132 1796 Hor.

85 1806 173 1833 Carni.
188 1814 206 1837 1,
219 1815 260 1839 29,
274 1815 319 1840 40.
391 1807 466 1841 Virg.
482 1807 546 1833 Aen.
561 1815 582 1839 1,
595 1814 645 1842 307
679 1808 710 1832 Iu
725 1807 819 1841 primi-s
832 1807 924 1842 regina
937 1806 1059 1840 quietum
1085 1806 1134 1832 Ac·

86 1841 151 1876 cipit
173 1842 201 1868 in
215 1842 339 1869 Teucros
351 1842 496 1875 Animum,
512 1849 683 1877 mentemque
703 1842 855 1877 benignam.
926 1843 982 1869 Cic.
996 1850 1045 1877 pro
1059 1842 1135 1868 Rosc.

85 1877 163 1904 Com.
177 1887 207 1910 43
228 1879 286 1905 Hoc
299 1887 348 1913 ego
362 1879 438 1912 loco,
453 1878 542 1905 soluto
554 1886 580 1905 et
592 1879 685 1914 quieto
700 1880 756 1905 sum
770 1880 884 1905 Animo:
902 1885 928 1904 et
948 1879 1077 1912 quorsum
1095 1886 1135 1904 re-

83 1913 152 1939 cidat
172 1914 324 1948 responsum
342 1922 436 1947 tuum,
458 1923 513 1941 non
532 1923 691 1950 magnopere
709 1914 813 1942 laboro.
904 1914 961 1941 Cic.
977 1914 1062 1941 Tusc.
1082 1922 1108 1946 2,
1120 1922 1175 1948 250

86 1949 142 1982 Qui
157 1948 194 1981 id,
214 1950 286 1983 quod
298 1951 377 1977 vitari
392 1959 446 1977 non
459 1950 556 1985 potest,
568 1952 682 1983 metuit,
700 1951 722 1977 is
735 1952 829 1977 viuere
842 1951 941 1977 Animo
953 1951 1045 1985 quieto
1059 1949 1134 1976 nullo

82 1984 167 2011 modo
181 1986 272 2019 potest.
343 1986 404 2014 Liu.
419 1996 441 2019 c,
455 1992 478 2016 18
504 1986 606 2013 Bellum
621 1987 770 2020 indietum,
785 1988 863 2013 tacite
877 1987 999 2013 induciae
1013 1986 1135 2020 quietum

83 2021 190 2047 Annum
219 2026 336 2048 tenuere.
422 2023 485 2049 Dies
511 2022 660 2049 caelestium
683 2023 770 2058 quieti
800 2023 857 2050 Cic.
878 2022 910 2048 de
930 2022 1024 2057 Legib.
1044 2031 1075 2053 2,
1097 2030 1134 2054 19.

83 2057 149 2084 Ense
162 2057 254 2091 quieto
266 2057 332 2084 latus
345 2058 464 2085 securum
480 2058 542 2085 Stat.
559 2059 623 2085 Silu.
638 2068 657 2091 1,
674 2068 694 2091 1,
708 2068 748 2092 43.
820 2059 938 2085 Exilium
953 2059 1069 2092 quietius
1084 2066 1134 2084 oro

84 2091 167 2119 Ouid.
181 2093 266 2120 Trist.
287 2102 310 2124 2,
325 2099 380 2128 578.
451 2095 548 2121 Gentes
581 2095 682 2128 agitare
716 2095 819 2130 quietas
853 2095 928 2130 Virg.
948 2096 1014 2121 Aen.
1036 2103 1075 2127 10,
1096 2102 1169 2131 7⁸55

85 2128 188 2154 Habuit
203 2129 258 2162 post
272 2129 298 2155 id
313 2130 406 2156 Caesar
424 2130 584 2165 quietiorem
600 2130 714 2157 Galliam
735 2131 806 2158 Caes.
822 2131 848 2157 B.
864 2132 897 2157 G.
914 2140 924 2160 ς
938 2138 1003 2158 extr.
1076 2130 1134 2156 Cic.

85 2164 163 2190 Verr.
176 2173 204 2196 4,
218 2174 254 2198 40
268 2174 288 2190 c.
304 2173 331 2198 19
357 2166 446 2193 Primo
463 2166 562 2193 mirum
582 2166 707 2192 omnibus
719 2166 806 2193 videri
821 2166 974 2193 Diodorum
987 2175 1063 2194 reum
1078 2167 1135 2191 Ho-

83 2200 186 2225 minem
201 2200 397 2234 quictissimum,
411 2208 456 2228 etc.
529 2202 607 2228 Mane
623 2203 742 2236 quietum
757 2203 862 2229 Lucret.
877 2212 902 2234 2,
917 2208 972 2232 238.
1045 2201 1135 2226 Mente

83 2235 177 2269 quieta
196 2235 333 2263 consistere
353 2236 408 2263 Cic.
423 2237 455 2263 de
468 2237 561 2264 Diuin.
578 2246 603 2270 2,
618 2247 674 2271 149.
746 2239 810 2264 Nox
824 2238 914 2271 quieta
929 2236 1018 2262 Valer.
1034 2236 1134 2271 Argon.

82 2272 110 2300 6,
127 2277 173 2303 158.
246 2271 344 2298 Officio
365 2273 457 2306 quieto
475 2273 552 2307 fungi
571 2274 654 2299 Ouid.
669 2273 756 2299 Trist.
774 2280 795 2303 5,
810 2280 843 2299 12,
857 2279 892 2300 ¹9·
964 2269 1024 2293 01Ῡᾶ
1044 2273 1176 2299 quiet260

82 2314 179 2340 precor
197 2311 253 2333 tuta
271 2308 429 2343 requiescite
448 2309 476 2334 in
495 2317 561 2334 vrna
580 2309 653 2333 Ideni
668 2309 760 2331 Amor.
780 2313 802 2335 3,
814 2313 840 2335 9,
853 2306 897 2337 67.
958 2303 1019 2342 'Pax
1047 2302 1134 2340 Senec.

82 2341 203 2374 Thyeste
223 2351 248 2377 7.
337 2345 457 2377 Regnum
487 2344 556 2367 Hor.
576 2342 666 2366 Carm.
690 2348 715 2370 1,
736 2347 780 2370 12,
801 2346 835 2368 33.
926 2336 1025 2376 Nihilo
1058 2343 1133 2368 quie-

82 2377 166 2404 tiores
179 2378 265 2413 postea
281 2379 331 2404 Res
347 2378 439 2403 habuit
459 2376 519 2401 Liu.
537 2383 573 2406 33,
588 2383 620 2406 ¹9·
714 2372 873 2407 Respublica
892 2377 992 2410 quieta,
1012 2376 1039 2396 et
1056 2370 1133 2396 Tur-

83 2413 160 2445 bata,
185 2414 320 2440 contraria
351 2412 408 2436 Cic.
422 2411 450 2437 in
463 2410 540 2437 Catil.
559 2417 585 2440 2,
605 2416 634 2440 ¹9
657 2417 679 2433 c.
700 2416 726 2439 9.
831 2406 908 2433 Sedes
935 2407 1012 2439 Virg.
1028 2406 1092 2432 Aen.
1111 2413 1131 2438 ι,

83 2457 145 2479 209.
218 2448 309 2471 Sermo
320 2446 424 2479 quietus
439 2451 464 2471 et
476 2443 592 2470 remissus
606 2443 662 2469 Cic.
675 2442 708 2468 de
721 2441 823 2468 Sene&
837 2447 877 2471 28.
948 2441 1041 2468 Somni
1056 2441 1130 2476 quie·
1145 2438 1176 2469 65

82 2485 106 2509 ti
121 2484 179 2507 Sen-
192 2481 269 2507 Herc.
282 2481 334 2506 fur.
349 2488 386 2506 ιο.
457 2480 545 2505 Vitam
560 2478 696 2505 traducere
715 2478 831 2512 quietam
845 2484 871 2503 et
889 2476 1002 2504 otiosam
1025 2477 1081 2504 Cic.
1097 2477 1130 2503 de

83 2516 184 2543 Sene&
198 2521 226 2545 82
241 2523 262 2540 c.
276 2522 311 2546 23.
383 2514 452 2540 Vrbs
466 2514 571 2549 quieta,
586 2520 612 2540 et
625 2514 754 2540 immunis
766 2513 831 2540 belli
853 2514 928 2548 Virg.
942 2514 1006 2540 Aen.
1023 2522 1059 2544 12,
1072 2521 1130 2546 559.

82 2552 148 2578 ΡΗιι.
162 2549 240 2584 Epist.
256 2558 293 2582 ιο,
307 2558 325 2584 7
351 2549 390 2576 Ad
405 2559 484 2584 quam
503 2551 573 2584 spem
586 2549 691 2583 alioqui
711 2549 899 2584 quietiss'nnum
921 2549 1044 2577 hortatur
1059 2556 1131 2576 nata-

80 2587 149 2612 Iium
165 2585 295 2620 splendor,
309 2592 354 2612 etc.
375 2587 412 2612 De
424 2589 501 2612 amico
514 2589 555 2611 cui
568 2593 715 2621 praeturam
732 2586 839 2621 petebat.
1025 2594 1038 2612 2
1076 2587 1131 2612 Μο-

82 2666 174 2691 2,117,
188 2665 212 2684 2.
284 2657 475 2691 Epaminondas
496 2657 571 2684 domi
591 2658 697 2692 quietus
718 2657 770 2684 suit
791 2658 860 2692 Nep.
875 2659 912 2690 16,
927 2667 955 2691 4,
971 2667 990 2684 1.
1062 2658 1131 2692 Equi

82 2693 177 2720 demtis
190 2692 315 2719 testiculis
329 2693 395 2720 fiunt
410 2693 554 2728 quietiores
567 2695 654 2720 Varro
668 2694 700 2720 de
713 2694 784 2720 R.R.
798 2702 820 2726 2,
835 2692 961 2729 7subfin.
1015 2694 1046 2720 In
1061 2693 1131 2720 Itha-

85 2738 141 2756 cam
154 2728 307 2763 quietiffima
321 2729 491 2764 nauigatione
504 2729 645 2756 deuehitur
656 2730 754 2756 Auson.
768 2730 887 2756 Perioch.
896 2729 984 2762 Odyss.
1000 2739 1035 2762 13.

121 2766 299 2804 (ζνιιῑτῠιι
313 2771 333 2789 ν
346 2772 374 2797 s,
400 2774 429 2798 a,
454 2774 509 2792 um.
551 2765 644 2792 Partic.
680 2764 847 2799 [ἧσυχαέσων]
883 2765 940 2792 Cic.
962 2766 993 2793 de
1011 2766 1086 2793 Orat.
1105 2773 1132 2798 2,

87 2804 133 2833 236
155 2800 283 2827 Videmur
300 2801 371 2827 enim
384 2801 503 2836 quieturi
519 2801 609 2833 fuiffe,
628 2800 677 2828 nifi
698 2802 804 2827 essemus
818 2801 931 2828 laccss‘iti.

122 2843 189 2875 Qv¹
203 2837 250 2862 13:⁷1·
262 2843 287 2863 Ε.
320 2836 388 2863 Adii.
424 2835 547 2869 [vitrix-²5,
571 2837 669 2873 ἠρέμα,
686 2837 818 2872 ἀτρέμας]
855 2838 911 2864 Cic.
931 2836 963 2864 de
980 2837 1084 2864 Seneet.
1105 2846 1129 2869 13

84 2880 107 2898 c.
123 2881 133 2897 s
159 2872 272 2905 Quem,
285 2878 310 2899 et
331 2881 411 2907 pure,
425 2880 450 2899 et
462 2873 594 2907 eleganter
612 2873 685 2899 ae‘tae
702 2873 792 2900 aetatis
813 2872 914 2908 placida
928 2881 956 2900 ac
977 2873 1043 2900 lenis
1058 2874 1129 2899 sene-

85 2907 151 2934 ἃιιε.
221 2906 344 2941 Qiietius
359 2907 454 2935 deinde
468 2909 692 2944 tranquilliusque
706 2908 804 2936 bellare
817 2910 877 2936 Liu.
894 2917 933 2944 27,
946 2918 983 2936 12.
1045 2910 1128 2942 Qiie-

85 2944 138 2970 tius
152 2943 227 2970 edere
239 2944 340 2978 aliquid
349 2964 357 2977 ‚
377 2952 432 2980 opp.
446 2944 551 2971 auidius
562 2954 657 2973 vorare
671 2945 789 2972 Macrob.
803 2946 853 2972 Sat.
868 2953 895 2980 7,
911 2954 934 2971 12
1016 2946 1129 2972 Romam

1143 2808 1176 2837 72·

1155 491 1185 509 10
1232 491 1279 520 Qv
1291 491 1299 509 1
1310 492 1339 510 N.
1370 486 1438 512 Adu.

379 1559 448 1586 Ter.
466 1559 573 1585 Phorm.
593 1568 622 1592 4,
641 1567 685 1592 5‚i
716 1558 832 1592 Quietus
852 1557 921 1589 esto,
935 1558 1060 1592 inquam:
1085 1565 1178 1590 ego40

1189 2233 1317 2270 ferenda,
1341 2231 1450 2257 trabium
1470 2237 1494 2255 e!
1513 2232 1592 2264 ipsun
1612 2238 1641 2254 cx
1658 2233 1757 2254 notione
1776 2238 1819 2264 qul
1841 2240 1906 2263 non,
1931 2235 1948 2258 i.
1971 2242 2047 2269 quare
2068 2245 2125 2263 non.

840 2621 844 2625 ⁴
981 2583 1010 2650 ἶ
1188 2588 1302 2624 sumitur
1326 2587 1395 2614 Ter.
1411 2586 1517 2613 Phorm.
1534 2595 1554 2619 1,
1569 2597 1595 2621 4,
1610 2596 1633 2618 33

79 2620 176 2655 destas,
187 2621 309 2656 placidus.
331 2623 433 2648 Praeter
450 2622 568 2657 quaedam
589 2625 639 2648 iam
653 2621 771 2654 laudata,
790 2622 906 2654 Quietus
918 2622 990 2648 mori
1012 2631 1042 2648 us
1061 2621 1129 2662 Veli:
1144 2633 1180 2660 70
1193 2623 1302 2650 abeam?

1619 74 1679 132 Q
1740 73 1779 112 V
1861 79 1875 113 ¹
2189 93 2236 132 42

1191 164 1270 190 Caius
1284 162 1342 189 ini.
1357 162 1384 189 Si
1397 172 1472 190 vero.
1506 163 1538 189 D.
1552 163 1607 196 Qii
1628 162 1714 188 satisd.
1745 171 1802 195 cog.
1824 163 1889 189 Sane
1908 173 1963 191 non
1983 168 2117 201 quaelibet
2137 170 2240 199 inim-1⁸2

1192 201 1227 225 est
1237 220 1244 231 ‚
1256 200 1317 226 duci
1331 201 1358 225 in
1372 200 1413 225 ius
1426 208 1486 225 eum
1499 219 1506 231 ,
1520 201 1565 233 qui
1582 199 1641 225 satis
1657 198 1783 224 idone-uix.
1804 198 1981 226 fideiussorem
1995 204 2044 230 det.
2136 207 2192 234 Cic,
2208 207 2240 234 de

1192 236 1285 262 Diuin.
1301 244 1321 266 2,
1334 242 1362 269 71
1384 236 1460 269 Apud
1475 235 1588 261 maiores
1601 234 1779 260 adhibebatur
1793 235 1902 268 peritus,
1918 244 1985 261 nunc
2000 240 2122 271 quilibet.

1229 276 1383 310 ‹QuiroN
1403 278 1451 306 pro
1471 271 1558 302 Cylon
1584 271 1675 303 vegei.
1690 271 1778 296 Veter.
1794 278 1816 301 Ξ,
1830 273 1874 300 66,
1889 282 1914 303 4.

1231 312 1285 343 (ζμ
1299 313 1372 333 ῙΜΑ
1386 313 1435 342 pro
1457 307 1538 338 Cyma
1557 305 1640 337 κύμη,
1660 303 1693 338 ‹st
1706 308 1732 330 ιή
1748 306 1823 333 MSS.
1862 306 1972 332 Palladii
1981 308 2042 342 Apr.
2058 318 2080 341 3,
2095 321 2113 338 ι,
2132 320 2155 339 η
2169 314 2238 349 Sept,

1193 350 1226 374 13,
1242 351 1261 367 1.
1282 344 1322 368 sic
1333 343 1436 376 Quatus
1446 349 1495 377 pro
1510 341 1614 374 Cyntho
1628 348 1673 367 ric.

1229 384 1462 416 QviaiA‘rvs,
1489 376 1526 403 sis.
1558 386 1594 403 m.
1630 376 1798 411 [mnan-ta]
1847 377 1882 402 Vt
1903 377 2036 410 Biinatus,
2059 387 2082 405 ee
2104 383 2239 412 trimams:

1192 418 1286 447 tempus
1299 419 1338 439 vel
1351 414 1462 450 spatium
1476 416 1582 448 quinque
1597 421 1725 438 armorum.
1763 413 1828 438 Plin.
1843 417 1866 444 8,
1881 421 1913 445 43
1940 414 2003 439 Vita
2019 414 2126 443 feminis
2141 426 2180 445 xv
2196 431 2239 447 an.

1194 448 1235 474 nis
1249 449 1411 482 longillima,
1427 448 1548 475 maribus
1568 456 1607 475 xx
1618 468 1625 479 ‚
1646 447 1730 474 robur
1744 448 1772 474 in
1787 449 1921 483 quimatu.
1944 449 1973 474 de
1985 450 2065 476 hohm.

1475 484 1553 518 [Za-m
1574 483 1604 515 ἐ,
1619 483 1658 509 ’ὅτι
1677 483 1728 516 μὴ,
1746 483 1782 516 μή
1802 486 1850 518 im]
1885 486 1946 510 Lati
1959 485 2088 512 achardum
2105 488 2178 521 ufiaes:
2200 496 2241 526 qm

1193 525 1274 545 tamen
1293 522 1402 557 intelligi
1416 520 1496 557 potqst
1514 529 1541 546 e.»
1557 521 1718 556 etymologia:
1750 529 1803 545 cum
1817 519 1882 553 quin
1894 518 1931 553 fit
1945 521 1991 554 qui
2003 529 2074 553 non,
2095 532 2162 557 quac
2178 534 2241 555 non,

1192 555 1266 589 qsiod
1280 564 1334 581 non
1344 564 1390 590 per
1403 560 1483 583 omnia
1495 565 1596 592 gencra,
1611 563 1722 580 numeros
1734 555 1845 590 ediusus,
1864 558 1891 580 in
1904 556 1991 590 quihus
2003 558 2037 582 aad
2049 558 2194 586 Ablutiuum
2213 556 2242 588 il.

1191 593 1240 617 lum
1254 592 1310 624 Qii
1324 593 1471 626 pruefirtim
1483 591 1576 618 attend.
1584 591 1657 616 ndum
1671 591 1713 623 cll,
1732 597 1755 616 ct
1775 593 1843 616 illiue
1861 595 1981 617 rationem
1995 592 2076 627 supra
2088 594 2112 621 h.
2128 604 2151 622 υ,
2166 596 2243 623 (iscla.

1192 633 1284 653 ratam.
1321 627 1388 653 Ter.
1402 627 1512 662 Adelph.
1527 637 1549 660 ς,
1565 636 1593 659 4,
1608 635 1623 652 2
1650 627 1797 660 Nunquam
1818 627 1854 653 ita
1875 628 2013 661 quisquam
2031 629 2097 655 bene
2117 630 2243 659 subdu6ia

1193 663 1298 689 ratione
1311 663 1344 688 ad
1358 664 1439 688 vitain
1453 664 1521 697 suit,
1539 663 1605 698 quin
1622 663 1683 695 (cui
1698 672 1761 694 uon,
1775 670 1803 688 ut
1815 663 1886 696 non)
1899 671 1954 693 res,
1971 669 2055 696 aetas,
2069 666 2128 691 vsus
2144 666 2244 700 semper

1193 698 1296 732 aliquid
1309 699 1430 732 adportet
1444 700 1517 726 noui.
1589 695 1644 730 Post
1660 698 1722 724 Non
1739 697 1850 729 dubito,
1871 707 1925 724 non
1939 697 2050 726 dubium
2065 702 2118 733 eli,
2138 710 2161 728 ct
2178 702 2244 736 simi-

1193 736 1228 761 les
1237 735 1382 770 formulas,
1396 738 1433 760 ita
1447 738 1568 769 explicari
1576 738 1656 770 potest
1666 753 1672 765 ,
1691 734 1754 761 Non
1768 735 1821 760 ideo
1837 734 1946 764 dubito,
1960 736 2027 768 quin
2040 736 2103 770 (qui
2126 739 2165 763 vel
2182 739 2245 772 quia

1195 780 1249 796 nou
1260 774 1269 797 )
1282 779 1325 796 ine
1339 779 1421 802 ames,
1435 777 1480 795 cic.
1553 771 1609 797 Cic.
1625 770 1696 796 Fam.
1714 778 1745 801 13,
1759 779 1772 796 2
1789 771 1852 797 Non
1867 769 1971 802 dubim,
1981 771 2045 804 quin
2059 781 2092 798 eo
2101 772 2130 799 sis
2144 775 2245 807 animo,

1196 815 1250 841 quo
1265 815 1314 841 ego
1329 807 1421 837 essem,
1432 805 1448 831 li
1465 805 1569 839 quidm
1583 815 1625 832 iue
1640 814 1757 840 rogares.
1813 805 1882 832 Ter.
1900 806 1983 832 Andr.
2000 815 2018 836 1,
2036 816 2062 840 2,
2078 817 2086 834 1
2121 809 2186 836 Non
2200 809 2245 836 du.

1197 843 1271 869 bium
1285 842 1331 874 est,
1340 842 1404 876 quin
1419 850 1530 867 vxorcni
1544 842 1611 868 nolit
1625 841 1705 868 filius.
1795 842 1851 867 Cic.
1866 851 1914 876 pro
1928 842 2015 868 Domo
2029 846 2062 876 69
2091 843 2153 870 Non
2174 847 2246 880 quod

1197 878 1341 910 dubitaret,
1355 878 1419 912 quin
1434 878 1466 903 ab
1482 877 1532 902 ilio
1547 878 1615 903 nihil
1631 878 1741 912 legibus,
1761 877 1829 904 nihil
1842 877 2030 912 religionibus,
2047 879 2116 906 nihil
2137 882 2195 908 iure
2210 884 2248 909 es-

1197 915 1233 941 set
1245 914 1342 940 afium.
1398 913 1473 940 Idem
1488 914 1541 938 Att.
1556 921 1578 945 ς,
1592 922 1611 938 ιι
1632 914 1695 940 Non
1711 914 1787 940 enim
1795 913 1933 940 dubitabat
1940 914 2022 947 Zeno,
2037 916 2102 949 quin
2117 916 2148 942 ab
2163 918 2247 945 Areo-

1197 951 1291 985 pagitis
1306 950 1394 976 inuito
1408 949 1539 976 Memmio
1557 949 1696 982 impetrari
1718 959 1771 976 non
1786 950 1875 985 posl'et.
1911 949 1980 976 Add.
1996 951 2034 976 ld.
2049 952 2081 977 de
2095 952 2152 979 Sen.
2174 962 2194 979 c.
2210 963 2246 981 io.

1196 994 1220 1013 et
1242 988 1314 1013 Fam.
1333 996 1355 1018 7,
1379 995 1398 1012 1.
1435 992 1457 1011 ei
1477 993 1526 1018 pro
1542 985 1630 1010 Domo
1651 994 1672 1010 c.
1692 988 1732 1011 26.
1805 986 1862 1012 Cic.
1878 986 1930 1011 Att.
1947 994 1982 1018 ιι,
1998 994 2021 1019 15
2053 987 2159 1014 Prorsus
2177 989 2247 1016 nihil

1195 1022 1276 1053 abest,
1292 1022 1356 1056 quin
1376 1021 1422 1048 fim
1442 1021 1622 1047 miserrimus:
1646 1021 1725 1055 potrst
1746 1023 1868 1056 explicari
1889 1020 1935 1055 qui
1956 1031 2027 1055 non,
2042 1031 2095 1056 quo
2110 1033 2179 1058 non,
2195 1035 2249 1060 quo

1196 1058 1292 1084 minus.
1338 1058 1412 1089 Non,
1425 1057 1489 1090 quin
1504 1057 1557 1090 ipsc
1570 1055 1861 1082 dilientiainCic.Fa1n.
1873 1067 1901 1090 4,
1915 1064 1941 1092 7.
1986 1059 2058 1089 Non,
2068 1060 2132 1093 quin
2145 1061 2249 1088 rce'tum

1196 1095 1256 1121 esset
1269 1093 1344 1120 Idem
1358 1094 1411 1119 Att.
1425 1101 1451 1127 7,
1466 1094 1507 1118 26.
1528 1091 1596 1118 Adai.
1612 1091 1680 1126 Nep.
1696 1099 1721 1125 7,
1736 1095 1762 1123 6,
1776 1102 1802 1126 4.
1823 1100 1846 1117 et
1865 1098 1899 1124 18,
1915 1101 1945 1125 ii,
1960 1101 1981 1125 5.
2018 1095 2160 1123 Tenssun.
2176 1105 2199 1131 5,
2207 1106 2248 1134 ²23

1355 1130 1430 1163 Apud
1453 1128 1633 1161 Antiphonem
1653 1134 1781 1161 vterque,
1803 1134 1887 1154 mater
1908 1135 1933 1154 et
1955 1135 2029 1162 pater

1355 1164 1433 1198 Qiasi
1455 1164 1543 1190 dedita
1562 1171 1641 1197 opera
1664 1163 1739 1189 domi
1763 1170 1854 1194 erant,
1873 1169 1903 1190 vt
1923 1164 1997 1191 nullo
2019 1164 2100 1193 modo

1354 1201 1472 1229 Introire
1492 1200 1604 1234 polleni,
1626 1199 1692 1232 quin
1713 1199 1835 1225 viderent
1856 1208 1907 1225 me.

1196 1238 1254 1264 Cic.
1293 1257 1300 1263 .
1337 1257 1344 1263 .
1382 1257 1387 1263 .
1425 1237 1489 1262 Non
1505 1236 1605 1262 idcirco
1618 1236 1704 1261 causas
1720 1236 1845 1261 Isocrates
1859 1244 1913 1261 non
1928 1235 2063 1266 defendit,
2078 1237 2143 1271 quin
2157 1238 2184 1265 id
2199 1240 2249 1266 vti-

1197 1273 1222 1300 le
1233 1274 1281 1300 ess‘e
1295 1278 1320 1299 et
1336 1272 1475 1299 honestum
1489 1271 1661 1299 existimaret.
1721 1272 1779 1298 Cic.
1795 1272 1822 1297 in
1836 1272 1909 1298 Orat.
1921 1280 1965 1304 233
1985 1272 2076 1299 Abesse
2088 1282 2142 1300 non
2155 1276 2249 1309 potest,

1197 1310 1263 1345 quin
1284 1309 1402 1335 eiusdem
1421 1308 1539 1335 hominis
1561 1308 1606 1339 lit,
1626 1306 1724 1341 probos
1744 1307 1899 1341 improbare
1918 1308 1964 1341 qui
1986 1308 2124 1343 improbos
2145 1311 2249 1345 probet.

1197 1346 1271 1373 Idem
1287 1346 1339 1372 Att.
1351 1355 1375 1379 9,
1394 1353 1415 1371 ιι
1442 1345 1538 1371 Facere
1551 1353 1604 1370 non
1620 1344 1729 1377 possum,
1742 1343 1807 1377 quin
1825 1343 1925 1369 cotidie
1943 1343 1974 1369 ad
1989 1350 2013 1369 te
2029 1345 2142 1372 mittam.
2179 1347 2248 1374 Adj.

1198 1382 1236 1408 Id.
1250 1381 1317 1408 ibid.
1334 1390 1367 1412 12,
1380 1383 1422 1407 26.
1495 1380 1576 1406 Plaut.
1589 1379 1675 1405 Truc.
1691 1387 1715 1409 2,
1729 1387 1755 1412 7,
1771 1387 1783 1403 2
1814 1379 1919 1404 Satinne
1935 1378 1981 1412 qui
1993 1386 2061 1405 amat
2077 1382 2171 1414 nequit
2184 1384 2251 1416 quin

1199 1417 1279 1443 nihili
1300 1417 1347 1448 fit,
1372 1422 1451 1449 atque
1470 1415 1600 1449 improbis
1627 1415 1678 1439 sese
1696 1414 1797 1440 artibus
1816 1414 1953 1447 exspoliat.
2026 1416 2081 1441 Cic.
2099 1423 2147 1450 pro
2167 1419 2250 1450 (Quin,

1198 1453 1265 1478 dixit
1280 1453 1315 1477 Vt
1329 1460 1397 1482 non,
1410 1458 1439 1476 vt
1451 1451 1485 1475 ad
1498 1452 1550 1476 Ati.
1565 1456 1586 1480 8,
1604 1452 1630 1475 16
1658 1450 1693 1474 Vt
1711 1449 1744 1474 ad
1762 1455 1788 1475 te
1807 1449 1877 1474 nihil
1899 1447 1958 1473 dem
1982 1449 2136 1482 literarum,
2163 1453 2249 1480 facere

1196 1496 1251 1514 non
1265 1488 1381 1521 possum,
1401 1489 1460 1521 quin
1481 1486 1515 1511 ad
1531 1493 1555 1511 te
1571 1485 1624 1510 dim
1645 1483 1749 1518 aliquid.
1821 1484 1886 1509 Non
1906 1485 2005 1517 possum
2025 1486 2090 1519 quin
2105 1487 2251 1516 exclamem

1196 1524 1253 1548 Cic.
1268 1522 1300 1547 de
1314 1524 1388 1548 Orat.
1405 1530 1430 1552 2,
1443 1529 1472 1551 39
1492 1530 1512 1546 c.
1529 1529 1567 1546 io.
1605 1518 1674 1545 Ibid.
1695 1521 1729 1544 66
1744 1527 1765 1544 c.
1784 1527 1807 1551 ¹5
1836 1519 1861 1545 Si
1883 1519 1954 1545 enim
1973 1520 2009 1546 est
2028 1523 2157 1554 oratoris,
2173 1533 2252 1558 quae--

1195 1565 1299 1590 cunque
1312 1565 1353 1582 res
1368 1556 1473 1582 infinite
1484 1554 1565 1589 polita
1578 1554 1624 1587 sit,
1644 1554 1676 1580 de
1698 1563 1727 1580 ea
1744 1555 1812 1588 posse
1831 1554 1921 1581 dicere
1943 1570 1988 1575 —-
2009 1557 2041 1583 de
2055 1558 2158 1584 musicis
2170 1561 2251 1587 rebus

1196 1602 1251 1620 non
1265 1592 1379 1626 poterit,
1398 1591 1463 1624 quin
1482 1591 1565 1620 dicat,
1579 1589 1630 1615 hoc
1649 1598 1725 1616 oneri
1749 1591 1881 1625 suscepto,
1895 1592 2023 1618 recusare.
2094 1594 2150 1621 Cic.
2173 1597 2250 1624 Verr.

1197 1637 1218 1662 3,
1233 1631 1274 1659 136
1286 1637 1307 1654 e.
1324 1636 1354 1659 59
1374 1627 1465 1654 Nemo
1480 1627 1548 1657 eli'et,
1564 1627 1629 1659 quin
1644 1627 1709 1661 (qui
1724 1627 1794 1659 non)
1810 1626 1859 1652 hoc
1873 1627 1898 1653 se
1911 1627 2007 1654 audisse
2021 1628 2125 1663 liquido
2139 1631 2248 1658 diceret,

1195 1665 1301 1691 Caecin.
1311 1664 1367 1690 Cic.
1378 1664 1448 1689 Fam.
1465 1665 1490 1694 6,
1506 1671 1522 1696 7
1543 1662 1633 1688 Nemo
1647 1660 1765 1689 nostrum
1779 1662 1902 1697 tst‚quin
1919 1672 1982 1690 vota
1995 1664 2128 1692 victoriae
2138 1667 2197 1694 suae
2214 1669 2251 1694 fe-

1196 1701 1271 1726 cerit.
1345 1700 1487 1725 Ter.Hec.
1504 1706 1528 1730 2,
1544 1707 1562 1730 ι,
1578 1706 1609 1732 43
1631 1698 1661 1723 Et
1674 1699 1772 1725 merito
1785 1698 1867 1724 adeo:
1887 1707 1947 1725 nani
1961 1700 2104 1727 vestrarum
2119 1703 2189 1730 nulla
2203 1704 2250 1736 est,

1195 1736 1260 1770 quin
1273 1741 1380 1770 gnatum
1394 1735 1458 1761 velit
1472 1733 1568 1760 ducere
1583 1742 1704 1760 vxorem.
1763 1735 1894 1766 Quinctil.
1909 1743 1936 1769 7,
1952 1744 1964 1761 2
1990 1737 2057 1769 Qiis
2075 1744 2127 1764 tam
2143 1733 2252 1774 imperi-

1195 1779 1250 1803 tus,
1272 1771 1330 1805 quis
1350 1779 1404 1797 tam
1423 1770 1515 1806 procul
1535 1778 1548 1795 a
1570 1770 1673 1802 literis,
1692 1779 1757 1804 quin
1776 1770 1808 1796 sic
1827 1771 1955 1806 incipiat?
2012 1774 2070 1799 Cic.
2085 1775 2159 1801 Verr.
2182 1785 2204 1808 ς,
2218 1784 2250 1811 57

1195 1809 1247 1834 I-lic
1268 1807 1337 1834 mihi
1359 1807 1438 1833 etiam
1460 1805 1569 1832 audebit
1588 1807 1751 1832 mentionem
1774 1806 1861 1833 facere
1881 1808 2057 1835 Mamertinae
2076 1810 2251 1838 laudationis:

1194 1844 1222 1870 in
1238 1852 1289 1878 qua
1303 1852 1382 1878 quani
1402 1842 1484 1869 multa
1503 1841 1550 1868 sint
1565 1842 1686 1874 vulnera,
1706 1843 1765 1876 quis
1777 1842 1813 1868 est
1826 1842 1952 1876 vestrum,
1967 1844 2080 1878 Iudices,
2095 1847 2159 1880 quin
2175 1848 2251 1874 intel-

1194 1881 1276 1915 ligat?
1307 1879 1366 1906 Vid.
1380 1878 1446 1905 ibid.
1463 1886 1491 1913 71
1506 1885 1529 1904 et
1543 1887 1590 1910 140
1610 1887 1631 1904 c.
1655 1887 1695 1911 54.
1784 1879 1897 1905 Nullum
1927 1880 2054 1907 intermisi
2078 1881 2148 1909 diem
2175 1885 2251 1917 quin,

1196 1917 1265 1952 (quo
1278 1917 1348 1949 non)
1363 1923 1407 1942 etc.
1423 1915 1479 1941 Cic.
1495 1915 1548 1940 Att.
1564 1922 1590 1948 7,
1601 1922 1626 1947 5.
1718 1915 1753 1940 Vt
1768 1923 1800 1941 ne
1815 1916 1873 1949 quis
1886 1925 1900 1942 a
1916 1924 1956 1941 me
1972 1915 2027 1942 dies
2049 1917 2251 1951 intermittatur,

1196 1952 1262 1986 quin
1281 1952 1340 1978 dem
1355 1951 1388 1978 ad
1409 1956 1434 1977 te
1455 1951 1543 1977 literas
1562 1951 1619 1976 Cic.
1636 1950 1686 1976 Att.
1703 1955 1726 1982 8,
1744 1958 1780 1977 12.
1872 1951 1950 1986 Nego
1965 1952 2045 1978 vllam
2058 1962 2188 1983 gemmam
2206 1962 2250 1982 aut

1194 1988 1366 2022 margaritam
1386 1987 1476 2019 fuisse,
1492 1993 1537 2013 etc.
1565 1986 1630 2020 quin
1652 1986 1748 2022 (quam
1769 1987 1841 2020 non)
1856 1987 2011 2020 quaesierit,
2028 1982 2187 2023 inspexerit,
2205 1991 2251 2017 ab·

1196 2024 1298 2051 stulerit
1312 2024 1368 2050 Cic.
1383 2024 1459 2049 Verr.
1473 2032 1500 2055 4,
1518 2031 1536 2048 1.
1607 2021 1670 2048 Dies
1692 2022 1748 2047 fere
1766 2022 1853 2047 nullus
1871 2022 1917 2053 est,
1930 2024 1995 2055 quin
2017 2023 2060 2048 hic
2079 2024 2183 2056 Satyrus
2205 2025 2251 2053 do-

1196 2069 1269 2086 mum
1287 2068 1372 2086 meam
1389 2059 1501 2085 ventitet
1521 2057 1595 2083 Idem
1613 2059 1665 2083 Att.
1684 2065 1703 2088 1,
1720 2065 1738 2082 1.
1810 2057 1883 2082 Num
1903 2056 1968 2089 quid
1983 2057 2039 2090 vis,
2054 2060 2117 2092 quin
2139 2061 2250 2088 abeam3

1195 2097 1266 2122 Ter.
1284 2096 1333 2122 Ad.
1354 2103 1380 2125 2,
1402 2103 1428 2124 2,
1447 2102 1485 2125 39.
1595 2093 1668 2117 Num
1690 2090 1754 2128 quid
1773 2099 1815 2116 me
1830 2091 1884 2120 vis,
1903 2098 2002 2122 mater,
2021 2093 2094 2120 intro
2108 2096 2173 2128 quin
2192 2105 2251 2127 eam

1195 2132 1278 2158 Plaut.
1293 2130 1356 2156 Cist.
1374 2138 1394 2160 1,
1410 2138 1427 2158 1,
1443 2136 1491 2159 119.
1563 2127 1662 2164 Cau-sae
1681 2125 1750 2151 nihil
1765 2126 1839 2157 esset,
1854 2126 1920 2159 quin
1933 2125 2002 2162 (qui=
2013 2137 2079 2161 vion,
2092 2138 2167 2166 quare
2179 2134 2252 2168 non)

1196 2167 1266 2191 secus
1286 2165 1415 2189 iudicaret
1434 2162 1490 2187 Cic.
1506 2169 1554 2194 pro
1568 2162 1660 2192 Qunt.
1676 2168 1715 2191 32.
1915 2159 1935 2198 ff
1956 2170 1972 2189 2
2010 2164 2083 2196 Qun
2098 2164 2252 2203 affiuqfflndl-

1194 2198 1320 2234 quandam
1335 2201 1387 2223 vim
1401 2197 1472 2222 habet
1488 2195 1636 2229 praesertim
1649 2197 1675 2220 in
1691 2193 1824 2235 refellenti?
1833 2214 1841 2226 ,
1853 2201 1897 2221 aut
1909 2199 2039 2233 finientis
2051 2206 2180 2229 contraria
2191 2211 2253 2239 pro-

1196 2267 1292 2300 Amph.
1312 2275 1338 2298 2,
1359 2274 1377 2295 1,
1397 2273 1432 2299 70
1459 2264 1507 2289 Sed
1528 2264 1654 2290 vidistine
1675 2273 1787 2290 vxorem
1809 2268 1913 2294 meam?
1935 2274 1979 2295 SO.
1999 2270 2074 2304 Qiin
2088 2239 2252 2302 introiti-lemiii

1195 2302 1267 2328 aedis
1289 2308 1423 2333 nunquam
1444 2298 1547 2325 licitum
1569 2299 1614 2326 est.
1649 2300 1779 2335 Abrupte‚
1800 2303 1884 2336 Qaare
1900 2313 1948 2330 non
1969 2305 2075 2333 viderim
2095 2309 2191 2336 dicam:
2221 2312 2252 2339 in

1195 2337 1270 2363 aedes
1283 2342 1330 2362 etc.
1386 2335 1468 2361 Plaut.
1483 2335 1577 2369 Amph.
1591 2344 1617 2368 2,
1632 2344 1654 2368 2,
1669 2344 1695 2368 73
1731 2337 1765 2362 At
1784 2338 1827 2371 pol
1842 2339 1908 2372 quin
1922 2347 1994 2367 certa
2013 2351 2054 2369 res
2068 2343 2134 2372 hanc
2150 2346 2186 2373 est
2202 2348 2250 2375 ob-

1194 2372 1308 2406 iurgare.
1344 2370 1419 2397 Idem
1433 2371 1504 2397 Men.
1521 2380 1544 2402 2,
1562 2380 1582 2404 3,
1598 2377 1629 2406 7⁴
1652 2371 1748 2398 Hercle
1761 2373 1826 2407 quin
1841 2381 1869 2400 tu
1884 2375 1956 2402 reete
1969 2376 2044 2404 dicis.
2097 2380 2145 2408 Sed
2163 2390 2185 2409 et
2198 2393 2252 2411 cum

1194 2409 1346 2469 Impleratiuo
1359 2407 1519 2442 Corripiendi
1538 2409 1578 2434 vel
1597 2408 1740 2442 imperandi
1758 2412 1809 2435 vim
1823 2409 1903 2437 haber.
1942 2413 2032 2446 Daue,
2046 2416 2129 2449 perii!
2144 2425 2171 2444 D.
2186 2421 2253 2453 quin

1193 2450 1222 2470 tu
1255 2452 1286 2470 oc
1300 2441 1363 2469 audi
1375 2443 1444 2469 Ter.
1459 2443 1541 2470 Andr.
1556 2452 1577 2474 2,
1592 2451 1615 2474 2,
1629 2452 1654 2476 9.
1695 2444 1769 2470 Idem
1786 2445 1851 2472 ibid.
1868 2455 1891 2479 2,
1905 2449 1932 2479 6,
1947 2453 1973 2478 18
2003 2451 2137 2483 Qudnam
2151 2454 2205 2481 esta
2223 2463 2241 2482 D

1194 2479 1297 2515 puerile
1311 2478 1356 2506 est.
1378 2486 1401 2505 s.
1422 2479 1486 2513 quid
1500 2479 1553 2505 est?
1571 2486 1598 2506 D.
1613 2479 1691 2506 nihil.
1716 2488 1737 2505 ς.
1753 2481 1818 2514 quin
1834 2481 1877 2508 dic
1898 2484 1962 2517 quid
1982 2486 2026 2512 est.
2063 2488 2132 2515 Adai.
2148 2477 2204 2517 ibid
2231 2477 2251 2518 ι.

1195 2525 1216 2549 ι,
1231 2521 1265 2545 13.
1336 2515 1425 2549 Cupio
1440 2514 1528 2541 hercle
1542 2514 1667 2549 equidem
1678 2536 1686 2548 ,
1706 2515 1724 2541 fi
1744 2517 1789 2542 illa
1804 2517 1861 2544 vult
1880 2525 1904 2544 Ρ.
1922 2520 1986 2554 quin
2000 2522 2074 2557 cupit
2095 2525 2176 2553 Plaut.
2188 2512 2252 2554 Mil'

1194 2561 1221 2585 4,
1238 2561 1257 2584 1,
1272 2558 1311 2584 23.
1386 2551 1458 2584 Qiin
1471 2560 1533 2586 age,
1550 2551 1567 2577 si
1583 2551 1647 2585 quid
1664 2550 1743 2592 habes
1760 2553 1836 2588 Virg.
1852 2554 1904 2581 Ecl.
1918 2564 1940 2588 3,
1955 2565 1993 2589 52.
2066 2548 2253 2599 Ιηηννομιῐαὲ

1389 2623 1394 2627 .
1442 2624 1446 2628 .
1629 2624 1633 2628 ῃ
1656 2588 1728 2621 Qud
1749 2590 1911 2616 conterimus
1930 2601 2039 2626 operam
2058 2595 2170 2624 frustra?
2187 2600 2253 2633 quin

1363 2624 1419 2650 Cic.
1440 2631 1468 2649 in
1488 2623 1577 2650 Somn.
1596 2624 1661 2658 Scip.
1682 2632 1694 2656 5
1723 2625 1797 2658 Quin
1818 2633 1846 2651 tu
1866 2628 1975 2662 aspicias
1996 2629 2028 2656 ad
2049 2637 2074 2657 te
2096 2635 2251 2664 venientem

1194 2659 1313 2687 Paullum
1329 2660 1449 2693 patrem?
1504 2659 1573 2685 Ibid.
1587 2662 1604 2685 6
1623 2659 1696 2693 Qiid
1716 2669 1810 2687 moror
1829 2662 1857 2688 in
1878 2664 1973 2690 terris?
1994 2666 2060 2699 quin
2080 2667 2130 2695 huc
2149 2669 2182 2696 ad
2203 2681 2251 2699 vos

1193 2696 1288 2723 venire
1302 2696 1434 2730 propero?
1490 2695 1545 2722 Cic.
1560 2695 1631 2735 Fani.
1647 2703 1673 2730 7,
1694 2700 1708 2725 8
1739 2697 1812 2730 Quin
1833 2704 1861 2724 tu
1874 2708 1950 2734 vrges
1970 2702 2134 2730 occasionem
2157 2706 2250 2734 istam?

1193 2732 1267 2759 Idem
1281 2740 1330 2766 pro
1346 2731 1436 2758 Rabir.
1454 2735 1479 2761 18
1493 2740 1514 2757 c.
1529 2735 1545 2758 6
1574 2734 1647 2765 Qun
1660 2732 1803 2759 contineris
1824 2743 1916 2762 vocem
1931 2736 2047 2764 indicem
2061 2739 2186 2768 stultitiae
2203 2753 2249 2770 vc-

1192 2769 1275 2795 strae3
1333 2768 1364 2793 Et
1377 2768 1429 2794 Att.
1444 2776 1472 2800 4,
1487 2777 1505 2800 4
1520 2770 1572 2799 (16)
1592 2763 1665 2801 Qiin
1688 2775 1716 2793 tu
1740 2768 1790 2795 huc
1810 2769 1934 2804 aduolas,
1950 2778 1976 2799 et
1997 2773 2089 2801 inuitis
2108 2776 2181 2804 illius
2202 2788 2247 2806 no-

1193 2804 1260 2831 strae
1275 2803 1388 2837 Reipub.
1402 2805 1560 2838 germanae?
1617 2804 1691 2837 Qiin
1713 2812 1805 2831 contra
1826 2805 1876 2832 hoc
1896 2813 1952 2834 etv
2018 2815 2029 2836 t
2046 2819 2138 2839 omnes
2157 2822 2248 2847 gente,

1192 2841 1258 2867 scire
1273 2839 1395 2867 volumus
1417 2839 1476 2866 Liu.
1492 2847 1528 2872 31,
1543 2848 1575 2871 31.
1611 2839 1680 2866 AM.
1697 2839 1734 2866 ld.
1749 2849 1786 2873 35,
1800 2843 1842 2867 26.
1862 2849 1886 2868 et
1903 2851 1944 2878 37,
1990 2862 1997 2870 .
2012 2837 2017 2842 “
2033 2845 2108 2882 Conf,
2126 2848 2194 2884 Nep,
2211 2857 2236 2882 13

1193 2885 1227 2909 ιι,
1241 2886 1260 2908 3.
1332 2876 1406 2908 Qiin
1421 2875 1509 2910 potius
1524 2884 1612 2910 pacem
1630 2882 1779 2909 aeternam,
1795 2877 1938 2912 pac’tosque
1950 2878 2079 2911 hynienae
2137 2872 2248 2913 Exere-23

1191 2913 1266 2939 mus?
1287 2911 1364 2946 Virg.
1377 2913 1442 2938 Aen.
1458 2920 1486 2945 4,
1500 2920 1543 2944 99.
1616 2913 1690 2945 Qiin
1712 2912 1794 2946 igitur
1809 2913 1961 2942 vlciscimur
1974 2916 2069 2943 Graeci
2121 2939 2128 2950 ,
2143 2928 2169 2946 et
2183 2922 2245 2950 vrbi

1192 2949 1259 2975 faces
1274 2947 1409 2974 subdimus
1423 2948 1498 2974 Curt.
1514 2956 1537 2980 5,
1552 2956 1574 2980 7,
1588 2957 1614 2981 4.
1687 2948 1761 2981 Quin
1783 2958 1862 2983 ergo,
1876 2951 1948 2984 quod
1962 2951 2049 2985 iuuat,
2063 2955 2134 2988 quod
2155 2966 2244 2986 carum

86 2988 193 3014 pergere
211 2979 348 3010 volebam,
368 2981 439 3015 quod
458 2980 613 3012 audiebam,
627 2981 745 3016 quietius
768 2981 808 3007 ibi
828 2981 932 3007 studere
952 2980 1129 3008 adolescentes
1145 2987 1178 3013 80
1191 2985 1343 3015 aestimant,
1361 2984 1388 3011 id
1410 2985 1511 3018 semper
1531 2984 1643 3015 faciant,
1663 2990 1765 3015 ament,
1784 2991 1877 3020 potent
1897 2987 1997 3014 Sallust.
2020 2990 2047 3015 in
2068 2992 2185 3031 lugurth.
2206 3000 2243 3027 83.

87 3015 220 3049 Augustin.
233 3015 311 3042 Cons.
327 3025 349 3049 5,
361 3021 383 3046 8.

88 3050 155 3077 Adri.
169 3051 302 3084 Augustin.
317 3052 361 3086 Ep.
374 3060 429 3085 203.

126 3092 173 3124 QV
184 3092 191 3110 1
203 3092 287 3113 ESCE
297 3094 317 3113 N
328 3093 350 3113 Τ
362 3095 371 3114 1
382 3094 402 3114 Α
414 3107 421 3119 ,
438 3097 476 3115 ae.
497 3089 517 3115 f.
556 3088 623 3115 Idem
639 3088 703 3124 quad
715 3090 799 3124 Ques.
837 3088 945 3115 Firinic.
961 3098 981 3122 1,
995 3097 1016 3121 3.

127 3127 177 3156 (ρ’
187 3127 194 3145 ι
206 3127 251 3147 ιεί·
261 3128 280 3148 ν
289 3128 306 3148 ι)
316 3129 334 3147 0
344 3142 352 3155 ‚
372 3124 432 3150 i‘nis.
458 3124 478 3150 s.
514 3124 617 3159 ἤρεμῆκ,
628 3124 717 3157 ἡσυχία
730 3124 808 3152 Glofl'.
824 3125 932 3157 Cyrilli.

124 3162 174 3195 Qv
185 3162 193 3181 1
204 3161 293 3188 Ετο,
311 3161 363 3185 are.
397 3166 422 3186 ei
442 3167 636 3199 QVirToR,
657 3161 705 3188 ari.
729 3160 796 3196 apud
807 3161 929 3187 Priscian.
945 3165 959 3190 8
976 3169 999 3194 p.
1014 3167 1076 3194 799·

127 3199 147 3223 Q
157 3198 175 3216 v
187 3197 220 3217 113
231 3197 304 3218 ‘rAL
315 3199 323 3218 1
335 3199 349 3219 s
360 3214 368 3226 ,
387 3204 410 3221 e.
430 3196 456 3231 s.
506 3203 527 3222 v
537 3203 569 3228 rr:
578 3202 598 3222 T
609 3203 630 3223 A
641 3202 718 3224 Lvs.
755 3196 796 3223 Ab
807 3197 924 3232 antiquis
936 3195 1075 3223 dicebatur
1087 3203 1129 3223 or-

89 3235 133 3253 cus
147 3227 211 3253 Fcst-
255 3227 312 3253 V1'd-
323 3229 441 3266 Carpzou.
455 3231 484 3257 dc
495 3235 573 3267 quiete
586 3233 634 3258 Dei
647 3232 697 3269 §12
711 3241 735 3267 p.
750 3234 780 3264 36
800 3232 836 3266 sq.

128 3269 174 3302 ἣν
188 3269 222 3289 [Ε
230 3269 252 3289 Τ
262 3269 282 3288 Α
293 3269 313 3287 Τ
322 3270 341 3290 0
350 3270 368 3290 R
389 3266 564 3301 Augustorum
578 3269 680 3302 Iupiter
691 3268 828 3295 celebratur
845 3271 873 3295 in
885 3277 959 3294 numo
974 3266 1130 3294 Maximiani

89 3299 204 3325 Herculii
216 3305 239 3324 ει
253 3299 410 3327 Diocletiani.
440 3303 498 3329 Vid.
511 3305 631 3339 (jarpzou.
645 3305 662 3331 1.
674 3314 696 3331 c.
711 3311 740 3340 p.
756 3308 799 3337 46.

125 3340 175 3374 QV
186 3341 193 3359 ¹
204 3341 220 3360 Ε
231 3340 252 3360 Τ
262 3339 282 3359 Θ
294 3341 310 3360 R
321 3341 329 3360 1
339 3341 359 3360 V
368 3342 406 3367 M,
425 3337 444 3364 i.
462 3347 489 3365 n.
525 3340 704 3372 Coemeterium,
720 3341 747 3366 in
760 3341 819 3366 Vet.
834 3340 912 3366 Inscr.

107 3376 176 3413 “Qv
190 3376 198 3395 1
211 3375 227 3395 ι.
239 3367 276 3411 {13
286 3377 331 3413 ΕΖΓ
345 3390 353 3403 ,
375 3372 506 3433 guaelibet
519 3395 527 3407 ‚
555 3375 695 3410 quodlibet
722 3376 763 3402 vc!
792 3375 940 3410 quidlibet3
973 3373 1127 3400 cuiuslibet.

89 3406 172 3437 (vm,
193 3404 286 3446 δῆσεν,
308 3405 356 3431 ⁰¹5&
372 3442 377 3447 ῃ
394 3406 460 3442 ἕλῃ]
498 3411 565 3437 Vnus
579 3420 645 3447 quem
663 3412 711 3438 tibi
729 3418 815 3447 capere
826 3411 894 3438 libet.
931 3411 997 3437 Hor.
1010 3410 1092 3436 Serm.
1109 3418 1129 3442 1,

90 3449 116 3472 2,
129 3443 174 3467 126
200 3441 249 3467 Ilia
262 3447 288 3467 et
302 3441 395 3476 Egeria
409 3442 460 3474 est,
475 3444 508 3472 do
521 3455 617 3473 nomen
633 3447 772 3482 quodlibet
791 3447 842 3474 illi.
860 3450 879 3473 i.
896 3445 1060 3482 decunque
1073 3446 1130 3480 pla-

90 3482 148 3519 cet,
164 3485 212 3502 non
231 3483 310 3502 tamen
329 3487 396 3504 omne
417 3487 507 3507 nomen.
543 3481 622 3516 Potqsi
642 3486 714 3509 etiam
726 3482 844 3516 anstrum
857 3483 954 3519 scribi,
972 3488 997 3508 et
1015 3482 1056 3508 hic
1068 3481 1130 3516 sane

91 3513 185 3552 melius.
205 3512 267 3553 *Sed
280 3512 423 3575 ”⁰3².g⁰“’st
436 3514 551 3549 separari
561 3521 588 3544 in
605 3519 647 3545 illo
659 3519 741 3546 Ouid.
758 3519 790 3545 de
804 3520 867 3545 Arte
882 3519 940 3544 Am.
960 3527 980 3550 1,
993 3527 1051 3552 444
1073 3517 1130 3543 Pol·
1144 3526 1176 3553 95

93 3547 174 3588 licitis
185 3547 259 3574 diues
273 3548 340 3588 quili
362 3555 387 3576 et
403 3551 450 3590 ess'e
463 3551 551 3585 potest.
595 3554 701 3581 Sueton.
715 3556 742 3581 in
751 3554 849 3581 Tiber.
864 3564 884 3580 c.
895 3563 922 3580 12
947 3554 1011 3580 Νοιι
1027 3553 1131 3580 cefl‘auit

90 3583 233 3624 efflagitare
247 3584 362 3618 aliquem
377 3586 520 3613 cuiuslibet
532 3587 631 3616 ordinis
645 3591 778 3617 custodem
791 3590 868 3617 faffis
883 3596 962 3624 atque
976 3589 1054 3616 dietis
1069 3589 1129 3615 suis.

92 3618 183 3659 lustin.
203 3618 236 3645 de
255 3619 352 3647 Hered.
371 3621 452 3648 instit.
486 3622 601 3651 Cuilibet
621 3626 771 3654 conditioni
797 3626 981 3660 obtemperare
1005 3625 1064 3652 satis
1086 3624 1131 3651 est.

92 3654 147 3681 Cic.
162 3654 239 3681 Aead.
252 3663 278 3687 4,
292 3663 305 3688 5
325 3656 365 3682 Ad
378 3666 425 3684 vos
437 3667 506 3684 nunc
524 3659 610 3687 refero
624 3671 702 3696 quein
720 3664 825 3697 sequar:
846 3661 928 3688 modo
942 3670 974 3687 ne
989 3662 1049 3696 quis
1064 3660 1130 3687 illud

454 3016 618 3050 Qiietillime
632 3018 657 3044 se
669 3018 786 3052 recipere
800 3018 872 3044 Caes.
886 3017 951 3044 Bell.
966 3018 1028 3044 Ciu.
1043 3026 1064 3050 3,
1083 3020 1128 3051 46.

1145 3164 1174 3193 85

1139 3349 1176 3375 90

93 3695 147 3716 tam
162 3689 322 3717 ineruditum
339 3692 533 3728 absurdumque
552 3695 716 3730 respondeat,
727 3698 895 3732 Qiemlibet‚
908 3697 990 3723 modo
1003 3698 1183 3732 aliquem-100
1193 3702 1260 3728 illud
1272 3703 1385 3735 adnota,
1401 3710 1466 3736 quae
1480 3702 1613 3736 putaueris
1632 3699 1797 3735 corrigenda.

95 3724 203 3752 Indutus
221 3726 352 3761 quidlibet
377 3730 444 3756 Hor.
460 3730 539 3765 Epist.
560 3739 580 3762 ι,
600 3738 637 3765 17,
655 3739 693 3764 28.
764 3734 873 3760 Garrire
893 3732 1027 3768 quidlibet
1058 3733 1130 3759 Idem

94 3759 176 3800 Serum
189 3769 210 3794 i,
222 3770 246 3794 9,
259 3770 292 3803 13.
362 3766 420 3792 Arti
436 3766 547 3792 cuilibet
566 3765 674 3794 idonens
692 3769 730 3796 Id.
745 3769 824 3804 Epist.
839 3777 864 3801 2,
878 3778 903 3802 2,
917 3777 942 3804 7.
1013 3768 1129 3802 Qubus-

94 3794 160 3821 libet
171 3797 332 3831 temporibus
345 3801 466 3835 egregius
478 3802 584 3828 Senatus
594 3802 692 3836 Liu.'2,
703 3814 747 3838 49.
820 3805 950 3838 Quolibet
962 3805 1045 3831 modo
1062 3805 1128 3831 Plin.

95 3837 130 3871 ¹¹?
145 3839 177 3864 54
191 3833 209 3858 s·
221 3839 283 3873 ‘’xtr-
353 3836 491 3872 Qiilibet,
505 3845 554 3874 pro
575 3839 640 3868 Vili,
654 3840 764 3874 obscuro,
778 3842 896 3876 Imperito
909 3848 955 3867 etc.
977 3840 1042 3868 Plin.
1057 3849 1084 3874 7,
1102 3845 1129 3870 28

90 3866 137 3894 Bis
156 3866 189 3893 ab
209 3868 335 3932 Anxi'ugale
353 3879 457 3936 ciaxptus,
479 3882 566 3910 neque
587 3874 661 3902 enim
680 3883 739 3904 cum
758 3876 884 3913 quolibet
903 3876 977 3905 hoste
1003 3886 1045 3906 res
1067 3876 1129 3904 fuit.

300 3912 326 3933 1..
358 3913 361 3918 '
400 3929 407 3936 .

1190 3102 1245 3119 vno
1264 3091 1346 3118 niodo
1367 3092 1422 3118 Cic.
1437 3092 1509 3118 Fam.
1526 3100 1550 3124 9,
1567 3099 1601 3118 21.

1190 3280 1213 3300 s.
1228 3281 1331 3300 verum.
1352 3278 1378 3299 C.
1393 3271 1471 3307 perii.
1493 3279 1515 3297 s.
1530 3271 1596 3305 quin
1611 3278 1638 3297 tu
1651 3280 1743 3298 animo
1756 3272 1828 3298 bono
1842 3282 1877 3299 es.

1190 3021 1259 3048 Ter.
1276 3021 1370 3046 Heaut.
1391 3028 1413 3052 3,
1429 3028 1450 3051 3,
1464 3027 1492 3045 21
1529 3021 1606 3051 Syre,
1625 3019 1705 3054 pudet
1726 3029 1776 3046 me.
1799 3027 1822 3047 S.
1842 3022 1937 3048 credo:
1969 3032 2055 3057 neque
2076 3027 2102 3052 id
2129 3028 2245 3057 iniuria:

1191 3057 1257 3091 quin
1269 3055 1338 3082 mihi
1353 3055 1493 3082 molestum
1506 3055 1552 3082 est.
1644 3056 1717 3089 Qun
1736 3056 1790 3091 ipsa
1809 3057 1907 3084 iudicia
1928 3067 1981 3085 non
1996 3060 2110 3088 solemus
2131 3064 2245 3092 tractare

1631 3126 1638 3133 .
1693 3092 1760 3119 Ter.
1776 3093 1872 3119 Heaut.
1891 3103 1919 3127 4,
1942 3103 1963 3126 3,
1976 3103 2006 3127 23
2043 3096 2117 3130 Qiid
2138 3098 2244 3128 dicam?

1193 3138 1272 3163 quam
1292 3128 1394 3154 causam
1409 3127 1533 3154 afferam?
1555 3134 1576 3153 s.
1592 3135 1658 3161 quin
1677 3128 1743 3154 nolo
1762 3129 1904 3155 mentiare:
1922 3138 2012 3163 aperte
2032 3131 2067 3158 ita
2082 3139 2111 3160 vt
2131 3144 2171 3162 res
2191 3138 2245 3164 sese

1192 3165 1286 3195 habet,
1301 3170 1417 3190 narrato.
1471 3162 1544 3190 Idem
1558 3163 1622 3189 Eun.
1638 3172 1661 3196 5,
1676 3171 1701 3195 2,
1715 3166 1745 3195 63
1772 3164 1836 3191 Non
1855 3165 1899 3200 pol
1914 3166 1992 3193 credo
2007 3167 2138 3201 Chaerea,
2157 3172 2205 3199 nisi
2225 3174 2244 3200 fi

1193 3200 1358 3227 commissum
1371 3208 1425 3226 non
1439 3200 1500 3226 erit.
1516 3207 1542 3226 c.
1564 3200 1628 3233 quin
1643 3199 1747 3231 Pythias
1765 3206 1792 3226 tu
1812 3209 1855 3226 ine
1872 3202 1983 3229 seruato.
2018 3203 2076 3229 Vid.
2094 3206 2131 3232 Id.
2146 3208 2242 3236 Heam,

1191 3246 1220 3270 4,
1233 3245 1260 3269 4,
1274 3243 1308 3269 15.
1378 3236 1449 3262 Ter.
1466 3234 1577 3269 Adelph.
1591 3245 1619 3268 4,
1632 3244 1659 3267 Ὶ2,
1673 3243 1693 3275 ς.
1727 3236 1797 3268 Syre.
1813 3243 1833 3263 S.
1850 3238 1913 3271 quid
1933 3238 1988 3264 ais?
2013 3245 2039 3265 c.
2059 3249 2101 3267 me
2121 3245 2244 3276 quaerit3

1494 3307 1498 3311 ⁵
1923 3274 1998 3308 Virg.
2012 3275 2077 3302 Aen.
2092 3285 2112 3310 1,
2121 3283 2165 3312 283

1445 3308 1520 3341 Qun
1539 3308 1628 3342 aspera
1649 3308 1716 3333 Iuno

1297 3344 1373 3377 Qiae
1387 3352 1460 3370 mare
1479 3352 1547 3369 nunc
1556 3363 1562 3374 .
1577 3349 1713 3377 terrasque
1726 3348 1812 3375 metu,
1824 3343 1978 3378 caelumque
1991 3345 2095 3381 fatigat,

1297 3379 1414 3407 Conlilia
1429 3380 1457 3406 in
1471 3380 1566 3406 melius
1581 3380 1688 3405 reseret.

1191 3415 1272 3442 Plaut.
1286 3416 1360 3450 Capt.
1374 3424 1397 3448 5,
1410 3425 1439 3448 4,
1453 3424 1480 3448 19
1502 3415 1646 3442 Adduxtin'
1660 3415 1736 3442 illum
1752 3414 1829 3441 huius
1839 3414 1973 3449 captiuum
1985 3416 2090 3444 filium?
2104 3425 2152 3446 PH.
2167 3421 2242 3455 quin,

1191 3451 1300 3486 inquam
1310 3472 1318 3484 ,
1330 3452 1401 3478 intus
1416 3451 1458 3478 hic
1473 3451 1517 3477 est.
1596 3451 1741 3485 Nunquam
1755 3450 1788 3477 ab
1806 3451 1863 3485 ipso
1878 3450 1948 3479 elusa
1961 3452 2025 3480 fides
2039 3454 2089 3486 est,
2109 3456 2176 3490 quin
2194 3466 2241 3492 po-

1191 3487 1244 3515 tius
1256 3488 1331 3515 aufla
1344 3488 1403 3515 Liu.
1418 3490 1462 3519 26,
1478 3495 1506 3519 19

1299 3524 1408 3550 Famem
1426 3523 1515 3550 hercle
1534 3521 1658 3549 viendam
1679 3521 1697 3548 si
1719 3530 1811 3556 rogeS,
1830 3530 1964 3556 nunquam
1985 3523 2073 3552 dabit:

1299 3559 1374 3592 Qiin
1395 3559 1442 3594 ipsi
1462 3558 1566 3594 pridem
1587 3559 1678 3584 tonsor
1696 3566 1794 3592 vngues
1818 3557 1974 3593 dempserat,

1299 3595 1429 3630 Collegit,
1449 3595 1541 3621 omnia
1565 3593 1672 3620 abstulit
1691 3594 1878 3628 praesegmina.

1192 3629 1274 3658 Plaut.
1287 3631 1372 3658 Calin.
1391 3639 1410 3663 1,
1428 3639 1447 3661 1,
1463 3639 1488 3656 12
1513 3630 1586 3663 Qiin
1605 3631 1693 3664 potius
1708 3628 1781 3662 quod
1797 3629 1912 3664 legatum
1925 3630 1962 3657 est
1976 3630 2026 3657 tibi
2046 3632 2200 3666 negotium,
2214 3633 2242 3660 id

1191 3675 1266 3693 curas
1281 3673 1359 3701 atque
1374 3666 1481 3693 vrbanis
1493 3665 1572 3693 rebus
1587 3672 1613 3691 te
1632 3665 1762 3691 abstines?
1816 3665 1884 3693 Plin.
1898 3666 1974 3700 Epist.
1991 3674 2022 3701 57
2059 3668 2133 3701 Qiin
2153 3670 2242 3703 potius

1869 3701 1951 3729 Plaut.
1967 3702 2042 3737 Epid.
2057 3712 2079 3735 3,
2092 3712 2119 3737 4,
2135 3713 2164 3737 19
2189 3706 2241 3732 Hic

1193 3746 1247 3764 non
1259 3739 1295 3765 est
1309 3739 1395 3765 locus:
1415 3738 1488 3771 Quin
1508 3744 1536 3763 tu
1549 3737 1632 3763 alium
1652 3744 1776 3770 quaeras,
1794 3736 1836 3763 cui
1855 3745 1978 3764 centones
2000 3739 2100 3765 sarcias.
2171 3741 2240 3766 Ter.

1194 3773 1276 3801 Andr.
1291 3783 1312 3807 1,
1325 3783 1344 3806 1,
1358 3779 1383 3804 18
1402 3773 1476 3807 Qiin
1491 3780 1518 3799 tu
1533 3780 1587 3798 vno
1599 3771 1685 3798 verbo
1698 3771 1757 3804 dic3
1778 3773 1842 3807 quid
1856 3774 1900 3804 est,
1914 3774 1986 3807 quod
2003 3784 2044 3801 nie
2055 3774 2130 3801 velis.
2167 3775 2241 3802 Idem

1193 3809 1260 3836 ibid.
1282 3819 1302 3840 2,
1322 3818 1346 3842 3,
1363 3817 1392 3844 17
1430 3810 1504 3842 Qiin
1525 3815 1601 3835 taces.
1691 3809 1766 3842 Qun
1784 3809 1880 3841 etiam,
1907 3809 1960 3835 vid.
1989 3816 2240 3850 QVINETIAM.

1192 3842 1213 3882 ff
1235 3855 1245 3877 3
1282 3845 1350 3872 Gell.
1364 3854 1402 3880 17,
1417 3853 1440 3877 13
1458 3844 1486 3871 de
1500 3845 1547 3871 hac
1555 3845 1684 3878 particula
1697 3845 1790 3881 copiose
1808 3844 1995 3907 disputamdfid
2006 3853 2034 3871 ve
2049 3847 2116 3873 nihi!
2127 3846 2243 3874 videatur

1138 3886 1182 3914 105
1192 3882 1325 3918 explicare.
1362 3883 1486 3909 Pmmmus
1497 3881 1606 3916 exmpla
1618 3879 1706 3916 quibat
1720 3884 1816 3913 utitur,
1836 3889 1908 3917 eaque
1920 3890 1935 3908 a
1965 3884 2086 3909 rationem
2092 3882 2125 3918 fi.
2143 3892 2174 3908 ra
2183 3891 2242 3921 pro-

1390 3917 1410 3945 1³
2135 3919 2243 3952 postumi
