2434 4156
0 221 10 369 *4a--27-<i
0 106 11 211 -45,„-„

359 151 427 199 563
695 147 723 189 S
830 148 873 188 T
955 147 991 188 O

359 234 495 268 exoritur,
509 236 572 263 οᾶο
595 237 706 264 omnino
732 239 789 265 sunt
803 248 809 263 :
844 235 1003 266 Inieffiuui,
1028 231 1189 267 expositiuus
1197 251 1205 264 ,
1224 230 1397 271 sukaiuue,

355 272 567 305 recuperaturus,
584 274 732 300 asiiuntiuus
743 295 751 306 ‚
769 272 896 302 initialis,
913 269 1072 299 materialis,
1095 267 1240 294 effecimus.
1288 266 1394 292 Inietssh-

355 314 404 332 vus
417 314 480 341 ergo
495 307 570 334 status
583 309 618 335 est
632 310 776 343 generalis,
792 316 851 333 nam
865 306 916 331 siue
931 304 962 330 de
974 303 1137 338 poffeffione,
1157 301 1255 342 siiie'de
1269 301 1320 328 fine
1333 310 1395 328 con-

354 343 481 369 trouerfia
493 344 625 377 nascatur,
645 354 691 379 per
703 345 753 370 hoc
765 341 892 376 repetitio
905 339 970 365 iusta
984 339 1132 373 iniustaque
1145 338 1275 364 imicitur.
1346 337 1393 363 Ex-

354 376 480 411 positiuus
495 379 530 405 est
545 379 622 406 status
642 377 848 408 controuersiae,
868 375 972 409 quoties
987 374 1165 401 finitimorum
1178 378 1393 407 argumentorum
1415 383 1430 409 ς

355 419 424 439 earet
439 414 678 446 demonstratione,
697 421 721 440 et
736 413 848 446 partium
862 410 944 449 magis
959 410 1042 445 exigit
1056 409 1246 441 narrationem,
1254 416 1300 442 per
1314 416 1393 441 quain

318 470 323 473 .
355 449 539 482 exponendum
554 450 600 482 sit,
618 458 670 484 quo
684 449 730 475 sint
744 455 839 481 genere
850 446 1031 472 terminandae
1044 466 1052 477 ,
1069 450 1114 471 aut
1128 442 1333 478 persuadendum
1353 443 1393 470 iu-

353 483 416 515 dici,
435 486 515 512 etiam
528 485 544 511 fi
558 486 609 512 loci
622 492 714 510 natura
728 482 868 508 finitimam
883 481 1007 508 exhibeat
1020 480 1228 507 similitudinem.
1265 478 1393 505 Subieffi-

354 528 402 546 vus
416 520 493 547 status
507 521 559 551 est,
579 529 637 546 cum
651 519 813 551 relinquitur
827 517 904 543 status
916 516 1060 551 generalis,
1079 516 1170 542 etalio
1188 514 1309 551 quolibet
1327 514 1393 540 ssatu

353 556 530 583 controuersia
544 554 702 581 defenditur.
740 553 944 586 Recuperatiuus
958 552 994 578 esi
1008 552 1086 578 status
1096 571 1104 583 ,
1122 552 1224 586 quoties
1237 560 1292 577 non
1310 558 1325 576 a
1346 550 1393 576 tri·
1409 563 1438 581 10

355 590 420 617 finio
430 612 438 624 ‚
452 598 495 617 aut
512 589 688 623 quadrifinio‚
709 589 752 615 sed
766 597 797 616 ex
811 588 931 623 quolibet
944 587 1004 614 finis
1028 587 1088 614 loco
1112 587 1264 621 incipientis
1284 585 1393 612 termini

353 627 484 653 re&uram
499 625 607 658 dirigit,
623 630 648 651 et
663 633 709 659 per
722 625 844 650 incessum
858 623 1021 650 definitionis
1034 623 1091 649 loca
1104 623 1230 658 quaedam
1244 622 1320 648 alteri
1336 621 1394 646 fun-

354 662 389 688 do
402 661 529 695 acquirit,
549 667 591 686 aut
606 660 689 686 solum
704 661 806 691 aufert,
826 664 851 686 et
871 660 928 686 eius
948 659 1008 685 loco
1034 658 1162 685 redditur.
1233 657 1395 684 Affiimtiuun

352 698 452 731 primae
467 696 660 722 controuerfiae
672 696 765 725 status,
783 695 828 729 qui
841 695 878 721 est
891 695 922 721 de
937 694 1066 728 positione
1079 695 1270 726 terminorum,
1282 693 1310 719 in
1323 692 1394 731 rigo-

351 741 407 759 rem
421 736 464 757 aut
477 732 505 757 iti
519 731 597 757 finem
612 730 780 758 transcendit.
845 730 958 757 Initialis
973 730 1164 757 controuersiae
1179 730 1256 756 status
1271 729 1302 755 dc
1322 737 1393 762 rigo-
1412 742 1442 764 [ς.

350 776 379 794 re
393 767 523 801 pertinens
536 765 567 792 ad
583 767 735 799 materiam,
754 766 912 792 transcendit
925 766 953 792 in
966 766 1180 796 controuersiam,
1200 774 1266 800 quae
1281 764 1317 790 est
1333 764 1393 790 loco

350 804 430 829 tertio
444 812 450 827 ι
487 802 518 828 de
533 802 584 828 fine
598 802 675 828 status
688 801 833 828 materialis
844 810 899 828 non
918 801 1099 829 conditionem
1117 806 1218 833 mutat,
1237 808 1322 833 neque
1340 807 1393 826 ma-

349 838 443 864 teriam
456 835 544 863 efficit.
579 838 727 864 Materialis
741 837 817 864 status
831 837 882 868 cst,
901 846 932 863 ex
947 846 1001 871 quo
1015 846 1107 864 omnes
1120 836 1313 864 controuersiae
1327 835 1393 862 inci-

347 873 424 907 piunt
438 872 470 899 de
483 873 543 899 loco
556 872 690 900 duntaxat.
727 882 787 900 nam
803 872 1038 900 transcendentiam
1051 882 1105 899 non
1121 872 1199 899 habet
1212 872 1244 898 de
1256 871 1307 898 hoc
1330 871 1390 896 effe-

346 908 442 934 e'tiuus.
479 908 521 935 sed
532 929 539 941 ,
560 908 624 934 dum
637 910 830 936 consummatus
843 909 926 936 fuerit
935 929 943 941 ,
962 909 1085 936 nascitur.
1121 908 1263 934 Effeffluus
1278 907 1322 937 est,
1331 915 1391 932 cum
1402 913 1435 930 20

346 943 379 969 de
393 944 454 970 loco
467 944 630 978 litigatur‚et
643 945 750 971 idoneas
765 950 850 978 partes
862 944 895 971 ad
908 945 1027 980 litigium
1040 945 1225 971 aduocationee
1238 942 1390 969 instituunt.

1824 128 1867 184 s‘
1922 143 1981 212 ΓΤ
2063 145 2099 185 o
2359 169 2391 210 ι

1494 240 1507 261 s
1519 240 1541 262 ’r
1552 241 1573 261 A
1583 240 1603 261 T
1614 241 1634 262 v
1644 240 1661 260 1.
1673 233 1686 260 ῑ
1696 240 1712 261 Β
1721 240 1774 265 ER,
1787 232 1836 261 eri.
1850 241 1886 260 m.
1922 233 1965 261 Sic
1977 242 2028 261 vna
2041 243 2098 261 voce
2105 232 2228 270 scribitur
2240 231 2305 268 apud
2315 233 2353 261 Fet
2365 252 2375 262 .,
2394 248 2397 265 ι
2416 250 2418 254 -

1458 270 1612 298 testamento
1625 276 1693 297 certa
1706 269 1860 296 conditione
1875 269 2022 302 proposita,
2041 269 2149 296 iubetur
2168 268 2216 294 effe
2229 267 2306 295 liber.
2346 287 2351 291 »
2375 268 2391 303 fl.
2417 273 2420 294 ι

1459 304 1582 333 heredem
1601 306 1651 338 est,
1672 314 1725 339 quo
1740 305 1825 331 minus
1840 304 1975 331 statuliber
1989 305 2115 338 praestare
2129 303 2211 339 poffit‚
2231 303 2302 337 quod
2315 312 2370 338 pra
2389 324 2395 334 .
2419 306 2434 340 „j

1458 339 1520 372 bet,
1536 342 1713 368 nihilominus
1737 340 1805 367 liber
1818 341 1866 367 esse
1878 338 1993 366 videtur.
2028 340 2124 367 Festus.
2231 338 2354 372 leian.t
2369 358 2373 364 ι
2394 347 2431 362 1¹¹

1459 375 1506 402 sub
1528 378 1682 404 conditione
1699 377 1853 403 testamento
1873 374 1944 402 liber
1963 376 2011 402 esse
2030 375 2107 402 iussus
2120 375 2171 408 est,
2190 373 2328 401 statuliber
2337 382 2389 413 ali-j
2420 383 2434 396 ·=

1456 411 1599 440 statuliber
1612 411 1737 448 quamdiu
1751 411 1845 446 pendet
1857 410 1987 442 conditio,
2000 410 2089 437 seruus
2104 409 2208 438 heredis
2221 409 2263 436 est.
2304 427 2307 431 ι
2322 396 2394 448 VJ
2432 408 2434 415 '

1458 454 1490 478 30
1511 453 1530 473 t.
1552 457 1562 474 ι
1585 449 1601 475 l.
1627 458 1666 482 44
1693 446 1716 484 §.
1739 453 1760 479 8.
1798 454 1822 474 et
1836 453 1870 480 48
1891 452 1910 474 t.
1926 454 1965 479 ι9.
2007 445 2024 471 l.
2038 444 2090 481 9§.
2106 448 2143 473 16.
2210 444 2291 472 Paull.
2305 445 2374 480 ΟΛ
2428 446 2434 474 ἰ

1456 481 1561 544 {Seiam
1574 485 1634 519 Dig.
1648 493 1684 517 40
1696 489 1714 510 t.
1729 491 1746 518 7
1759 483 1776 509 l.
1791 484 1806 509 6
1825 483 1851 509 Si
1865 481 2017 509 statulibera
2029 482 2103 509 serua
2117 490 2216 515 poenae
2230 479 2299 507 fafia
2310 479 2346 508 sit.
2370 497 2377 531 5
2424 487 2434 511 x

1489 519 1497 543 i
1518 537 1525 544 .
1544 519 1560 545 l.
1605 540 1611 546 .
2332 523 2334 526 ’
2431 520 2434 542 1

1492 559 1505 579 S
1514 559 1535 579 T
1547 522 1604 581 Αἲξ·
1615 563 1625 581 1
1635 561 1665 587 O,
1677 554 1746 581 onis.
1766 553 1786 580 f.
1823 551 1949 587 [eu-‘imin
1959 550 2064 588 συνεδρίαι
2077 551 2120 586 1φᾴ
2133 549 2254 588 παρεδρία,
2267 547 2340 585 ’ὅρμοι
2370 534 2380 557 i
2430 554 2433 568 ²

1457 589 1524 623 Gn]
1560 588 1741 624 AHiostandi,
1754 595 1784 616 vt
1797 589 1863 615 Plin.
1872 597 1898 620 2,
1913 596 1936 621 ις
1959 588 1986 614 de
1999 586 2161 614 stationibus
2174 587 2341 616 Pianetarmri.¹
2355 607 2361 614 ,
2372 582 2378 605 ’κ

1449 622 1552 657 sturm,
1567 630 1724 662 pertinetque
1747 625 1779 651 ad
1795 622 1897 658 stabula
1915 627 2091 655 iumentorum,
2110 622 2144 650 ad
2155 621 2281 658 praefidit:
2295 623 2328 647 mi
2343 624 2348 629 '

1455 663 1522 685 tueri
1533 661 1587 696 iuffi
1599 662 1670 696 sunt,
1688 661 1722 688 ad
1736 662 1788 687 loca
1800 667 1855 687 tuta
1870 663 1964 692 maris,
1982 659 2026 686 vbi
2036 668 2111 685 naues
2122 656 2248 690 consistere
2255 655 2369 691 pqffimss

1456 694 1533 721 lefida
1546 697 1641 724 carinis
1654 697 1738 724 Statio
1754 696 1828 730 Virg.
1842 698 1906 722 Aen.
1920 704 1943 727 2,
1955 703 1990 726 23.
2106 693 2248 720 Tutiffima
2262 692 2345 719 nautii
2356 693 2363 704 ¹

1456 739 1514 764 org·
1528 739 1556 764 4,
1569 741 1620 765 421.
1713 732 1795 758 Ouid.
1808 731 1885 765 Epist.
1903 738 1930 765 7,
1944 735 1974 763 89
2001 728 2139 756 Fluctibus
2164 728 2282 755 eie&um
2305 732 2358 754 tuta
2416 739 2434 756 ,ι

1456 767 1553 800 recepi.
1647 768 1750 795 Lucret.
1765 777 1792 802 4,
1807 774 1852 800 389
1872 768 1931 801 Qia
1944 765 2069 792 vehimur
2081 766 2160 797 naui,
2179 765 2266 791 fertur
2286 771 2344 789 cum
2357 764 2370 790 1

1456 808 1527 828 tatur
1564 804 1638 836 Qiae
1650 810 1737 830 manet
1751 804 1779 829 in
1793 803 1920 834 statione,
1936 811 1966 828 ea
1979 808 2081 835 praeter
2094 800 2210 828 creditur
2223 800 2272 826 ire.
2410 798 2412 803 ’

1455 847 1482 864 ν.
1498 841 1552 871 396.
1645 839 1725 866 Plaut.
1739 839 1820 865 Milit.
1836 847 1859 871 ς,
1872 847 1899 872 9,
1912 847 1938 864 12
1976 837 2100 871 Namque
2111 837 2140 862 in
2153 835 2265 863 statione
2279 833 2326 861 stat
2338 833 2354 860 s

1454 874 1536 900 Statu.
1643 876 1751 902 Curtius
1787 894 1793 901 .
1831 895 1836 901 .
1874 894 1880 900 .
1918 873 2064 908 Cognitum
2092 872 2119 898 id
2148 880 2194 906 per
2227 869 2368 904 explorato
2412 868 2434 900 lu

1454 909 1577 936 stationes
1591 909 1707 937 hostium
1719 911 1823 937 fuerant
1837 909 1948 944 ingreffi.
2056 908 2112 935 Cic.
2127 908 2199 934 Fam.
2209 915 2277 938 12,i;
2294 905 2364 938 Tant

1454 944 1553 978 abfuit,
1565 950 1594 972 vt
1618 945 1726 973 illorum
1749 945 1878 980 praesidio
1900 946 2015 971 nostram
2035 943 2198 971 firmaremus
2212 943 2327 973 classem,
2342 949 2368 969 v·
2416 945 2434 979 [ι

346 980 416 1006 Haec
430 981 551 1014 Aggenus
565 981 596 1006 de
609 980 754 1007 Limitibus
763 981 896 1015 Agrorum
909 990 932 1014 p.
946 984 972 1013 63
995 980 1064 1016 G⁰⁶1s·
1259 975 1280 1014 fl
1300 988 1314 1017 4
1339 979 1389 1004 Pro
1454 980 1577 1013 Rhodiis,
1592 981 1668 1014 vrbe,
1680 988 1768 1016 portu,
1781 982 1902 1013 statione,
1914 989 1979 1014 quae
1993 986 2065 1007 extra
2077 978 2172 1007 vrbem
2183 979 2229 1009 est,
2243 971 2359 1004 commen
2371 993 2374 998 ¹

338 1013 442 1048 statura
457 1022 480 1041 et
495 1015 564 1041 modo
578 1019 691 1052 corporis
710 1017 770 1042 Col.
785 1025 804 1049 ι,
818 1025 844 1048 9,
859 1025 872 1048 3
896 1016 979 1042 Status
994 1014 1222 1051 mediastinifirui
1241 1013 1388 1047 qualiscun-
1452 1017 1567 1051 denique
1579 1016 1786 1052 prohiberentur
1799 1017 1883 1043 nostri
1896 1017 2004 1043 milites.
2111 1015 2176 1042 Saxa
2187 1019 2213 1041 et
2226 1015 2297 1040 inter
2308 1012 2356 1039 alia

346 1059 397 1084 que
411 1051 494 1085 potest
507 1051 563 1077 ess‘e.
672 1051 802 1087 Praeceffit
816 1052 1004 1086 Longissimum
1018 1060 1150 1086 quemque
1165 1054 1298 1077 aratorem
1312 1049 1392 1076 facit·
1451 1052 1565 1080 riculosa
1577 1053 1693 1088 quietem
1705 1053 1810 1083 nactus,
1830 1053 1969 1080 stationem
1982 1056 2007 1078 et
2027 1055 2117 1086 portus
2130 1059 2220 1078 omnes
2234 1049 2330 1076 timens
2352 1052 2373 1070 t·
2416 1047 2421 1058 ¹

343 1095 410 1112 mus.
506 1087 579 1113 Idem
590 1091 612 1117 8,
626 1095 646 1118 2,
661 1096 675 1120 9
693 1088 778 1114 Status
793 1087 874 1114 altior
887 1088 916 1114 in
937 1088 1087 1121 gallinaceis
1105 1086 1252 1122 quaeritur.
1356 1085 1387 1111 Et
1404 1090 1433 1117 25
1452 1097 1476 1120 3,
1490 1092 1514 1115 6,
1610 1090 1631 1114 A
1646 1089 1746 1116 Salonis
1759 1089 1790 1116 ad
1804 1089 1880 1116 Orici
1894 1093 1999 1122 portum
2015 1086 2138 1113 stationes
2157 1086 2289 1120 litoraque
2307 1085 2379 1119 ormi
2418 1082 2423 1093 ¹

343 1129 370 1162 7,
389 1130 456 1162 12‚.9
474 1121 559 1148 Status
570 1121 640 1149 canis
654 1123 762 1157 longior
775 1133 804 1150 ac
817 1123 983 1157 produffior.
1091 1124 1122 1150 Et
1137 1130 1163 1157 7,
1175 1129 1221 1154 922
1241 1119 1388 1159 Stqtssslon-
1451 1124 1500 1150 bus
1512 1125 1651 1160 occupauit
1670 1124 1708 1151 Id.
1720 1124 1756 1153 ib.
1771 1130 1793 1154 8.
1889 1123 2033 1151 Nonnullis
2045 1123 2123 1150 statio
2137 1131 2187 1157 pro
2201 1127 2279 1157 portu
2291 1120 2328 1146 est
2343 1119 2375 1154 V,
2420 1119 2426 1131 ³

341 1157 436 1191 gissimi
463 1158 573 1185 scrofae.
680 1160 750 1194 Qin
771 1158 866 1186 Pallad.
883 1159 961 1186 Febr.
982 1167 1024 1192 ις,
1038 1168 1072 1186 20
1092 1160 1177 1185 Status
1191 1156 1301 1183 maioris
1317 1154 1387 1196 plan:
1450 1167 1472 1190 5.
1587 1160 1660 1197 Conf.
1674 1162 1776 1187 Manui.
1788 1160 1822 1186 ad
1834 1160 1888 1187 Cic.
1903 1160 1976 1186 Fam.
1993 1167 2029 1190 12,
2043 1167 2076 1189 ις.
2182 1158 2233 1185 Ρνο
2252 1155 2352 1192 castris}
2363 1149 2381 1186 ἐῶ
2424 1154 2429 1160 ’

341 1199 393 1233 ‘³⁶2
588 1191 609 1231 ff
629 1202 644 1225 ς
679 1195 765 1222 Status
794 1192 829 1228 est
861 1195 986 1227 conditio,
1010 1196 1164 1230 Temperm,
1183 1199 1212 1218 v!
1225 1192 1308 1218 Status
1322 1191 1387 1218 caell
1450 1195 1592 1222 ehiuorum
1612 1196 1664 1223 fuit
1683 1196 1838 1223 bellantium
1857 1195 1935 1222 statio
1961 1194 2033 1221 Mela
2048 1203 2066 1225 i,
2080 1198 2115 1224 18-
2223 1191 2369 1227 Repentim,

341 1229 450 1262 locique
471 1229 602 1256 Columel.
615 1238 636 1262 3,
649 1237 676 1263 7,
689 1238 715 1262 9.
822 1230 906 1257 Status
928 1231 995 1257 caeli
1018 1229 1142 1257 humidus
1173 1227 1246 1255 Idem
1265 1237 1286 1258 2,
1304 1235 1341 1258 10,
1355 1235 1387 1259 13.
1450 1230 1582 1259 Antonius
1596 1232 1719 1260 stationes
1732 1231 1851 1259 hostium
1862 1231 1989 1266 irrumpit
2015 1230 2084 1257 Tac.
2092 1228 2161 1256 Hist.
2169 1237 2191 1262 3,
2198 1237 2224 1262 9,
2233 1237 2252 1255 Ι·
2366 1226 2369 1236 ³
2426 1226 2430 1241 ¹

341 1265 451 1290 Pluuius
472 1265 577 1291 Colum.
595 1274 625 1297 ιι,
639 1272 664 1300 7,
678 1274 702 1292 2.
801 1266 918 1293 Incertus
949 1267 1022 1293 Idem
1041 1274 1072 1298 ιι,
1086 1274 1112 1298 2,
1127 1273 1170 1300 97.
1278 1262 1386 1289 Calidus
1399 1272 1431 1296 30
1448 1274 1474 1299 9,
1487 1275 1537 1293 222
1981 1281 2026 1286 ——-
2063 1265 2109 1292 Illi
2372 1263 2375 1295 ¹.
2422 1260 2430 1279 ¹

339 1299 438 1326 Pallad-
453 1300 568 1334 Febr-9³
581 1310 609 1333 4·
805 1302 853 1329 Sed
888 1305 963 1328 etlam
998 1299 1019 1339 Ἰ
1057 1303 1071 1327 6
1104 1307 1153 1335 ΡΠ)
1182 1301 1304 1326 F⁰rffl⁷²<²f
1331 1307 1388 1324 00'1·
1645 1303 1804 1336 Succedunt,
1821 1304 1979 1338 seruantque
1992 1301 2084 1328 vices:
2121 1299 2232 1328 statione
2245 1297 2339 1327 relieta
2356 1311 2357 1314 ¹
2421 1297 2427 1332 f

339 1335 447 1366 ditione,
465 1336 565 1367 ordine,
586 1338 637 1363 loco
646 1356 654 1368 ,
674 1336 791 1372 casuque:
825 1341 909 1364 variis
921 1337 1004 1365 verbis
1016 1339 1140 1373 iungitur.
1212 1335 1306 1361 PeiOre
1320 1333 1387 1360 statu
1645 1338 1702 1372 Ipse
1717 1348 1803 1365 coines
1816 1339 1884 1365 Niso
1899 1338 2028 1373 graditur.
2416 1332 2434 1361 ’Ἴ

337 1379 379 1398 res
393 1372 441 1396 effe
455 1380 509 1395 non
522 1372 622 1404 possunt
639 1372 707 1398 Ter.
721 1372 795 1398 Adel.
810 1381 833 1404 3,
846 1381 868 1404 ε,
882 1376 928 1405 46.
1032 1372 1171 1399 Deteriore
1183 1370 1249 1397 statu
1262 1370 1387 1402 vffimus,
1450 1373 1579 1400 stationes
1611 1373 1752 1408 Agrariae,
1771 1374 1858 1401 vid-h.
1872 1383 1898 1400 υ.
2015 1371 2174 1400 Comitiaria
2208 1371 2303 1404 statio,
2322 1372 2359 1397 vi
2411 1366 2419 1373 ς

338 1415 405 1432 vuus
420 1405 456 1432 est
470 1406 587 1433 inferior
598 1407 706 1441 gradus,
726 1412 770 1433 aut
795 1408 920 1434 interitus
940 1414 985 1435 aut
1009 1408 1145 1435 seruitutis
1175 1406 1231 1433 Cic.
1247 1406 1278 1432 de
1292 1406 1385 1440 Arusp.
1450 1416 1519 1436 T1A.
1628 1409 1775 1436 Gratlffima
1787 1409 1864 1436 statio
1878 1409 1976 1444 mergit
1996 1408 2073 1443 Virg.
2086 1410 2151 1434 Aen.
2166 1412 2246 1441 5128.
2412 1401 2420 1433 7

337 1442 412 1476 Resp.
428 1443 455 1467 61
471 1450 493 1468 c.
507 1447 548 1470 28.
644 1443 734 1475 Qium
749 1443 777 1468 in
790 1442 855 1469 statu
869 1444 919 1469 hoc
934 1453 974 1470 res
988 1445 1049 1470 ess'et
1082 1444 1140 1469 Liu.
1154 1450 1193 1474 32,
1209 1450 1241 1468 ii.
1336 1441 1385 1467 Sed
1402 1452 1428 1478 35
1448 1454 1509 1471 rum
1531 1444 1635 1471 Paullus
1649 1445 1666 1471 l.
1681 1454 1705 1477 13
1719 1446 1751 1472 D.
1760 1445 1805 1470 sin.
1818 1444 1850 1471 de
1863 1444 1945 1471 vsufr.
2102 1441 2123 1479 ff
2144 1452 2157 1468 2
2191 1445 2230 1469 De
2239 1440 2357 1478 praesidi

336 1478 467 1504 ordinatis
480 1477 587 1503 saeculis
622 1478 775 1511 Rerumque
789 1478 890 1512 digesto
907 1479 972 1505 statu
1009 1479 1133 1505 Prudent.
1152 1477 1184 1503 de
1198 1476 1290 1503 Natali
1305 1478 1385 1503 Dom.
1442 1481 1517 1516 saepe
1532 1480 1678 1514 adhibetur,
1699 1480 1727 1506 de
1741 1489 1788 1516 qua
1802 1490 1828 1507 re
1841 1481 1919 1507 muita
1932 1479 2044 1507 Schelius
2055 1478 2089 1505 ad
2107 1480 2205 1514 Hygin.
2214 1484 2243 1512 p.
2257 1484 2301 1508 188
2307 1477 2358 1513 sqq

335 1522 360 1541 ν,
375 1522 413 1544 25.
437 1513 480 1540 vbi
501 1513 554 1539 vid.
578 1513 702 1540 Buchner.
811 1514 893 1540 Nulla
915 1515 1067 1541 testamenta
1089 1515 1143 1540 iam
1164 1513 1268 1544 secura,
1286 1512 1385 1538 nullius
1448 1517 1519 1551 raph,
1557 1517 1654 1544 Patere,
1669 1525 1681 1542 2
1689 1516 1737 1552 sub
1746 1517 1794 1551 fin,
1831 1514 1971 1550 ngdquid
1985 1515 2126 1541 numinum
2139 1514 2205 1541 hanc
2218 1515 2295 1540 Rom,
2309 1514 2372 1540 im..

335 1549 414 1575 statUS
428 1554 528 1589 certus,
548 1558 602 1575 non
615 1549 732 1589 orbitas?
751 1557 806 1575 non
820 1549 900 1577 liberi
914 1550 1058 1585 proderant
1094 1549 1159 1576 Plin.
1188 1549 1281 1583 Paneg-
1302 1557 1323 1574 Ε.
1342 1557 1384 1581 34.
1448 1551 1501 1578 lem
1515 1553 1543 1577 in
1556 1552 1740 1586 ampliffimum
1754 1558 1885 1579 terrarum
1899 1550 1973 1577 orbis
1988 1549 2122 1585 fastigium
2140 1550 2252 1583 extulit,
2272 1557 2320 1576 vos
2332 1557 2373 1584 pu
2389 1558 2390 1563 ¹

336 1587 396 1616 lta,
416 1585 486 1610 Statu
502 1584 583 1611 liberi
600 1586 640 1611 vel
660 1586 744 1617 serui,
763 1586 944 1619 quaestionem
967 1586 1046 1613 status
1072 1586 1153 1612 alicui
1176 1592 1301 1615 mouere,
1318 1583 1384 1618 apud
1449 1596 1477 1613 ce
1498 1587 1618 1614 obtestor
1636 1594 1715 1622 atque
1735 1596 1844 1622 precor,
1864 1585 2009 1619 custodite,
2025 1587 2142 1618 seruate,
2161 1585 2292 1621 protegite
2304 1583 2369 1612 hun'c

336 1621 413 1660 JCtDS
423 1640 431 1653 ,
448 1629 508 1655 quo}
522 1620 576 1647 vill.
591 1620 625 1647 ad
639 1626 657 1647 t.
671 1620 696 1647 ff.
712 1620 743 1646 de
758 1621 830 1648 Statu
850 1621 922 1648 hom.
1039 1622 1139 1648 Rerum
1162 1628 1279 1646 Ine-'cirum
1305 1619 1384 1645 statim
1401 1625 1438 1650 40
1448 1623 1513 1649 hanc
1527 1632 1616 1656 pacem
1629 1634 1636 1655 5
1674 1624 1753 1658 eique
1766 1623 1859 1650 funesto
1871 1621 2016 1657 longiffima
2030 1621 2141 1649 statione
2153 1621 2279 1653 mortali,
2302 1619 2362 1648 dest¹
2370 1630 2379 1643 1³

335 1656 418 1682 Ouid.
434 1657 498 1682 Met.
513 1665 533 1687 7,
549 1664 605 1690 507.
712 1658 795 1683 Etiam
827 1656 855 1682 de
879 1656 1019 1683 conditione
1037 1657 1128 1692 misera
1155 1656 1211 1682 Cic.
1233 1657 1304 1682 Fam.
1320 1663 1341 1688 ς,
1355 1657 1384 1681 ι6
1446 1659 1554 1685 cessores
1569 1668 1647 1694 quam
1659 1659 1806 1686 sel-illimus.
1908 1660 1983 1692 Saepe
1997 1661 2101 1693 proprie
2107 1657 2147 1692 fic
2159 1659 2292 1693 loquuntur
2303 1667 2311 1682 .-
2350 1665 2357 1678 ε
2369 1667 2380 1686 ·::

335 1692 394 1718 Hae
405 1691 595 1718 consolationes
609 1696 711 1718 tantum
732 1691 860 1725 proficere
879 1692 976 1719 debere
999 1692 1140 1724 videntur,
1156 1696 1285 1726 quantum
1305 1691 1383 1717 status
1446 1695 1548 1721 tionem
1569 1695 1659 1722 Tacit,
1673 1695 1741 1721 Hist,
1755 1704 1773 1727 1,
1787 1699 1825 1725 23,
1941 1694 2066 1720 Deserere
2080 1694 2219 1720 stationem
2246 1692 2315 1719 Suet,
2330 1683 2391 1719 Auffl'

333 1727 389 1762 ipse
402 1727 505 1754 nostrae
520 1727 650 1758 ciuitatis,
669 1732 695 1753 et
707 1726 771 1753 haec
786 1728 902 1761 prolatio
915 1734 1066 1761 temporum
1080 1727 1255 1762 perditorum.
1327 1727 1383 1752 Cic.
1447 1730 1596 1763 Disponere
1611 1731 1753 1757 stationem
1773 1730 1846 1757 Caes,
1860 1729 1923 1756 Bell,
1938 1729 2007 1755 Gall.
2022 1735 2046 1761 ε,
2062 1738 2095 1756 12,
2202 1727 2316 1755 Educere
2344 1721 2389 1754 ss'
2432 1727 2434 1759 j

335 1764 389 1789 Ait.
405 1771 427 1795 2,
448 1771 472 1796 ¹9
484 1761 538 1798 post
546 1769 591 1802 Fr:
612 1763 693 1794 Scito,
702 1762 771 1788 nihil
785 1772 900 1798 vnquam
914 1763 988 1789 fuisse
1005 1769 1058 1789 tam
1084 1763 1184 1790 infame
1220 1777 1266 1783 -—
1303 1770 1382 1795 quam
1447 1766 1507 1791 Liu.
1522 1775 1541 1791 ι.
1637 1766 1722 1800 Fungi
1753 1766 1898 1798 periculosa
1929 1765 2042 1792 statione
2080 1765 2138 1793 Sen.
2157 1764 2190 1791 de
2216 1757 2384 1799 Tranqu.'A

334 1797 404 1824 hunc
418 1797 526 1831 statum,
548 1807 593 1832 qui
608 1807 676 1838 nunc
690 1798 734 1824 esi.
842 1799 963 1825 Basilicus
984 1798 1078 1831 status,
1114 1798 1261 1824 Incolumis
1292 1798 1382 1829 status,
1400 1805 1434 1831 45
1447 1801 1553 1827 Habere
1568 1801 1596 1826 in
1610 1801 1722 1828 statione
1748 1802 1818 1827 Caes,
1834 1801 1865 1827 de
1879 1800 1943 1827 Bell,
1958 1800 2025 1826 Gall.
2038 1807 2062 1832 ς,
2076 1808 2109 1831 15,
2217 1800 2319 1834 Proque
2336 1803 2382 1825 tua¹
2430 1798 2431 1804 ¹

332 1834 388 1861 vid·
406 1834 449 1860 hh·
468 1843 512 1860 vv·
620 1834 676 1861 Cic.
692 1834 745 1860 Ait.
760 1842 798 1866 ιο,
813 1843 826 1865 4
865 1834 930 1860 Non
943 1833 1015 1860 enim
1028 1843 1107 1869 quam
1121 1833 1294 1868 dignitatem,
1314 1841 1382 1865 quos
1444 1842 1489 1862 ant
1503 1836 1530 1862 in
1546 1836 1657 1863 statione
1670 1837 1765 1863 domus
1783 1836 1865 1863 Ouid.
1879 1837 1946 1862 Fast.
1967 1844 1991 1868 2,
2005 1837 2046 1862 66.
2150 1836 2258 1862 Manere
2268 1835 2297 1863 in
2314 1834 2382 1861 static

331 1869 464 1902 honores,
485 1878 564 1904 quem
576 1869 647 1896 vitae
662 1870 756 1896 statum
770 1870 927 1901 Amiserim,
944 1869 1034 1904 cogito
1050 1881 1056 1896 :
1091 1868 1135 1896 sed
1150 1868 1214 1903 quid
1226 1869 1380 1895 consecutus
1445 1874 1524 1898 Portu
1544 1873 1648 1898 Lucret.
1663 1882 1691 1905 4,
1706 1880 1761 1906 397.
1855 1871 1955 1898 Relffia
1969 1878 2061 1905 portae
2073 1871 2184 1898 statione
2207 1872 2267 1898 Stat.
2277 1868 2364 1897 Theb.
2377 1892 2380 1894 ,

332 1905 395 1940 sim,
414 1906 478 1940 quid
493 1905 683 1944 praestiterim,
701 1913 753 1939 qua
766 1905 793 1931 in
807 1905 882 1931 laude
896 1905 1020 1932 vixerim.
1129 1905 1186 1930 Cic.
1212 1904 1244 1943 ad
1263 1905 1335 1930 Brut.
1352 1906 1379 1929 16
1442 1907 1569 1933 Stationis
1582 1916 1675 1933 munus
1689 1907 1852 1940 Relinquere
1873 1907 2014 1933 Modestin.
2028 1906 2046 1932 l.
2062 1916 2072 1938 3
2085 1907 2117 1933 D.
2132 1907 2164 1934 de
2176 1906 2286 1934 remilit.
2293 1904 2317 1943 §
2325 1911 2347 1938 5.

331 1942 391 1974 Qia
404 1941 481 1976 nobis
497 1941 655 1966 auctoritate
669 1949 735 1974 opus
748 1941 785 1966 est
799 1939 830 1965 ad
844 1941 1029 1966 collocandum
1041 1939 1158 1974 aliquem
1180 1940 1256 1972 Reip.
1276 1940 1380 1965 statum.
1443 1942 1539 1968 ducere
1552 1942 1675 1968 stationes
1695 1942 1755 1968 Liu.
1770 1950 1814 1968 22.
1908 1942 2055 1976 Tenuique
2067 1951 2080 1968 a
2095 1943 2200 1977 peetore
2215 1950 2284 1969 rara·
2317 1941 2348 1966 In
2365 1940 2381 1966 ss

329 1976 432 2002 Auctor
444 1975 476 2001 ad
488 1976 606 2001 Herenn.
619 1984 646 2008 4,
659 1984 692 2007 24
713 1976 805 2007 Qium
818 1975 896 2001 nobit
909 1976 1061 2002 facultatem
1075 1976 1182 2001 fortuna
1196 1974 1313 2006 dedisset,
1329 1973 1379 1999 ini-
1394 1984 1425 2010 50
1444 1986 1536 2004 manus
1555 1977 1636 2004 Ouid,
1652 1979 1717 2004 Met.
1733 1986 1756 2010 9,
1771 1986 1806 2010 34.
1842 1977 2087 2014 Status-pugnaturi.
2190 1976 2275 2004 Tueri
2292 1975 2367 2009 vigili
2399 2003 2405 2009 .

329 2020 412 2046 quum
426 2017 491 2042 erat,
503 2011 531 2036 in
546 2019 641 2036 eorum
652 2010 783 2045 supplicio
797 2011 960 2043 consumere,
982 2020 1048 2045 quos
1061 2011 1152 2038 eadem
1166 2010 1275 2037 fortuna
1289 2009 1379 2044 paullo
1444 2013 1556 2040 statione
1577 2013 1668 2040 Claud.
1685 2014 1713 2039 in
1726 2014 1789 2040 Ruf-
1803 2022 1826 2045 2³
1840 2022 1880 2046 59·
1987 2015 2037 2040 ΡΥΠ
2049 2016 2171 2044 munerib
2192 2009 2382 2046 Offiffl'PW‘ibu'
2400 2012 2411 2059 ᾖ

327 2053 389 2073 ante
403 2047 431 2072 in
445 2046 600 2080 amplissimo
613 2046 678 2072 statu
693 2046 855 2073 Collocarat.
959 2047 1015 2073 Cic.
1024 2047 1076 2072 Att.
1086 2055 1108 2079 3,
1118 2055 1145 2072 ιο
1159 2046 1379 2081 Ecquisvnquam

1443 2048 1485 2075 tio
1499 2048 1631 2075 laboriosa
1645 2055 1669 2075 et
1682 2050 1794 2075 exercita
1821 2049 1886 2075 Plin.
1899 2049 1991 2084 Paneg.
2005 2058 2026 2075 c.
2041 2052 2082 2078 86.
2147 2046 2216 2082 Conf-
2227 2045 2294 2072 1b.c.
2303 2052 2327 2079 7.
2398 2059 2400 2073 ι

329 2092 361 2109 ex
376 2089 429 2109 tam
443 2082 539 2116 Ampio
554 2082 630 2113 statu,
641 2081 670 2108 in
685 2087 738 2108 tam
764 2081 834 2108 bona
859 2082 942 2113 causa,
970 2082 1048 2108 tantis
1071 2081 1241 2108 facultatibus
1267 2082 1380 2115 ingenii,
1444 2089 1481 2110 tat
1495 2083 1652 2118 Pythagoras
1662 2104 1670 2115 ‚
1691 2085 1786 2110 iniufl'u
1801 2084 1985 2118 imperatoris,
2003 2085 2031 2111 id
2044 2085 2080 2110 est
2091 2082 2146 2114 dei,
2164 2081 2195 2108 de
2207 2078 2331 2114 praefidio
2343 2085 2383 2106 et:
2397 2079 2413 2106 t'

326 2119 442 2151 consilii,
456 2118 564 2153 gratiae,
577 2117 655 2144 tantis
671 2117 805 2151 praesidiis
819 2117 953 2144 bonorum
965 2117 1087 2143 omnium
1095 2117 1220 2143 Concidit
1235 2118 1244 2142 3
1338 2115 1377 2141 Id.
1443 2127 1477 2145 ne
1490 2119 1561 2145 vitae
1575 2119 1699 2146 decedere
1720 2120 1776 2148 Cic,
1791 2120 1822 2146 de
1836 2120 1937 2146 Sene&
1951 2129 1972 2146 ς,
1987 2129 2028 2147 20,
2129 2116 2176 2144 Sed
2187 2117 2269 2143 vitate
2279 2115 2351 2141 viros
2371 2123 2384 2139 c
2402 2137 2409 2156 Ι

330 2175 337 2181 -
420 2174 426 2180 ·
464 2153 545 2187 Q¹0d
563 2153 579 2179 fi
596 2156 642 2184 (Vt
655 2153 749 2187 spem)
764 2152 843 2179 Viffis
857 2152 977 2179 hostibffl
990 2153 1086 2179 nostris
1099 2152 1243 2184 veneritis,
1262 2150 1378 2178 auftol‘i-
1390 2164 1420 2191 55
1442 2155 1611 2188 formamque
1623 2156 1763 2189 profess'os,
1785 2156 1894 2189 Qiique
1907 2157 1964 2182 suas
1977 2157 2077 2183 Ponunt
2093 2153 2122 2179 in
2141 2152 2252 2179 statione
2270 2147 2356 2176 comas

328 2195 382 2217 tate
395 2190 480 2216 vestra
494 2189 608 2224 Respub.
618 2190 755 2223 exsurget,
774 2194 800 2215 et
819 2188 848 2214 in
872 2188 965 2223 aliquo
987 2189 1053 2215 statu
1067 2188 1203 2215 Consistet.
1320 2187 1377 2213 Cic.
1444 2190 1473 2217 A,
1488 2191 1519 2216 A.
1527 2198 1555 2222 3,
1570 2200 1630 2224 434.
1668 2192 1709 2217 Ita
1722 2191 1856 2226 diligenter
1869 2198 2016 2226 componunt
2030 2197 2052 2217 et
2065 2188 2182 2217 ordinant
2194 2194 2283 2216 comas,
2300 2182 2359 2218 vtfi
2371 2183 2386 2209 d

328 2228 383 2253 Att.
397 2231 418 2257 8,
433 2234 458 2258 23
475 2226 540 2259 (ις)
578 2226 654 2257 Quae
673 2233 716 2251 ine
729 2224 922 2260 Conuellerunt
937 2223 969 2250 de
983 2223 1095 2258 pristino
1109 2223 1175 2250 statu
1185 2243 1193 2255 ,
1212 2222 1266 2249 iam
1279 2227 1377 2254 tamen,
1441 2229 1494 2252 citu
1525 2225 1662 2252 ordinando
1693 2233 1815 2262 ageretur,
1922 2227 2019 2253 Lucan,
2035 2235 2055 2256 1,
2069 2233 2102 2258 43
2136 2224 2226 2256 Qum
2247 2219 2356 2247 statione
2372 2227 2387 2252 p

328 2269 358 2288 vt
374 2269 433 2288 ante
447 2260 478 2287 ad
493 2268 518 2287 te
533 2261 629 2295 scripsi,
643 2260 784 2287 labantem.
879 2259 953 2286 Idem
967 2260 996 2286 in
1010 2259 1095 2286 Pison.
1111 2268 1129 2291 4
1145 2268 1166 2285 c.
1179 2267 1194 2284 2
1220 2258 1276 2293 Ego
1288 2257 1377 2283 adole·
1441 2262 1516 2288 Astra
1529 2267 1599 2295 petes
1614 2262 1694 2288 serus.
1765 2258 1821 2293 Post
1834 2260 1891 2285 bene
1904 2260 1996 2295 gestum
2007 2265 2034 2286 in
2047 2263 2124 2287 terris
2136 2260 2264 2293 imperium
2274 2253 2389 2290 ascendes

329 2298 427 2324 scentes
441 2296 527 2324 bonos
544 2303 568 2322 et
581 2297 674 2328 fortes,
687 2296 727 2322 sed
746 2296 806 2322 vsos
827 2304 856 2322 ea
879 2295 1035 2322 conditione
1058 2294 1199 2327 fortunae,
1216 2299 1244 2320 vt
1257 2293 1275 2319 si
1299 2293 1377 2319 effent

1436 2302 1522 2332 peros.
1550 2305 1559 2315 ·
1718 2294 1739 2333 ἢ
1756 2305 1767 2327 3
1802 2295 1931 2322 stationes
1950 2296 2073 2320 interdum
2091 2294 2155 2329 fimt
2174 2294 2239 2319 Loca
2247 2291 2397 2327 publicai..

330 2334 498 2366 magistratus
512 2332 600 2365 adepti
614 2332 689 2366 Reip.
705 2333 799 2358 staturu
811 2331 975 2357 Conuulsuri
989 2330 1158 2361 viderentur,
1176 2329 1242 2356 meis
1260 2328 1378 2355 inimici·
1393 2327 1494 2367 601„st
1509 2334 1607 2367 negotia
1621 2332 1706 2358 solent
1720 2334 1785 2357 ciues
1800 2333 1930 2356 conuenire
1942 2329 2120 2366 confabulandi
2132 2329 2173 2368 uei
2179 2331 2267 2363 potius
2285 2325 2386 2358 defu-,13

330 2368 390 2398 tiis,
409 2367 482 2392 nulla
495 2366 601 2392 Senatus
615 2367 683 2392 mala
697 2368 793 2399 gratia,
810 2368 983 2393 comitiorum
995 2366 1099 2394 ratione
1113 2365 1228 2400 priuaui.
1300 2366 1379 2391 Hunc

1441 2369 1489 2394 tia.
1562 2366 1630 2393 Gell.
1665 2386 1672 2393 .
1710 2386 1716 2392 .
1754 2385 1761 2392 .
1798 2365 1951 2397 Qiaesitum
1986 2380 2031 2384 —
2066 2365 2095 2390 in
2109 2363 2242 2397 plerisque
2256 2364 2298 2389 iun
2316 2359 2434 2415 pul-ix!

330 2403 405 2430 Asiae
419 2403 511 2429 statum
525 2401 594 2428 Sulla
607 2400 722 2427 Dederat
742 2401 812 2426 Flor.
827 2410 848 2432 3,
861 2409 882 2433 ς,
900 2411 934 2427 iz.
1042 2403 1098 2428 Cic.
1114 2401 1147 2428 de
1168 2400 1289 2427 Prouinc.
1307 2401 1377 2426 Con·
1443 2401 1570 2429 centium.
1686 2402 1779 2429 quen,
1798 2408 1835 2431 ii,
1849 2408 1867 2432 4
1885 2399 2030 2430 stationes,
2058 2407 2138 2424 omne
2173 2398 2315 2424 theatrum.

330 2438 379 2466 sul.
395 2446 425 2471 41
444 2438 575 2470 Quamuis
589 2436 711 2470 excipere
725 2435 872 2467 fortunam,
888 2435 976 2461 subire
990 2436 1046 2461 vim
1060 2443 1139 2470 atque
1147 2437 1277 2462 iniuriam
1285 2436 1378 2467 malui,
1443 2438 1523 2472 Epist.
1540 2447 1560 2469 ι,
1575 2445 1598 2468 13
1620 2436 1742 2472 Plerique
1759 2436 1787 2463 in
1804 2434 1960 2462 stationibus
1975 2433 2078 2465 sedent,
2095 2440 2249 2467 tempusque
2262 2433 2352 2459 audie·

332 2483 413 2506 quam
437 2480 481 2500 aut
499 2482 513 2499 a
534 2472 627 2499 vestris
648 2470 809 2498 sanffiffimis
827 2471 960 2496 mentibus
979 2469 1114 2501 diffidere,
1132 2475 1176 2495 aut
1191 2471 1223 2494 de
1237 2479 1297 2495 meo
1311 2472 1377 2495 statu
1442 2474 1475 2498 lis
1487 2478 1635 2498 conterunt,
1741 2471 1815 2498 Idem
1828 2470 1908 2504 Epist.
1921 2478 1946 2501 2,
1961 2478 1977 2502 9
1995 2470 2086 2503 Itaque
2100 2468 2228 2503 prehenso
2240 2468 2347 2501 amicos,

332 2509 472 2536 Declinare
488 2519 493 2534 ;
528 2508 561 2535 ad
593 2507 774 2544 gladiatorium
800 2507 899 2533 Statum
916 2506 942 2541 s.
975 2504 1093 2532 Gradum
1120 2503 1229 2539 respicit.
1285 2538 1289 2542 ¹
1337 2504 1380 2529 Sic
1393 2506 1426 2537 65
1444 2507 1552 2537 ambio,
1572 2507 1665 2532 domos
1685 2507 1863 2540 stationesque
1883 2506 2038 2532 circumeo:
2073 2511 2254 2539 quantumque
2272 2504 2314 2531 vel
2327 2513 2341 2531 a

332 2546 391 2572 Cic.
404 2546 481 2572 Verr.
498 2552 524 2576 2,
539 2553 567 2569 ιο
580 2553 600 2569 c.
615 2553 629 2575 4
662 2543 791 2569 Fecerunt
804 2542 884 2568 etiam
898 2548 926 2568 vt
940 2550 999 2572 ine,
1019 2540 1093 2566 cuius
1106 2539 1200 2571 fidem,
1219 2538 1380 2565 continenti·
1442 2541 1485 2567 vel
1498 2540 1581 2575 gratia
1596 2542 1696 2566 valeam
1706 2561 1714 2572 ,
1734 2541 1857 2575 precibus
1872 2541 2003 2578 experior.
2098 2540 2179 2567 Ouid.
2191 2540 2244 2567 Tr.
2261 2549 2281 2572 3,
2296 2550 2313 2573 i,
2327 2547 2357 2575 7⁴,
2382 2558 2392 2567 „

333 2589 430 2616 amque
449 2584 645 2614 cognouerant,
668 2587 750 2613 prope
767 2578 799 2604 de
818 2577 889 2604 vitae
910 2585 983 2603 meae
1002 2577 1086 2608 statu,
1106 2575 1202 2601 dolore
1220 2583 1247 2600 ac
1262 2573 1379 2600 lacrimis
1437 2577 1501 2612 sona
1515 2574 1651 2610 libellifiu,
1674 2576 1793 2607 interea,
1812 2583 1939 2609 quoniam
1958 2575 2037 2601 statio
2054 2575 2124 2601 mihi
2143 2575 2247 2610 publica
2260 2576 2344 2603 clausa
2386 2575 2388 2579 ’
2405 2573 2407 2582 ³

334 2617 388 2644 suis
405 2616 564 2642 deducerent
579 2626 584 2641 z
622 2620 650 2640 vt
662 2623 711 2648 ego
723 2614 802 2640 istum
817 2613 973 2644 accusarem,
989 2621 1004 2638 a
1023 2620 1077 2647 quo
1097 2619 1153 2637 mea
1175 2609 1318 2644 longissime
1339 2618 1379 2637 ra-

333 2653 389 2682 tio,
408 2652 582 2685 voluntasque
596 2649 765 2677 abhorrebat.
872 2650 904 2675 Et
918 2648 991 2675 Idem
1005 2647 1034 2673 in
1047 2649 1122 2674 Orat.
1132 2655 1172 2679 ¹29
1186 2656 1206 2672 c.
1215 2655 1245 2679 37
1266 2647 1328 2678 Qio
1336 2655 1379 2679 ge-

1442 2617 1506 2638 vato
1523 2611 1599 2637 liceat
1615 2610 1744 2637 delituisse
1757 2610 1825 2637 loco.
1867 2610 1926 2637 Vid.
1942 2611 2025 2637 But-m.
2041 2617 2064 2636 et
2080 2611 2204 2645 Calpurn.
2217 2611 2271 2637 Ecl.
2287 2622 2309 2644 4,
2322 2620 2342 2644 3.
2405 2605 2407 2640 l

1443 2647 1602 2686 Daittchatirp.
1623 2646 1656 2672 ati
1677 2646 1742 2673 Plin.
1756 2648 1793 2678 16,
1806 2654 1852 2680 44.
1923 2646 2047 2673 Raeuard.
2066 2646 2239 2681 Var.1.e6}.4‚
2253 2657 2278 2682 7.
2406 2647 2407 2650 ’

333 2697 399 2715 nere
419 2697 467 2714 nos
488 2686 650 2717 mediocres,
670 2692 713 2711 aut
732 2685 818 2711 multo
838 2684 917 2711 etiam
939 2684 1043 2715 minus,
1064 2683 1106 2708 sed
1119 2691 1214 2716 magno
1227 2683 1328 2715 semper
1342 2680 1378 2707 isi
1389 2690 1425 2718 70
1443 2691 1488 2709 nes
1502 2682 1710 2716 municipiorum
1725 2680 1930 2717 quasdamsuiffi‘
1943 2681 2043 2717 infore
2055 2683 2164 2715 Romano
2181 2680 2270 2709 auHor
2291 2680 2325 2716 ist
2349 2682 2358 2708 (¹.
2407 2681 2408 2685 ¹
2423 2686 2434 2711 5³

334 2724 436 2757 impetu
447 2743 454 2755 ‚
476 2723 549 2757 saepe
561 2721 724 2748 aduersarios
739 2721 771 2746 de
784 2721 850 2746 statu
863 2720 937 2746 omni
954 2719 1115 2746 Deiecimus.
1224 2719 1286 2744 Item
1306 2718 1379 2743 Brut.

337 2760 369 2786 ad
386 2760 442 2786 Cic.
458 2759 599 2790 Fam.1i,ii
621 2756 826 2783 Maleuolentiae
839 2755 980 2783 hominum
997 2755 1026 2781 in
1038 2763 1090 2786 me,
1103 2753 1120 2779 si
1136 2753 1243 2786 poteris,
1251 2761 1381 2783 occurres,

336 2795 355 2822 fi
369 2804 422 2822 non
437 2794 546 2830 poteriS,
561 2793 611 2820 hoe
622 2792 810 2825 consolabere,
830 2791 902 2826 quod
915 2801 956 2818 me
969 2791 1001 2817 de
1016 2792 1082 2817 statu
1103 2798 1164 2815 meo
1188 2789 1268 2815 nullis
1290 2795 1380 2815 contu-

336 2831 426 2857 meliis
454 2832 593 2857 Deterrere
621 2830 730 2864 poffunt.
835 2830 946 2864 Denique
960 2827 1016 2853 Cic.
1032 2835 1080 2860 pro
1096 2825 1202 2851 Caecin.
1216 2833 1251 2858 42.
1270 2824 1335 2850 Non
1350 2833 1380 2850 ea

1444 2717 1600 2753 defi-ribendo
1617 2717 1678 2752 fori
1698 2718 1804 2743 Romani
1821 2720 1928 2753 regione.
2000 2719 2056 2744 Huc
2069 2717 2178 2754 referam
2191 2718 2296 2745 Sueton.
2309 2718 2356 2745 N..

1444 2753 1588 2781 Obieeium
1602 2754 1651 2783 est,
1670 2753 1741 2787 quod
1755 2753 1874 2779 tabernas
1892 2758 1943 2779 tres
1956 2752 1987 2779 de
2001 2752 2081 2780 domo
2096 2755 2139 2780 sua
2150 2754 2219 2781 circa
2232 2754 2322 2781 foi-uin
2347 2751 2368 2769 '¹‘

1444 2790 1476 2817 ad
1491 2790 1630 2816 stationem
1645 2789 1757 2815 locasset.
1830 2789 1905 2816 Talis
1918 2788 2104 2825 videturficffi
2117 2793 2190 2816 etium
2203 2790 2362 2817 Graecostasi
2408 2816 2409 2819 ,
2431 2798 2433 2805 ’

1445 2825 1478 2859 est
1493 2825 1655 2852 Graecorum
1669 2825 1762 2857 statio,
1781 2824 1809 2850 de
1830 2824 1910 2861 quas
1924 2826 1942 2851 Ι.
2017 2827 2091 2852 Talis
2118 2826 2199 2852 Graia
2218 2825 2296 2852 statio
2317 2821 2362 2851 Rs*
2408 2850 2409 2857 ,
2431 2828 2434 2843 l

336 2867 389 2894 sola
402 2866 442 2892 vis
456 2868 507 2901 cst,
529 2873 594 2899 quae
607 2865 639 2890 ad
653 2873 747 2898 corpus
760 2864 893 2895 nostrum,
913 2864 1048 2896 vitamque
1063 2861 1185 2896 peruenit
1201 2871 1205 2886 :
1242 2860 1285 2886 sed
1300 2860 1380 2886 etiam
1395 2863 1427 2891 75
1445 2861 1512 2897 apud
1525 2862 1632 2887 Vitruu.
1644 2869 1668 2890 2,
1682 2865 1695 2890 8
1708 2869 1732 2893 p.
1748 2869 1778 2891 30
1789 2867 1854 2887 extr.
1925 2862 1963 2887 De
1976 2860 2016 2887 his
2030 2861 2096 2887 Plin.
2113 2863 2150 2892 16,
2161 2870 2199 2894 44
2219 2861 2336 2893 Radices,
2351 2860 2374 2880 Ὺ

336 2903 422 2929 multo
445 2902 532 2928 maior
546 2909 573 2927 ea
583 2921 591 2933 ,
609 2910 676 2935 quae
689 2900 808 2934 periculo
821 2899 915 2925 mortis
930 2898 1046 2930 iniee'to,
1066 2896 1213 2924 formidine
1227 2897 1310 2922 animi
1325 2905 1381 2930 per-

336 2939 462 2965 territum
476 2937 537 2963 loco
550 2938 634 2970 saepe,
648 2942 672 2962 et
686 2942 758 2962 certo
772 2935 803 2961 de
816 2935 882 2961 statu
896 2935 1032 2961 Dimouet.
1129 2932 1203 2958 Idem
1224 2932 1252 2958 in
1266 2931 1356 2958 Parad.
1374 2941 1380 2958 1

337 2975 456 3000 Mentem
472 2981 503 2998 ex
517 2973 561 2998 sua
576 2972 627 2997 side
640 2978 664 2997 et
680 2972 745 2997 statu
760 2971 895 2997 Dimouet.
1012 2967 1212 3001 Multoruinque
1232 2967 1313 2994 Excili
1335 2968 1381 2993 sta-

336 3016 387 3041 tus,
402 3015 426 3035 et
440 3015 526 3035 terror
539 3007 664 3033 omuibus
677 3005 856 3032 intentabatur
876 3005 944 3031 Tac.
954 3005 1020 3029 Arm.
1030 3012 1051 3035 3,
1066 3008 1105 3033 28,
1119 3012 1139 3034 3.
1210 3004 1305 3030 Dionis
1314 3003 1384 3029 tilius

337 3045 409 3072 vitae
431 3044 524 3071 statum
543 3047 733 3068 commutatum
750 3042 830 3068 Ferre
843 3049 896 3067 non
909 3040 996 3073 potuit
1019 3039 1087 3072 Nep.
1103 3047 1140 3070 io,
1156 3046 1184 3071 4,
1198 3047 1218 3070 ς,
1326 3039 1381 3065 Cic.
1401 3041 1434 3066 80

339 3082 393 3107 Att.
410 3090 426 3111 ι,
441 3089 465 3112 ¹3
487 3078 562 3112 Reip.
577 3079 670 3104 statum
684 3077 774 3107 illum,
793 3085 872 3111 quem
886 3082 914 3102 tu
929 3083 990 3101 ineo
1004 3074 1128 3105 consiliu,
1146 3082 1195 3107 ego
1215 3074 1310 3100 diuino
1322 3084 1383 3101 con-

338 3116 473 3142 firmatum
487 3113 619 3149 putabam,
637 3112 684 3148 qui
699 3113 832 3139 bonorum
846 3112 967 3138 omnium
983 3109 1173 3136 coniunftione
1187 3117 1210 3135 et
1226 3110 1384 3137 auctoritate

339 3151 494 3179 Consulatus
508 3150 563 3176 mei
577 3150 657 3175 Fixus
672 3154 696 3175 et
711 3148 832 3175 fundatus
848 3147 1002 3177 videbatur,
1021 3145 1068 3170 nisi
1084 3145 1142 3178 quis
1157 3154 1204 3171 nos
1218 3145 1279 3171 deus
1299 3148 1384 3180 respe<

339 3188 423 3218 xerit,
443 3187 557 3220 clapsum
577 3186 624 3212 esse
646 3186 710 3211 scito
731 3184 763 3210 dc
775 3184 896 3211 manibus
907 3191 962 3210 vno
977 3181 1026 3207 hoc
1040 3181 1153 3207 iudicio.
1247 3182 1325 3207 Hunc
1338 3191 1383 3208 rex

339 3225 434 3250 statum
450 3223 524 3256 Reip.
538 3222 664 3255 Imposuit
684 3220 753 3246 Flor.
770 3229 790 3252 i,
806 3229 824 3252 ι,
839 3227 870 3253 ις.
967 3218 1075 3244 Manere
1089 3217 1135 3242 suo
1149 3216 1229 3247 statu,
1249 3217 1302 3242 vid.
1319 3225 1383 3244 MA·
1401 3222 1429 3250 85·

340 3265 419 3285 Neo.
515 3258 630 3282 Mutatus
644 3257 721 3282 status
739 3256 809 3281 Flor.
830 3264 849 3287 ι,
864 3263 888 3287 9,
902 3263 923 3286 3.
1028 3252 1084 3278 Cic.
1098 3260 1146 3285 pro
1168 3252 1249 3277 Corn.
1268 3253 1338 3279 Balb.
1358 3259 1383 3283 18

340 3295 366 3320 Si
380 3302 434 3329 quo
447 3292 559 3327 quisque
572 3292 633 3317 loco
646 3290 765 3316 nostrum
781 3291 815 3316 est
824 3290 925 3316 Iudices
938 3296 1023 3320 natus,
1039 3293 1083 3314 aut
1095 3286 1112 3312 si
1127 3288 1154 3312 in
1168 3295 1218 3320 qua
1233 3287 1339 3314 fortuna
1347 3290 1383 3315 est

340 3328 479 3360 nascendi,
495 3328 574 3353 initio
598 3328 752 3353 constitutus
777 3326 845 3351 hunc
872 3325 942 3351 vitae
967 3325 1061 3350 statum
1081 3331 1163 3355 vsque
1177 3322 1206 3347 ad
1223 3323 1383 3350 senectutem

1445 2897 1566 2931 arboris)
1586 2897 1614 2922 in
1627 2896 1717 2923 forum
1729 2905 1812 2930 vsque
1827 2896 1942 2923 Caesaris
1956 2905 2002 2931 per
2024 2897 2148 2923 stationes
2173 2897 2335 2931 municipior
2350 2909 2359 2917 ι

1446 2938 1525 2959 trant.
1720 2929 1741 2968 Ἴ
1763 2941 1781 2965 4
1818 2932 1901 2958 Statio
1915 2938 1954 2968 ap.
1967 2931 2122 2965 Christianos
2136 2932 2263 2959 dicebatur
2276 2941 2361 2959 cortu
2375 2940 2376 2943 ’

1447 2972 1484 2995 cis
1503 2968 1589 3004 sacris
1608 2966 1641 2993 ad
1654 2971 1809 3002 precationes·
1827 2967 1992 2994 celebrandas.
2063 2969 2102 2994 De
2114 2967 2257 2994 stationum
2271 2966 2367 2996 diebu·

1448 3010 1502 3031 tant
1531 3002 1651 3038 plerique
1674 3003 1864 3030 sacrificiorum
1879 3002 2046 3030 orationibus
2058 3002 2306 3036 interueniendum,
2323 2999 2401 3039 quasi„
2411 3024 2413 3027 .

1448 3039 1571 3066 soluenda
1585 3038 1613 3064 fit
1626 3044 1731 3072 accepto
1744 3048 1855 3074 corpore
1869 3039 1982 3066 domini.
2144 3039 2169 3065 Si
2183 3039 2259 3066 statio
2273 3039 2305 3066 de
2318 3037 2350 3065 in'
2386 3033 2413 3074 *tp

1450 3075 1537 3110 emplo
1551 3083 1648 3100 nomen
1661 3075 1770 3108 accipit,
1790 3080 1797 3105 (
1809 3084 1868 3101 nam
1882 3081 1907 3101 et
1921 3074 2020 3101 militia
2034 3074 2076 3101 dei
2090 3076 2202 3108 sumus)
2218 3075 2310 3109 vtique
2327 3082 2343 3100 n
2391 3075 2413 3104 ss

1448 3112 1485 3138 tia
1499 3111 1550 3136 siue
1564 3110 1672 3136 tristitia
1684 3109 1830 3137 obueniens
1839 3111 1937 3143 castris,
1953 3111 2077 3137 stationes
2090 3110 2206 3137 militum
2221 3109 2344 3137 rescindit
2368 3103 2414 3151 ξξῖὶ

1449 3147 1480 3173 de
1495 3148 1569 3173 Orat.
1583 3152 1647 3172 extr.
1718 3146 1792 3180 Conf.
1813 3146 1935 3173 Ambros.
1964 3145 2045 3172 serm.
2077 3153 2112 3179 ες.
2184 3146 2320 3182 Augustin.
2336 3140 2416 3200 Ε’ῖῗῖζῖι

1449 3180 1596 3217 Gotho-fred.
1611 3180 1644 3206 ad
1656 3181 1776 3208 Tertull.
1791 3182 1822 3207 ad
1838 3182 1900 3209 Nat.
1917 3191 1935 3213 ι,
1948 3189 1965 3215 7
1978 3188 2001 3208 et
2015 3190 2048 3213 13.
2154 3182 2225 3210 Grot.
2241 3181 2275 3208 ad
2285 3177 2414 3217 Mamm-³3³.

1447 3216 1468 3253 q
1490 3227 1501 3247 ς
1537 3216 1617 3243 Statio
1652 3216 1828 3243 hereditatum
1860 3218 1887 3243 in
1914 3219 1973 3244 Vet.
2005 3218 2084 3245 Inscr.
2117 3211 2189 3245 Gru‘t.
2224 3227 2249 3252 p.
2272 3224 2326 3252 451,
2347 3221 2397 3247 2³22
2413 3219 2415 3252 ,’

1447 3253 1489 3288 effi’
1502 3252 1610 3279 videtur.
2358 3255 2376 3282 “,
2413 3268 2415 3284 4

2414 3309 2416 3322 Ι

1484 3296 1497 3315 s
1509 3295 1531 3315 'r
1540 3295 1561 3315 A
1571 3294 1609 3314 TI
1621 3294 1641 3312 V
1650 3294 1671 3312 N
1681 3293 1697 3313 C
1708 3284 1729 3312 ὖ
1739 3293 1754 3312 L
1765 3294 1796 3318 Α,
1809 3296 1848 3314 ae.
1870 3288 1891 3314 f.
1911 3288 2012 3315 Dimin.
2051 3286 2189 3323 [emolitur]
2225 3284 2351 3320 Paruast
2364 3282 2393 3312 ¹¹.

1483 3331 1525 3351 s'r
1534 3331 1555 3350 A
1565 3329 1585 3348 T
1596 3330 1603 3348 1
1615 3328 1635 3349 o
1644 3329 1666 3348 N
1676 3329 1696 3348 Α
1706 3329 1723 3347 R
1734 3329 1743 3346 1
1753 3328 1805 3354 vs,
1824 3323 1842 3348 i.
1862 3332 1898 3349 ιη.
1915 3323 1927 3356 [
1935 3323 2070 3356 ἑπίςαθμος
2083 3324 2161 3351 (310ῆῖ
2176 3324 2221 3350 Gr.
2236 3324 2291 3350 Lat.
2304 3320 2338 3357 φό
2367 3326 2380 3353 21:

341 3366 470 3391 Obtinerc
483 3363 569 3389 debet.
666 3362 721 3388 Cic.
737 3362 788 3388 Aet.
801 3369 826 3393 9,
842 3366 855 3391 Β
878 3361 1001 3393 Quorum
1020 3358 1141 3385 artificiis
1159 3357 1280 3384 effe-&um
1295 3361 1341 3391 est,
1354 3366 1383 3386 vt
1448 3359 1558 3386 tionarii
1570 3359 1662 3384 milites
1676 3358 1810 3390 dicuntur,
1828 3358 1915 3393 quibus
1929 3358 2068 3392 custodiae,
2087 3366 2130 3386 aut
2141 3358 2258 3394 praesidii
2269 3359 2351 3394 gratia
2364 3360 2372 3392 J
2415 3367 2416 3382 ι

342 3400 417 3434 Resp.
431 3401 459 3426 in
473 3399 541 3425 hunc
556 3399 648 3425 statum
662 3397 824 3437 Peruenire't.
889 3430 896 3436 ·
933 3395 1058 3422 Graeciae
1077 3399 1195 3419 veterem
1215 3395 1308 3420 statum
1318 3395 1383 3435 Refi-
1394 3405 1429 3429 90
1441 3395 1467 3429 fi
1486 3402 1545 3421 mita
1558 3394 1601 3430 est
1673 3393 1776 3427 leian.
1792 3394 1819 3419 in
1834 3394 1851 3419 l.
1866 3392 1918 3456 1¹2.
1933 3395 1991 3421 Hoc
2004 3402 2092 3422 autem
2107 3395 2138 3421 D.
2151 3395 2190 3421 De
2204 3393 2342 3434 fugitiuis,
2363 3397 2370 3433 γι

345 3434 411 3460 didit
432 3436 501 3461 Flor.
519 3444 542 3465 ε,
556 3442 581 3468 7.
689 3432 786 3459 Redire
801 3440 828 3457 in
841 3437 982 3464 antiquum
996 3431 1089 3457 statum
1109 3429 1174 3455 Cels.
1184 3431 1208 3458 6,
1216 3432 1240 3454 6.
1326 3432 1382 3457 Cic.
1449 3441 1462 3458 c
1476 3436 1562 3458 aratur
1574 3435 1599 3456 et
1612 3428 1737 3462 praesides
1747 3447 1753 3458 ‚
1774 3434 1799 3455 et
1815 3432 1893 3464 magis
1909 3435 1994 3461 ratus,
2013 3436 2039 3457 et
2058 3430 2156 3457 milites
2170 3430 2334 3457 stationarios
2349 3429 2365 3449 ιγι

346 3470 402 3495 Aci.
418 3479 426 3495 i
441 3472 516 3496 Vei-r.
535 3479 592 3501 132⁴.
606 3479 618 3500 4
639 3469 695 3495 Iam
710 3477 775 3495 vero
794 3466 915 3494 omnium
938 3466 1069 3492 vitiorum
1092 3464 1198 3490 suorum
1222 3464 1335 3498 plurima
1358 3474 1383 3493 et

344 3505 459 3531 maxima
473 3505 607 3531 constituit
620 3511 807 3535 monumenta,
827 3508 853 3529 et
866 3501 964 3528 indicia
982 3502 1010 3526 in
1025 3500 1162 3534 prouincia
1176 3500 1265 3526 Sicilia
1280 3511 1284 3526 :
1305 3511 1384 3535 quani

345 3540 393 3567 iste
418 3548 462 3572 pei·
489 3540 632 3565 triennium
656 3540 691 3566 ita
709 3539 834 3570 uexauit,
855 3546 883 3563 ac
902 3535 1034 3571 perdidit,
1058 3541 1086 3560 vt
1106 3543 1134 3561 ca
1149 3535 1261 3561 Restitui
1276 3537 1304 3562 in
1318 3538 1383 3564 anti-

347 3584 429 3609 quum
454 3574 545 3600 statum
566 3575 639 3601 nullo
662 3575 742 3602 modo
765 3574 844 3609 poffit.
962 3572 1016 3598 Cic.
1031 3570 1063 3596 de
1076 3571 1167 3603 Arusp.
1183 3572 1258 3605 Rcsp.
1274 3575 1298 3597 61
1317 3582 1337 3599 c.
1354 3578 1384 3603 28
1398 3580 1430 3606 95·

348 3612 426 3637 Hunc
447 3610 539 3636 statum
565 3611 610 3642 qui
632 3620 699 3637 nunc
711 3611 764 3643 est⁷
775 3610 965 3645 qualiscunque
979 3607 1028 3638 esi,
1046 3605 1117 3632 nulla
1130 3607 1181 3631 alia
1194 3615 1222 3631 re
1234 3627 1242 3638 ,
1262 3608 1309 3633 niti
1323 3618 1384 3635 con-

348 3646 439 3673 cordia
453 3645 576 3671 Retinere
591 3647 726 3677 possumus,
844 3643 953 3670 Reuerti
967 3643 995 3669 in
1013 3642 1151 3674 antiquum
1165 3641 1258 3669 statum
1277 3644 1344 3670 Cels.
1359 3652 1383 3677 8,

351 3692 387 3707 io.
495 3680 551 3706 Cic.
569 3680 637 3705 Fam.
653 3691 678 3713 4,
691 3691 707 3715 9
726 3680 805 3714 Quod
819 3679 930 3706 honesto
942 3679 1000 3705 otio
1013 3677 1148 3704 'senueris
1161 3683 1186 3703 et
1200 3678 1293 3705 statum
1308 3686 1333 3706 et
1348 3680 1384 3706 fa-

348 3726 419 3744 mam
432 3716 568 3751 diguitatis
583 3720 650 3740 tuae.
755 3715 828 3750 conf.
844 3715 915 3741 Idem
925 3716 996 3741 Fam.
1009 3716 1064 3745 6,2.
1172 3713 1226 3739 Cic.
1243 3715 1311 3740 Fam.
1321 3724 1346 3747 9,
1356 3717 1384 3741 16

349 3753 404 3784 Fgo
422 3760 464 3777 me
483 3760 537 3777 non
557 3757 644 3783 putem
658 3750 747 3777 Tucri
761 3751 852 3777 statum
868 3759 957 3777 meum
972 3750 1004 3776 stc
1018 3748 1095 3783 posse,
1108 3753 1136 3775 vt
1149 3756 1233 3781 neque
1254 3750 1385 3777 offendam
1396 3761 1444 3779 100
1445 3749 1574 3785 stellarum
1590 3747 1722 3782 epitheton,
1736 3758 1788 3774 cum
1797 3749 1868 3784 stare
1881 3760 1896 3775 a
1907 3751 2003 3777 Tellure
2015 3747 2165 3775 intuentihus
2181 3747 2306 3773 videntur.
2341 3738 2394 3771 Ph*

1450 3467 1574 3493 adiuuare
1589 3465 1684 3491 debere
1697 3465 1726 3489 in
1738 3465 1905 3498 inquirendis
1918 3466 2049 3499 fugitiuis.
2165 3465 2245 3492 Paull.
2259 3465 2288 3491 in
2311 3464 2329 3490 l.
2360 3487 2363 3495 ,

1449 3502 1546 3533 titulo,
1568 3499 1756 3527 Limenarchae
1778 3506 1803 3526 et
1824 3500 1970 3528 stationarii
1990 3501 2120 3536 fugitiuos
2137 3499 2309 3536 deprehensos
2327 3498 2337 3526 i
2354 3525 2357 3529 ,

1449 3547 1491 3564 am
1506 3536 1628 3563 retinent.
1712 3535 1784 3570 Conf.
1800 3536 1817 3562 l.
1833 3545 1843 3562 ι
1857 3535 1879 3572 §
1897 3546 1920 3563 ιι,
1935 3538 1966 3563 D.
1982 3536 2013 3563 de
2026 3537 2070 3564 off.
2085 3537 2165 3571 praef.
2179 3535 2250 3562 vrbi.
2356 3536 2358 3539 '

1449 3574 1484 3600 rii
1497 3572 1665 3601 tabelliones,
1682 3571 1734 3604 Qui
1745 3574 1771 3596 in
1778 3570 1933 3606 stationibus
1945 3582 1998 3599 cum
2005 3572 2154 3609 subadiuuis
2166 3570 2366 3617 ηιίηιζῙινίιηιιεΑἴ
2384 3603 2385 3606 ¹
2398 3602 2399 3606 Ἰ
2418 3602 2419 3606 ¹

1448 3609 1552 3639 bantur,
1573 3615 1596 3633 et
1615 3605 1785 3641 inj‘trumemis
1798 3607 2000 3643 subfiribebant,
2034 3617 2077 3634 uos
2096 3606 2253 3634 Iustinianus
2268 3606 2296 3632 in
2359 3604 2392 3641 ,χ’-ζ

1449 3641 1690 3677 συμβολαιογροίφεῑ,
1704 3642 1820 3676 appellat,
1827 3643 1856 3668 id
1868 3643 1903 3679 ese
1916 3650 2004 3670 contra
2032 3653 2086 3670 uum
2090 3642 2190 3678 firibas
2195 3663 2206 3676 ‚
2223 3644 2266 3677 qui
2277 3647 2301 3668 et
2314 3637 2352 3666 tab
2373 3639 2374 3644 ¹

1448 3679 1603 3706 tabelliones
1616 3677 1740 3703 dicuntur.
1775 3678 1889 3704 Alciatus
1903 3681 2005 3715 Parerg.
2019 3682 2046 3711 6,
2061 3687 2097 3711 ¹9·

1487 3722 1499 3741 S
1509 3721 1530 3740 Τ
1540 3721 1561 3740 Α
1571 3719 1610 3739 TI
1621 3718 1640 3737 O
1650 3719 1671 3737 N
1679 3713 1696 3737 Ᾰ
1706 3720 1720 3738 1.
1731 3720 1739 3738 1
1751 3720 1762 3739 S
1772 3733 1778 3743 ,
1798 3722 1820 3740 e.
1848 3715 1909 3742 Adi.
1946 3712 2076 3749 [mauros]
2112 3712 2272 3739 PIanetarum
2294 3709 2319 3746 ‚fi

349 3795 467 3812 animum
481 3787 633 3819 cuiusquam
643 3804 651 3816 ,
678 3794 724 3811 nec
738 3787 856 3821 frangam
869 3786 1025 3821 dignitatem
1040 3793 1134 3810 meam.
1328 3784 1348 3822 q
1369 3795 1387 3821 7
1452 3784 1546 3810 Eadem
1561 3781 1704 3809 stationalis
1712 3784 1778 3809 senis
1794 3785 1922 3812 inentibus
1939 3788 2117 3812 commoratur
2134 3782 2162 3808 in
2179 3782 2272 3816 fignis,
2288 3769 2408 3810 alioquib.

351 3822 491 3856 Obseruatt.
527 3822 610 3847 Status
620 3841 626 3851 ‚
640 3827 687 3854 pro
698 3821 799 3848 Ordine.
833 3822 920 3847 Senec.
935 3821 966 3848 de
981 3819 1083 3847 Benefic
1086 3839 1265 3848 .....
1301 3821 1388 3854 Qid-
1451 3819 1509 3845 stris
1523 3829 1528 3844 :
1566 3827 1647 3851 quum
1683 3826 1799 3846 caeterae
1837 3827 1947 3856 vtraque
1982 3819 2092 3846 statione
2125 3824 2266 3852 quaternos
2301 3809 2384 3846 mense·
2408 3816 2421 3824 '¹

352 3857 416 3889 quid
434 3858 546 3883 maxime
559 3856 727 3882 necessarium
741 3862 812 3888 erat,
833 3857 859 3882 in
873 3857 989 3890 primum
1007 3856 1100 3883 statum
1120 3855 1240 3881 conieci:
1276 3865 1345 3883 nunc
1366 3856 1385 3882 fi
1450 3854 1585 3887 impleant.

350 3891 416 3926 quid
432 3892 536 3925 effugit,
554 3891 690 3925 recolligo.
796 3891 879 3918 Status
892 3891 1056 3927 prestatione
1071 3899 1102 3917 ac
1123 3891 1174 3916 Ioco
1184 3910 1190 3920 ‚
1206 3891 1249 3917 vbi
1265 3890 1337 3924 flare
1363 3898 1387 3918 et
1456 3905 1459 3907 >
1488 3895 1501 3915 s
1514 3896 1564 3915 ΤΑ
1575 3896 1595 3915 Τ
1606 3889 1618 3914 ι’
1629 3894 1650 3914 v
1662 3896 1681 3915 v
1693 3895 1720 3922 s,
1735 3898 1759 3922 a,
1772 3899 1827 3916 um.
1848 3891 1907 3917 Adi.
1946 3889 1997 3920 Vt,
2016 3887 2105 3914 Castra
2117 3887 2227 3919 statiua,
2245 3877 2364 3916 ve1om¹ff⁰
2374 3870 2418 3903 οἰῶ

349 3924 474 3960 consistere
486 3926 682 3962 aliquidponst‚
699 3925 751 3952 vicl.
766 3936 791 3951 ιη
807 3932 928 3953 FORvs.
1035 3925 1112 3952 Modi
1127 3925 1278 3954 Verborum
1289 3930 1332 3963 qui
1344 3936 1387 3955 υσ-
1397 3936 1440 3964 ¹05
1450 3923 1542 3951 statiua
1552 3923 1720 3961 fimpliciter,
1739 3927 1863 3953 stationes
1886 3925 2019 3956 dicuntur,
2036 3921 2085 3958 siue
2110 3923 2281 3953 Mantuam.
2299 3922 2325 3946 in
2345 3909 2411 3952 ΝΜ

348 3968 438 3989 cantur
455 3962 644 3994 Grammaticis,
662 3964 735 3988 ctiam
749 3962 832 3988 Status
844 3962 961 3990 dicuntur
988 3961 1098 3995 Qiinfik.
1113 3969 1134 3995 i,
1145 3968 1210 3994 5,4t.
2102 3960 2108 3967 '
2367 3947 2418 3982 ΡΨ
