2434 4156
326 146 389 183 771
666 124 890 167 *rr-‘E
973 125 999 164 s
1770 120 1813 160 T
1919 122 1952 162 E
2060 123 2086 163 s
2365 98 2434 179 92!

362 225 383 246 Τ
393 225 408 246 Ε
417 224 429 244 S
438 224 478 244 Ti
491 223 512 244 T
523 224 543 244 R
552 224 573 244 Α
584 222 635 244 Ην
643 223 666 250 s,
685 226 708 248 a,
729 225 782 243 um.
805 215 864 242 Adi.
899 213 1074 249 [ἆρχκσύρος]
1109 210 1237 246 Epitheton
1255 209 1353 249 Arietis
1415 210 1444 238 Β.
1458 211 1490 238 G.
1506 215 1531 244 8,
1545 219 1590 244 44.
1659 207 1761 236 Notior
1774 207 1940 244 testatiorque
1951 212 2041 239 Virtus
2061 212 2132 239 Idem
2147 211 2213 239 ibid.
2228 220 2249 239 c.
2262 220 2298 245 4²-
2394 238 2403 244 ,

325 254 397 288 testas
411 263 511 290 magnos
525 263 571 279 non
585 260 635 279 tam
647 256 765 288 gen-entis,
778 261 848 286 quam
857 257 919 285 prae
930 250 1033 284 pondere
1045 246 1177 274 trahentis.
1189 254 1219 271 ex
1240 244 1354 271 Laberio
1411 248 1477 281 peri.
1512 246 1680 281 Stupebanius
1710 243 1843 271 audientes
1876 245 2029 274 testatiffima
2061 247 2195 274 mirabilia
2225 255 2267 274 tua
2305 249 2374 285 Augu

327 289 394 328 apud
407 288 521 315 Tertull.
537 287 568 314 de
580 288 639 315 Pall.
653 298 673 314 c.
690 297 705 313 i.
777 286 849 320 Cous.
862 284 963 318 Salmas]
976 291 1003 318 p.
1017 289 1068 322 ¹⁵²8·
1415 281 1493 307 conf,
1507 287 1529 313 8,
1547 285 1571 308 6,
2312 297 2322 300 -
2334 310 2336 315 .
2395 274 2404 285 ⁸

365 331 387 351 'r
400 331 415 351 Ε
427 332 439 350 s
449 331 469 350 T
479 330 506 354 o,
520 326 572 350 are.
607 322 698 350 Aeliae
708 330 755 358 pro
768 321 866 348 Testor
878 320 943 354 apud
955 319 1074 345 Priscian.
1088 325 1112 350 p.
1125 324 1177 348 797.
1250 314 1319 342 Vnde
1332 319 1357 340 et
1452 323 1473 343 T
1483 323 1499 343 Β
1510 323 1522 342 s
1535 323 1556 342 T
1565 324 1585 343 A
1597 322 1619 342 ‘r
1630 322 1638 341 1
1649 315 1752 345 o,6nis.
1773 315 1792 341 f.
1827 314 2010 352 [Moeeffffnms]
2048 316 2221 350 Testimonium
2229 317 2325 353 scm-pm
2337 317 2374 347 m
2392 317 2394 327 ι
2417 322 2422 345 ¹.

328 360 398 387 Gell.
415 369 446 391 ις,
458 367 481 391 ¹3
501 359 600 386 Testor
613 363 677 384 inter
692 357 763 383 17..er
775 357 908 381 communia
920 360 1037 379 nutrierat.
1084 350 1153 378 Asia.
1170 349 1242 376 Idem
1256 358 1278 384 ς,
1288 358 1321 381 13.
1379 359 1394 385 ς
1419 350 1525 385 hmsum,
1544 354 1583 378 vet
1601 360 1646 386 pei·
1664 350 1764 376 tabulas
1785 350 1896 382 dictum,
1918 353 1959 377 vei
1983 352 2091 386 loquitur
2114 352 2224 386 Qiinfi.
2235 362 2258 385 5,
2271 360 2296 386 7,
2311 361 2328 380 i.
2370 347 2421 385 ἱξῐρ

367 402 388 421 Τ
397 402 413 421 Ε
422 401 462 421 s'r
472 394 584 427 offiari.
602 395 639 420 De
662 413 667 419 .
684 389 1007 425 [Auoefrvylffiuoeffv'enuai]
1031 385 1204 418 Testimonium
1214 385 1356 420 perhibere:
1420 386 1548 418 Qineiu.
1564 396 1586 421 ς,
1600 395 1631 418 i3,
1645 394 1676 418 ⁴9
1695 385 1721 411 Si
1734 386 1797 419 quid
1809 385 1841 411 ab
1854 385 2012 417 aduersario,
2025 386 2203 414 testationibus
2219 388 2377 421 conipreheni
2387 382 2417 416 Τ*

329 431 413 458 Fidem
422 430 519 466 facere,
535 429 627 464 ,mm-ft.
651 438 662 454 0
678 426 804 459 fflfflsjgm
852 424 906 451 cic,
921 424 951 450 de
965 424 1027 450 Nat.
1039 423 1117 448 Deor.
1132 431 1154 454 2,
1166 426 1204 453 ¹38
1226 421 1356 460 Vtracque
1420 427 1466 459 ete.
1577 422 1648 449 Idem
1662 430 1683 453 ς,
1696 429 1722 455 7,
1735 430 1761 453 33
1779 421 1858 454 Saepe
1884 421 1954 448 inter
1971 422 1996 446 se
2018 422 2108 448 collidi
2134 423 2225 454 solent,
2246 422 2306 448 inde
2330 425 2372 451 test
2387 422 2393 446 s,

328 471 417 493 autem
430 465 543 495 crebrae,
557 466 704 496 multaeque
717 468 772 487 toto
786 468 897 494 corpore
911 460 1024 485 intextae
1037 458 1091 483 vim
1103 455 1231 490 quandam
1245 454 1357 481 incredi-
1420 454 1482 481 hinc
1492 456 1566 483 testes
1581 468 1586 483 :
1622 457 1693 482 locus
1707 457 1839 489 vtrinque.
1909 457 1979 482 Haec
2002 457 2071 482 enini
2091 458 2114 483 se
2127 467 2183 491 pars
2196 457 2373 493 iureiurando,

328 501 410 528 bilem
422 500 554 527 artificioti
570 499 656 533 operis
671 496 809 529 diuinique
823 495 952 521 testantur.
978 494 1006 519 de
1020 496 1090 519 venis
1103 498 1125 518 et
1135 494 1247 518 arteriis.
1300 490 1357 516 Te·
1421 491 1544 517 consensu
1557 492 1709 526 signantium
1723 496 1819 518 tuetur.
1911 491 2013 518 Paullus
2026 493 2054 517 in
2067 491 2084 517 1.
2097 492 2192 518 Lucius
2207 493 2300 519 Titius
2313 493 2342 520 D.
2353 487 2379 522 d'

329 537 390 564 stata
403 537 437 562 est
451 536 544 570 gaudia
559 540 634 560 cantu
656 531 807 558 Ouindt.
819 535 841 561 ε,
855 539 913 563 420.
1004 527 1127 554 Carmina
1139 527 1255 553 testantia
1270 534 1356 565 mores
1377 538 1406 556 10
1422 526 1469 560 qui
1484 532 1606 554 notantur
1619 528 1743 560 infamia,
1778 526 1873 553 Lucius
1886 527 1980 553 Titius
1998 527 2099 553 crimen
2112 527 2222 553 intendit
2240 528 2270 553 C.
2283 528 2376 562 δείσῃ

328 572 404 599 Idem
417 581 447 597 ex
462 573 534 598 Pont.
552 579 570 599 i,
583 577 608 601 9,
623 577 661 600 43.
757 566 823 591 l'lin.
837 572 860 597 8,
873 568 900 591 16
914 566 932 591 s.
949 573 973 590 21
997 563 1124 589 Testatur
1136 562 1203 589 hunc
1219 562 1304 587 casum
1321 568 1357 600 pi·
1422 561 1549 587 iniuriam
1579 563 1678 596 pass'us:
1712 569 1789 597 atque
1811 563 1838 588 in
1867 571 1923 588 eain
1948 571 2004 588 rein
2020 562 2183 588 testationem
2200 562 2267 596 apud
2287 562 2381 596 praefe.

328 608 411 635 &ul-2,
516 605 572 632 val,
588 605 657 630 Max.
671 610 693 633 3,
707 609 758 634 ,μς
796 600 870 627 Vnde
889 598 1051 634 processerit,
1069 604 1114 625 aut
1133 606 1186 632 quo
1199 602 1358 632 peruenerit,
1420 596 1552 630 praetorio
1574 598 1703 625 recitauit.
1769 598 1916 624 Praefee’tus
1943 597 1994 624 fide
2018 606 2072 623 non
2093 596 2183 624 habita
2195 597 2375 631 testationi,iiu

327 643 423 669 statuae
448 641 524 676 ipsius
549 639 639 666 titulus
660 635 763 662 abunde
786 635 902 662 testatur.
1016 633 1090 660 Idem
1106 633 1171 659 ibid.
1185 643 1206 665 5,
1220 635 1244 663 6,
1260 641 1266 658 1
1286 631 1358 664 Qid
1421 632 1548 659 iniuriam
1561 632 1590 658 L.
1604 633 1712 660 Titium
1726 634 1819 668 passum
1833 634 1881 659 effe
1894 642 1908 659 a
1922 634 1950 660 C.
1964 632 2024 659 Seio
2037 633 2225 667 pronuntiauit.
2294 628 2373 666 Qiae'i·

327 679 421 705 attinet
438 676 524 702 verbis
537 675 582 700 ista
595 671 752 706 complcffl?
789 679 902 704 quorum
917 674 985 696 tanta
998 669 1038 697 vis
1051 669 1095 700 est,
1109 675 1138 695 vt
1153 668 1237 702 aliqui
1251 676 1279 693 ea
1294 667 1358 693 salu·
1423 667 1497 694 testes
1519 676 1631 701 quorum
1653 670 1831 696 testimonium
1850 669 2017 703 reprobatum
2042 668 2079 695 est
2093 667 2162 702 quai'i
2176 676 2206 693 eii
2220 667 2285 693 falso
2299 668 2371 696 testi'

326 715 359 740 tis
374 715 431 739 suae
445 710 580 744 impendio
593 707 674 734 testati
687 706 742 732 sint.
835 705 906 731 Idem
920 714 942 738 3,
959 714 971 731 2
984 711 1034 730 ext.
1046 713 1056 730 1
1082 704 1137 736 Qii
1150 704 1255 730 suorum
1271 711 1299 728 ac
1315 703 1359 728 sua
1388 711 1415 737 ις
1424 703 1493 729 inter
1507 703 1616 730 infames
1629 703 1775 731 habeantur
1791 705 1800 730 ζ
1906 704 2009 738 leian.
2022 704 2049 730 in
2069 703 2086 730 l.
2101 703 2185 730 Moris
2199 703 2235 729 est
2253 701 2276 739 §
2291 712 2301 729 1
2335 703 2372 732 861

327 748 404 775 caede
417 746 502 773 testari
519 744 618 774 voluit,
636 744 660 768 se
696 755 738 761 -—
773 741 898 767 maluisse.
1012 740 1079 767 Plin.
1092 741 1138 774 Ep.
1152 748 1174 771 3,
1188 747 1212 774 7,
1225 748 1250 770 {4
1270 738 1358 764 Relin-
1422 739 1458 764 ita
1472 738 1604 771 interdici,
1618 749 1649 765 ne
1661 741 1830 767 instrumenta
1844 739 1954 766 omnino
1974 739 2105 770 foi-ment,
2123 747 2190 764 neue
2208 738 2311 764 libellos
2333 748 2370 766 c

327 792 436 818 quamus
446 779 556 814 aliquid,
571 786 625 813 quo
637 786 685 803 iios
698 774 787 803 vixisse
801 777 933 802 testemur.
1147 773 1168 812 q
1190 783 1205 800 2
1242 773 1358 803 Testari,
1421 779 1474 805 ant,
1487 773 1528 800 vel
1543 774 1688 801 testationes
1700 775 1857 809 consignent.
1960 774 2108 801 Huiusmodi
2129 781 2207 800 autem
2229 774 2370 804 testatione·

330 817 424 850 Testem
441 820 561 842 inuocare.
616 814 671 840 Cic.
683 813 734 844 Qi.
749 812 831 838 Fratr.
846 821 866 845 1,
879 820 895 838 2
915 810 962 837 Sed
976 809 1055 836 testor
1066 819 1155 836 omnes
1170 810 1240 841 deos,
1253 817 1295 834 me
1309 808 1356 834 hac
1422 819 1470 835 non
1483 818 1498 834 a
1508 810 1621 845 personis
1628 811 1745 845 publicis,
1758 811 1786 837 id
1797 809 1838 844 <sta
1854 809 1987 837 tabulariis
1994 810 2038 845 stu
2050 809 2289 845 tabellionibus,sed
2304 819 2320 835 a
2334 804 2374 846 1:35

325 861 376 880 viia
388 860 453 878 voce
466 860 480 876 a
494 856 578 876 morte
591 850 639 875 efl'e
653 844 812 874 re‘uocatum.
918 847 986 872 Ter.
1002 846 1067 872 Hec.
1081 854 1104 878 3,
1116 855 1136 875 ς,
1151 848 1181 871 26
1199 845 1292 878 Neque
1305 844 1357 869 cul·
1420 844 1556 871 hominibus
1563 844 1735 881 signabantur.
1837 846 1894 871 Cic.
1908 855 1956 878 pro
1970 846 2063 879 Qiint.
2076 853 2107 877 23
2135 845 2241 870 Amicos
2275 859 2326 865 --
2352 840 2374 852 ³

324 897 357 923 pa
371 887 420 913 hoc
435 886 546 912 euenisse
558 884 688 910 dissidium
701 891 772 916 inea,
793 882 820 909 id
834 882 914 909 testor
927 881 997 907 deos.
1101 881 1201 907 Testor
1214 881 1274 906 deos
1288 878 1358 904 deas·
1367 895 1402 913 20
1420 886 1471 914 gat,
1485 886 1513 906 vt
1524 879 1555 906 ad
1568 881 1681 907 tabulam
1694 882 1808 907 Sextiam
1822 881 1869 907 fibi
1882 880 1961 907 adfint
1997 895 2041 900 --
2075 880 2248 907 Testificatur
2259 879 2314 912 iste,
2331 881 2347 907 P
2356 881 2379 912 ⁸3¹,
2422 876 2432 888 '

325 931 377 957 que
391 921 561 953 immortales,
572 919 718 952 vestrasque
734 918 848 944 maxime
861 924 958 944 mentes
976 916 1032 943 Cic.
1045 922 1130 950 anteq.
1146 916 1196 942 iret
1209 916 1238 941 in
1250 914 1310 941 exil.
1321 919 1357 944 28.
1420 915 1487 941 tium
1506 924 1560 941 non
1579 915 1676 949 stitisse,
1697 923 1721 943 et
1740 917 1765 942 se
1783 916 1870 943 stitiffe
1889 916 2073 949 (vadimonium
2086 916 2096 944 )
2111 915 2214 942 tabulae
2232 915 2342 942 maxima
2420 919 2434 941 ⁵

325 959 435 993 Superos
450 956 552 984 testatus
575 954 654 981 Ouid.
668 955 732 980 Met.
744 962 765 985 ε,
777 962 834 986 304.
949 952 1038 978 Sidera
1050 952 1129 979 testor
1160 951 1233 984 Virg.
1251 951 1315 976 Aen.
1329 959 1356 983 9,
1421 950 1561 977 hominum
1576 952 1708 978 nobilium
1721 951 1910 986 consignantur.
2016 951 2084 980 Ibid.
2097 960 2126 982 45
2145 951 2208 977 Eius
2219 950 2260 977 rei
2281 948 2377 977 cond‘s*

322 1003 381 1026 4²9·
475 991 542 1018 Add.
571 990 644 1016 Idem
656 998 677 1021 2,
693 997 745 1022 154.
780 989 823 1015 vbi
836 988 904 1024 conf.
919 988 992 1015 Seru.
1099 987 1171 1013 Plaut
1173 1004 1356 1012 .....
1423 995 1475 1021 que
1486 985 1592 1012 tabellas
1603 986 1805 1021 obsignauerunt
1818 987 1871 1014 viri
1885 987 1949 1013 boni
1965 986 2110 1021 complures
2123 996 2130 1017 3
2165 995 2207 1013 res
2229 995 2258 1012 in
2281 982 2375 1014 dubi

322 1029 395 1063 Ipsus
420 1034 471 1054 tete
489 1035 536 1062 per
556 1026 662 1060 superos
676 1033 767 1050 omncs
780 1024 893 1051 testatur.
998 1022 1073 1056 Virg.
1086 1023 1150 1048 Aen.
1166 1029 1186 1052 3,
1201 1028 1249 1054 599
1265 1022 1313 1047 Per
1326 1019 1354 1046 {i-
1421 1023 1480 1048 nire
1493 1030 1547 1048 non
1560 1022 1650 1056 potest.
1763 1022 1836 1049 Idem
1849 1023 1924 1049 Verr.
1939 1030 1961 1055 ς,
1976 1031 2017 1048 ioi
2042 1021 2090 1048 Iste
2104 1021 2132 1047 in
2145 1021 2253 1048 tabellas
2272 1021 2365 1049 refert'
2381 1024 2386 1030 '

322 1064 385 1090 det-a
399 1063 477 1089 testor
486 1082 495 1095 ‚
529 1062 576 1087 Pei·
590 1062 704 1095 superOS,
716 1066 794 1094 atquc
809 1059 858 1086 hoc
871 1058 936 1085 caeli
948 1058 1070 1094 spirabile
1088 1058 1185 1083 lumen.
1237 1091 1243 1096 ¹
1299 1055 1355 1082 Cic.
1367 1068 1395 1094 23
1424 1057 1504 1092 fignat
1517 1057 1593 1091 signis
1605 1059 1749 1084 amicorum
1763 1058 1904 1093 prouidens
1917 1057 2006 1089 hoino,
2018 1064 2046 1084 vt
2057 1064 2147 1083 contra
2161 1056 2211 1084 hoc
2225 1057 2334 1090 crimen,
2352 1062 2373 1090 ᾖ,

322 1108 372 1134 pro
386 1099 488 1125 Cluent.
503 1105 548 1129 ¹94
585 1097 673 1122 Preces
694 1101 719 1122 et
731 1095 833 1122 nefaria
846 1102 907 1123 vota
921 1094 1108 1128 cognouimus,
1127 1091 1221 1126 quibus
1236 1091 1282 1117 illa
1295 1091 1356 1117 deos
1423 1092 1459 1119 do
1473 1102 1537 1127 opus
1553 1093 1621 1124 esset,
1631 1092 1676 1119 hac
1689 1093 1812 1120 videlicet
1826 1093 2007 1119 testificatione
2019 1099 2144 1119 vteretur.
2236 1094 2274 1119 De
2299 1093 2342 1120 hoc

323 1134 485 1162 immortales
498 1132 529 1158 de
541 1133 588 1158 suo
601 1132 696 1158 scelere
711 1130 825 1157 testatur.
862 1133 880 1157 i.
893 1129 964 1162 testes
971 1129 1059 1165 facit,
1079 1128 1136 1154 dum
1150 1126 1212 1153 illud
1225 1126 1254 1166 ab
1267 1130 1301 1152 iis
1315 1125 1358 1152 ad·
1424 1128 1479 1154 Stil.
1495 1136 1518 1161 ς,
1531 1136 1544 1161 5
1563 1129 1662 1155 Contra
1674 1129 1775 1155 tabulas
1786 1137 1893 1163 quoque
1913 1130 1985 1162 saepe
2009 1128 2126 1161 dietum,
2146 1128 2218 1162 saepe
2245 1127 2336 1154 dicend
2431 1129 2434 1147 Ι

322 1173 406 1196 iuuari
418 1173 493 1205 petit.
513 1178 518 1180 ⁷
600 1167 673 1193 Idem
688 1165 801 1200 Philipp.
814 1175 836 1198 2,
850 1172 878 1196 28
906 1165 975 1192 Vide
988 1173 1020 1190 ne
1033 1164 1077 1190 illa
1091 1164 1162 1189 causa
1176 1163 1259 1188 fssssrlt
1271 1162 1357 1196 &ppel—
1424 1173 1507 1198 quum
1519 1172 1561 1190 eas
1574 1173 1626 1190 non
1640 1165 1722 1191 solum
1736 1164 1832 1197 refelli,
1847 1164 1887 1190 sed
1903 1165 1980 1190 etiam
1993 1164 2117 1196 accusari,
2131 1164 2239 1190 sciamus
2258 1164 2305 1189 effe
2324 1173 2350 1191 v=

321 1205 394 1232 landi
408 1214 449 1231 me
463 1215 468 1230 :
504 1202 575 1239 quod
588 1211 646 1229 cuin
660 1212 716 1230 rem
730 1202 832 1236 gessisset
843 1201 1005 1228 consimilem
1020 1199 1096 1226 rebus
1110 1198 1152 1231 iis,
1165 1206 1226 1232 quas
1239 1197 1293 1231 ipse
1305 1198 1358 1231 ges·
1425 1201 1515 1232 Quini
1530 1199 1559 1225 fit
1573 1206 1658 1226 autem
1670 1200 1698 1226 in
1713 1199 1753 1225 his
1765 1207 1807 1226 aut
1822 1200 1902 1226 scelus
1916 1200 2088 1233 lignatorum‚
2108 1206 2152 1225 aut
2172 1199 2320 1234 ignorantia
2332 1209 2338 1225 z

322 1242 415 1272 seram,
428 1249 468 1266 nie
481 1237 637 1273 potissimum
651 1238 753 1265 testatus
766 1237 819 1270 est,
838 1239 863 1264 se
875 1237 1007 1263 aemulum
1020 1243 1137 1260 mearum
1154 1233 1263 1260 iaudum
1284 1232 1358 1258 exsti·
1373 1246 1406 1270 30
1424 1243 1454 1260 ac
1467 1234 1570 1260 facilius
1583 1235 1609 1260 id
1624 1235 1695 1269 quod
1708 1235 1819 1261 secundo
1834 1236 1893 1261 loco
1907 1234 2020 1261 diximus
2032 1235 2168 1267 tractatur,
2175 1235 2245 1269 quod
2259 1234 2351 1261 scilice

322 1277 387 1303 tiss‘e.
483 1273 605 1306 Testari,
626 1276 779 1300 Denuntiare
792 1292 800 1304 ,
824 1283 853 1300 ac
871 1273 956 1308 palam
976 1269 1088 1296 edicere:
1125 1275 1148 1296 et
1166 1278 1230 1295 nunc
1247 1268 1360 1304 absolute,
1426 1278 1485 1296 ores
1499 1270 1537 1296 rei
1552 1269 1627 1296 fiunt.
1722 1272 1776 1296 Hae
1805 1270 1952 1297 testationes
1986 1270 2104 1296 dicuntur
2135 1278 2207 1296 etiam
2233 1271 2357 1304 Contign

322 1322 389 1338 nime
403 1321 455 1337 cum
468 1309 617 1344 Accusatiuo
629 1308 739 1335 inustum
752 1309 853 1344 legitur.
925 1307 979 1333 Cic.
995 1314 1043 1339 pro
1056 1306 1174 1331 Muraen.
1188 1309 1215 1336 78
1229 1313 1249 1329 c.
1259 1312 1290 1338 37
1305 1304 1359 1337 Ego
1425 1305 1555 1338 Qiinffll.
1570 1314 1607 1337 iz,
1619 1311 1632 1334 8
1657 1305 1779 1340 Optimus
1791 1305 1825 1331 est
1839 1306 1866 1332 in
1880 1305 1990 1332 dicendo
2003 1311 2127 1340 patronus
2143 1304 2300 1332 incredulus.
2351 1310 2355 1329 ¹.
2429 1303 2434 1324 ἱ

323 1347 394 1380 quod
409 1346 487 1376 facio,
502 1351 546 1370 cic.
565 1353 607 1370 me
622 1344 742 1370 omnium
755 1342 870 1370 vestrum
888 1343 961 1368 causa
976 1341 1060 1367 facere
1074 1340 1158 1366 clamo
1176 1345 1252 1373 atque
1268 1338 1356 1366 testor.
1424 1341 1457 1366 tit
1472 1340 1543 1367 enim
1557 1341 1676 1374 litigator
1690 1342 1789 1371 omnia,
1802 1341 1892 1367 testem
1906 1342 2046 1376 populum,
2058 1340 2224 1374 paratiffimas
2242 1339 2357 1375 configit·

322 1383 395 1410 Idem
411 1380 524 1414 Philipp.
542 1389 553 1410 7
568 1388 590 1405 c.
605 1386 621 1412 7
656 1377 790 1411 Monebo,
802 1378 970 1412 praedicabo,
985 1375 1157 1407 denuntiabo,
1169 1374 1283 1401 testabor
1296 1375 1360 1400 sem-
1423 1375 1510 1410 ipsuiii
1542 1375 1656 1410 denique
1686 1376 1865 1403 aduersarium
1886 1376 2013 1410 quaedam
2036 1385 2090 1402 non
2108 1382 2272 1410 negaturum.
2344 1372 2355 1400 ⁷¹

322 1427 370 1453 per
385 1417 446 1443 deos
460 1415 633 1448 hominesque
647 1413 710 1448 quid
725 1414 841 1440 sentiam.
897 1413 1066 1439 Voluntatem
1086 1412 1157 1438 suani
1173 1411 1270 1443 testari,
1284 1410 1362 1436 eodem
1371 1422 1400 1450 35
1426 1420 1491 1446 opus
1503 1411 1538 1437 est
1551 1411 1651 1437 intueri
1663 1419 1741 1438 omne
1755 1412 1809 1438 litis
1823 1412 2034 1443 instrumentum,
2046 1411 2117 1445 quod
2140 1412 2229 1439 videre
2253 1420 2307 1438 nori
2326 1416 2362 1439 eff*

322 1453 443 1490 refertur.
552 1450 720 1476 Florentinus
740 1449 768 1475 in
789 1449 805 1474 l.
827 1449 910 1475 Diuus
924 1447 1059 1473 Traianus
1073 1448 1104 1473 D.
1119 1446 1150 1472 de
1163 1446 1275 1472 militari
1290 1445 1362 1472 testa·
1426 1447 1611 1482 perlegendum
1625 1446 1684 1473 erit.
1777 1443 1954 1480 QiinGtilsm,
1966 1456 1987 1479 3,
2002 1454 2014 1479 ς
2037 1448 2127 1481 Itaque
2146 1455 2207 1473 euni
2226 1456 2272 1473 nec
2284 1448 2340 1474 iniit
2354 1457 2360 1478 j
2375 1465 2376 1468 ,
2428 1438 2432 1456 ¹

323 1495 432 1519 mento,
466 1486 491 1513 Si
510 1494 574 1520 ergo
587 1484 673 1518 miles,
688 1493 732 1511 etc·
753 1484 904 1511 conuocatis
917 1483 947 1509 ad
961 1483 1011 1508 hoc
1023 1481 1186 1514 hominibus,
1200 1490 1227 1508 vt
1243 1482 1362 1507 volunta-
1426 1481 1459 1509 ad
1472 1482 1565 1509 horam
1580 1483 1649 1508 forte
1662 1481 1815 1513 constiterit,
1828 1492 1876 1509 nec
1889 1484 1916 1508 in
1937 1482 2117 1509 testationibus
2140 1483 2266 1508 faciendis
2284 1483 2330 1509 effe
2342 1504 2345 1510 .
2356 1497 2357 1507 .
2370 1499 2376 1506 ..
2415 1462 2422 1517 ἱ

323 1532 378 1552 tem
392 1525 462 1549 suam
478 1521 623 1548 testaretur.
728 1519 905 1554 Tranquillus
918 1518 1007 1545 Claud.
1024 1526 1045 1544 ιι
1064 1517 1106 1544 Ne
1121 1518 1240 1544 Marcum
1253 1516 1362 1551 quidem
1426 1518 1583 1545 tumvelim.
1660 1517 1717 1544 Vid.
1732 1518 1869 1552 Bynkersb.
1883 1518 2053 1554 Ohji‘ruatt.-3,
2067 1525 2104 1548 18.
2139 1519 2243 1553 Alioqui
2261 1519 2311 1545 late
2333 1532 2338 1541 ·
2415 1522 2422 1546 i

324 1560 472 1587 Antonium
487 1557 674 1583 inhonoratum
691 1555 823 1582 transiuit:
859 1555 963 1581 testatus
976 1553 1107 1587 quondam
1121 1562 1167 1587 per
1178 1552 1294 1578 edictum
1308 1557 1362 1578 tan·
1426 1562 1520 1585 nomen,
1533 1551 1690 1589 &fignificat
1701 1553 1822 1589 quidquid
1839 1555 1906 1580 valet
1924 1554 1957 1580 ad
1974 1552 2118 1589 testandum,
2137 1561 2160 1580 et
2177 1554 2247 1585 fidem
2254 1554 2334 1589 faciet
2346 1552 2377 1584 ι’),ῒ
2415 1550 2417 1566 ¹
2432 1554 2433 1558 ’

322 1602 352 1622 to
365 1593 504 1629 impensius
519 1599 606 1627 petere
621 1592 654 1623 se,
669 1597 696 1618 vt
710 1591 822 1617 natalem
836 1591 915 1626 patris
927 1590 967 1616 sui
980 1589 1055 1616 Drusi
1080 1589 1262 1620 celebrarent,
1289 1586 1361 1622 quod
1372 1599 1409 1626 40
1429 1589 1457 1615 de
1475 1598 1521 1624 qua
1539 1592 1676 1624 quaeritur.
1717 1589 1746 1615 V.
1760 1597 1786 1625 g.
1823 1589 1899 1616 Nitet
1913 1588 2007 1615 nostris
2021 1589 2124 1616 testatio
2140 1583 2216 1616 factis
2242 1586 2375 1620 quencssj,1
2428 1589 2430 1597 ¹

322 1630 395 1658 idem
414 1630 473 1655 css'et
494 1634 518 1654 et
538 1628 580 1654 aui
596 1627 634 1653 sui
648 1627 767 1652 Antonii.
870 1626 926 1653 Cic.
940 1634 988 1660 pro
1003 1625 1086 1652 Flacc.
1099 1634 1121 1651 c.
1138 1626 1167 1650 16
1185 1624 1363 1655 Vociferarer,
1428 1633 1449 1655 2,
1464 1628 1522 1659 675.
1627 1625 1658 1650 In
1669 1623 1832 1651 testationem
1845 1624 1964 1658 redigere
1983 1624 2102 1651 Tertull.
2115 1624 2173 1651 adu.
2188 1626 2268 1652 Marc.
2281 1636 2303 1657 4,
2316 1632 2340 1652 21

322 1671 349 1693 et
363 1669 487 1700 quantuni
500 1663 616 1689 maxime
631 1662 736 1695 possem,
750 1661 952 1692 contenderem,
967 1660 1073 1687 testarer
1087 1659 1254 1694 publicanos,
1268 1659 1363 1685 excita·
1427 1660 1501 1686 Idem
1524 1659 1556 1686 de
1576 1659 1678 1686 Poenit.
1702 1669 1723 1687 c.
1750 1667 1776 1694 7.
1813 1667 1838 1686 et
1857 1660 1889 1687 de
1903 1661 1998 1687 Anima
2009 1669 2032 1686 c.
2047 1668 2079 1691 17.
2172 1660 2239 1687 Add.
2259 1661 2277 1687 l.
2293 1671 2308 1694 9
2322 1655 2346 1697 §
2396 1651 2411 1719 b
2426 1651 2434 1687 ,²

323 1710 381 1729 rein
395 1699 569 1734 negotiatores
586 1708 591 1724 ς
628 1696 738 1723 vestram
751 1697 831 1723 etiam
843 1697 1026 1723 conscientiam
1047 1695 1227 1729 implorarem.
1297 1694 1362 1720 Vni·
1427 1696 1530 1729 poenis.
1568 1696 1648 1721 Notat
1662 1697 1735 1721 etiam
1748 1695 1970 1727 denunciationem,
1988 1704 2048 1731 quae
2079 1702 2090 1721 t
2102 1696 2253 1731 interpcfitis
2266 1694 2342 1728 testib
2433 1700 2434 1705 ¹

323 1737 413 1763 versos
435 1735 482 1761 ess‘c
502 1742 574 1768 pares
598 1732 698 1765 aiebat,
718 1732 845 1765 dispersos
868 1732 1007 1758 testabatur
1026 1732 1157 1765 perituros
1177 1730 1245 1763 Nep.
1262 1737 1285 1759 2,
1297 1738 1324 1761 4,
1338 1737 1360 1754 2.
1445 1750 1452 1756 .
1467 1739 1496 1756 ιο
1510 1730 1537 1755 ff.
1552 1729 1584 1755 de
1597 1730 1694 1756 admin.
1709 1737 1734 1755 et
1748 1731 1827 1764 peric.
1842 1736 1890 1758 tut.
1996 1731 2045 1757 Con
2064 1751 2070 1757 .
2090 1731 2201 1758 Modest.
2218 1731 2235 1758 l.
2254 1741 2266 1759 2
2285 1731 2311 1759 ff.
2332 1736 2344 1755 ⁴1·
2419 1731 2425 1740 '¹

322 1772 379 1798 Cic.
394 1779 442 1805 pro
456 1770 518 1796 Sull.
532 1771 568 1803 64
607 1768 780 1802 Implorarem
808 1768 892 1793 sensus
924 1766 1031 1802 vestros³
1051 1765 1255 1798 vniuecuiusque
1274 1763 1359 1790 indul·
1368 1768 1402 1795 45
1447 1765 1540 1791 lorent.
1555 1765 1572 1790 l.
1588 1773 1622 1796 24
1634 1765 1658 1791 ff.
1675 1765 1721 1798 qui
1735 1767 1833 1794 testam.
1846 1766 1894 1794 fac.
1907 1767 1968 1801 poff.
2332 1762 2335 1765 ¹
2366 1771 2378 1798 ρ

322 1808 438 1842 gentiam
453 1805 479 1832 in
494 1806 553 1831 suos
567 1803 682 1830 testarer.
787 1803 890 1837 leian.
905 1802 933 1828 in
948 1802 965 1828 l.
980 1802 1029 1827 Pro
1043 1800 1138 1830 herede
1153 1800 1180 1826 in
1193 1800 1275 1834 princ.
1289 1799 1361 1826 D.de
1463 1806 1509 1827 TE
1519 1806 1532 1826 s
1542 1801 1676 1832 ΤᾸΤοκ,
1690 1801 1754 1827 oris.
1773 1810 1809 1828 m.
1845 1803 1896 1836 Qui
1907 1801 2073 1836 testamentum
2085 1803 2177 1828 condit.
2214 1801 2319 1836 leian.
2344 1817 2345 1820 =

323 1840 482 1876 acquirenda
501 1839 661 1871 hereditate,
697 1838 838 1864 Caeterum
855 1837 873 1864 fi
895 1837 958 1872 quid
978 1837 1099 1871 pietatis,
1118 1836 1135 1862 fi
1152 1835 1215 1870 quid
1227 1835 1359 1861 ellstOdiae
1426 1844 1467 1863 res
1481 1835 1509 1861 in
1527 1835 1608 1870 princ.
1623 1836 1655 1861 D.
1668 1835 1699 1861 de
1713 1835 1762 1870 leg.
1777 1846 1787 1863 i
1824 1837 1939 1870 Constat,
1953 1846 2009 1864 rein
2022 1837 2062 1863 ibi
2077 1838 2124 1863 effe
2137 1837 2323 1872 praestandam,
2338 1830 2370 1864 sss'f‘

323 1879 396 1906 causa
408 1877 486 1906 fecit,
502 1876 520 1902 fi
531 1874 595 1909 quid
610 1883 663 1900 non
677 1873 746 1907 quali
761 1873 835 1899 heres
850 1873 916 1906 egit,
938 1872 980 1899 scd
994 1872 1063 1906 quasi
1077 1871 1130 1897 alio
1151 1871 1209 1897 iure
1224 1870 1360 1896 dominus:
1427 1871 1486 1902 ὡς
1522 1871 1569 1896 nifi
1582 1870 1645 1896 alibi
1661 1871 1766 1898 testator
1780 1872 1903 1900 volucrit.
1972 1873 2043 1899 Nam
2056 1872 2074 1899 fi
2088 1872 2154 1900 alibi
2168 1873 2262 1904 voluit,
2277 1873 2316 1900 ibi
2337 1886 2360 1901 *t
2374 1890 2378 1895 -

323 1919 445 1948 apparet,
465 1920 520 1937 non
539 1910 625 1937 videri
646 1917 694 1943 pro
714 1908 809 1934 herede
823 1909 924 1942 gestisse.
960 1913 986 1934 et
999 1907 1061 1933 ideo
1074 1906 1157 1932 solent
1171 1905 1258 1932 tessari
1269 1904 1360 1936 liberi,
1427 1906 1459 1933 da
1477 1905 1521 1937 est,
1541 1905 1590 1932 vbi
1611 1906 1719 1932 testator
1737 1907 1833 1935 voluit.
1938 1908 2012 1944 Conf.
2024 1908 2041 1934 Ι.
2057 1916 2070 1939 3
2083 1906 2131 1944 §.3
2144 1908 2171 1935 ff.
2186 1908 2217 1935 de
2231 1909 2326 1936 admin.
2337 1896 2378 1936 e..

323 1949 370 1983 qui
384 1946 516 1974 necessarii
528 1945 650 1975 existunt,
669 1952 723 1968 non
735 1943 824 1968 animo
837 1943 942 1969 heredis
957 1943 983 1968 se
996 1949 1087 1975 gerere
1102 1949 1168 1974 quae
1182 1945 1291 1973 gerunt:
1317 1940 1360 1965 sed
1370 1945 1402 1972 50
1427 1946 1476 1967 tut.
1570 1941 1688 1967 Laetam.
1701 1951 1713 1973 4
1722 1961 1730 1974 ,
1743 1951 1783 1969 20.
2344 1938 2367 1961 st!
2429 1931 2434 1946 ⁴

323 1991 368 2011 aut
381 1982 494 2018 pietatiS,
508 1985 552 2006 aut
566 1978 696 2005 custodiae
709 1978 789 2008 causa,
802 1983 846 2003 aut
857 1985 906 2010 pro
921 1978 977 2002 suo.
1044 1975 1076 2002 Id
1087 1974 1157 2002 hodie
1169 1975 1265 2001 malunt
1283 1974 1363 2000 dicere
1461 1981 1508 2002 TE
1517 1982 1530 2002 s
1539 1977 1586 2001 ΤᾸ
1595 1981 1643 2002 TR
1653 1984 1662 2002 1
1673 1982 1705 2008 x,
1717 1977 1773 2005 icis.
1791 1978 1811 2005 f.
1846 1979 1914 2014 Qut
1927 1976 2092 2012 testamentum
2105 1980 2198 2007 condit.
2232 1979 2334 2007 Paullus
2343 1978 2382 2007 iii
2432 1970 2434 1987 l

321 2018 469 2054 protestari.
665 2010 685 2049 fl
706 2020 718 2044 3
756 2013 832 2043 Hinc,
847 2019 871 2038 et
884 2011 949 2048 quod
955 2010 1051 2047 publice
1065 2013 1092 2037 in
1109 2013 1218 2037 comitiis
1241 2009 1362 2036 testaren-
1425 2010 1471 2038 tia.
1485 2010 1514 2036 in
1526 2011 1608 2045 princ.
1626 2012 1658 2038 D.
1672 2011 1703 2037 de
1716 2012 1806 2047 legatie
1821 2014 1948 2047 secundo,
1984 2017 2075 2049 Qium
2087 2016 2159 2042 Seius
2172 2015 2235 2042 viua
2250 2013 2368 2043 testatric
2380 2008 2382 2019 ¹

321 2062 365 2082 tur
380 2062 403 2080 ec
413 2052 613 2088 proclamarent,
634 2057 701 2084 quem
714 2046 765 2081 fibi
776 2047 884 2074 heredem
903 2047 945 2081 effi
958 2047 1062 2078 vellent,
1082 2045 1208 2072 interdum
1213 2044 1363 2081 simpliciter
1427 2055 1484 2073 rani
1498 2046 1697 2073 frumentariam
1711 2056 1742 2074 ex
1757 2049 1832 2075 causa
1844 2049 1972 2077 lucratiua
1991 2050 2088 2078 habere
2108 2052 2232 2086 coeperit.
2336 2051 2360 2077 1

322 2089 440 2122 Testari,
454 2086 487 2120 est
499 2084 678 2119 Testamentum
686 2082 783 2119 facere.
819 2083 878 2109 Liu.
895 2091 914 2115 ι,
926 2092 957 2115 34
980 2082 1036 2116 Qui
1051 2091 1109 2107 cum
1123 2082 1246 2116 ignorans
1265 2088 1361 2120 nurum
1427 2081 1483 2114 Qii
1498 2081 1605 2107 vltitnus
1618 2102 1627 2114 ,
1663 2083 1766 2110 Paullus
1786 2084 1939 2120 respondit:
1975 2087 2131 2114 testati-icem
2143 2086 2229 2115 videri
2240 2087 2269 2112 in
2281 2095 2313 2113 eo
2325 2085 2360 2113 {id
2380 2086 2382 2091 ’

323 2132 443 2152 ventrem
457 2124 536 2153 ferre,
549 2122 691 2148 inimemor
704 2119 732 2144 in
745 2118 861 2146 testando
874 2118 976 2153 nepotis
988 2116 1130 2149 deceffiffet‚
1146 2125 1227 2151 puero
1241 2116 1296 2150 post
1316 2124 1362 2142 aui
1371 2124 1399 2151 ςς
1427 2117 1502 2143 miffo
1514 2117 1579 2142 duos
1592 2117 1685 2151 gradus
1697 2119 1891 2146 substitutionis
1903 2121 1998 2148 feciffe.
2114 2122 2236 2150 Scaeuola
2248 2122 2276 2148 in
2288 2122 2306 2148 1.
2323 2123 2373 2148 Pat
2394 2137 2397 2144 ι

323 2168 437 2188 mortem
452 2159 480 2185 in
494 2158 595 2184 nullam
607 2156 702 2182 sortem
716 2154 849 2183 bonorum
870 2161 942 2186 nato,
953 2152 992 2193 ¹ab
1012 2153 1103 2187 inopia
1128 2152 1222 2192 Egerio
1246 2151 1363 2178 inditum
1429 2160 1474 2178 um
1487 2150 1510 2188 §.
1527 2152 1685 2184 Qiindecim
1705 2154 1736 2180 D.
1756 2153 1788 2180 de
1807 2155 1897 2189 legatia
1917 2157 2010 2188 tertio,
2047 2157 2151 2189 Qiibus
2174 2158 2325 2192 permiserat
2344 2156 2391 2183 tellvs
2431 2135 2434 2162 i

322 2205 428 2224 nomen,
524 2195 596 2221 Plene
610 2193 704 2217 locutus
716 2188 749 2222 est
769 2190 936 2217 florentinus
951 2198 978 2215 in
993 2189 1010 2215 l.
1027 2189 1111 2215 Diuus
1124 2189 1258 2215 Traianus
1278 2187 1309 2213 D.
1331 2186 1363 2212 de
1429 2187 1585 2214 venundari.
1690 2189 1795 2224 leian.
1809 2190 1867 2217 in.l.
1881 2192 1991 2218 Iuniano
2004 2193 2036 2219 D,
2049 2192 2107 2219 eod,
2123 2192 2163 2219 tit.
2192 2192 2218 2218 Si
2230 2193 2311 2218 modo
2324 2191 2372 2221 hot
2402 2194 2404 2197 ·
2433 2193 2434 2198 ¹

322 2233 402 2260 milit.
417 2231 514 2258 testam.
551 2228 578 2255 id
594 2225 774 2262 priuilegium,
782 2225 854 2260 quod
863 2224 1038 2252 militantibus
1051 2223 1140 2250 datum
1155 2223 1198 2254 est,
1207 2229 1235 2250 vt
1243 2231 1363 2257 quoquo·
1429 2223 1555 2250 testatrix.
1648 2223 1721 2260 Cous.
1736 2225 1796 2260 Dig.
1811 2229 1843 2252 26
1858 2232 1875 2252 t.
1890 2236 1902 2257 5
1917 2227 1934 2253 l.
1946 2236 1971 2253 2i
1983 2225 2005 2263 §.
2019 2235 2038 2254 i.
2089 2235 2122 2259 29
2134 2232 2153 2254 t.
2168 2237 2179 2254 ι
2193 2227 2211 2254 Ι.
2223 2232 2263 2259 98.
2300 2236 2326 2259 33
2341 2234 2377 2260 t.7

322 2268 403 2296 modo
418 2266 485 2294 fac‘ta
499 2265 530 2292 ab
545 2264 584 2290 his
601 2262 750 2289 testamenta
762 2267 817 2288 rata
832 2261 889 2294 tint,
903 2260 934 2287 fic
950 2260 1064 2294 intelligi
1078 2259 1164 2291 debet,
1177 2266 1222 2285 etc.
1260 2259 1286 2284 Si
1299 2266 1362 2292 ergo
1465 2265 1487 2286 T
1497 2265 1513 2285 E
1523 2265 1537 2285 s
1549 2265 1600 2285 ΤΑ
1610 2264 1632 2285 Τ
1644 2265 1673 2286 0.
1695 2260 1762 2286 Adu.
1799 2261 1885 2288 Coram
1913 2260 2021 2295 testibus.
2055 2262 2156 2289 Literas
2173 2262 2265 2288 testato
2281 2261 2379 2296 descrip
2410 2279 2411 2282 =
2427 2261 2430 2264 ’

323 2304 408 2334 miles,
422 2302 453 2329 de
468 2302 541 2327 cuius
556 2298 632 2326 bonis
644 2296 711 2331 apud
725 2303 750 2322 te
765 2297 908 2330 quaeritur,
921 2296 1072 2323 conuocatis
1085 2294 1116 2320 ad
1130 2295 1179 2321 hoc
1200 2293 1364 2326 hominibus,
1374 2301 1410 2326 60
1429 2294 1508 2328 Apul.
1522 2294 1599 2328 Apol.
1612 2303 1636 2327 p.
1649 2302 1699 2327 3²4·
1801 2296 1862 2331 le.
1875 2297 1903 2323 in
1915 2298 1931 2323 1.
1946 2298 1972 2324 Si
1984 2303 2182 2332 procuratorem
2197 2295 2220 2335 ᾗ.
2233 2298 2258 2324 Si
2268 2297 2382 2330 ignorant

322 2346 352 2366 vt
365 2339 528 2366 voluntatem
542 2336 612 2362 suam
633 2333 778 2365 testaretur,
793 2333 830 2359 ita
844 2333 948 2359 locutus
962 2331 1007 2364 est,
1020 2336 1048 2360 vt
1061 2330 1203 2358 declararet
1217 2338 1294 2365 quem
1310 2329 1363 2357 vel·
1428 2329 1555 2360 Mandati,
1568 2329 1610 2356 vel
1622 2337 1728 2363 contra,
1746 2330 1795 2357 Sed
1816 2337 1842 2358 et
1865 2332 1882 2358 fi
1904 2332 1995 2359 testato
2016 2339 2196 2362 conuenerunt
2218 2331 2378 2366 debitorem,
2421 2347 2423 2349 ·

322 2376 359 2402 let
373 2375 419 2401 fibi
436 2372 559 2399 heredem
573 2370 629 2402 effe,
643 2375 689 2395 etc.
821 2389 824 2392 .
1429 2365 1484 2399 ipse
1497 2370 1607 2399 putaret,
1622 2365 1771 2399 appellaret,
1780 2373 1824 2392 etc.
1929 2367 2090 2394 Denuntiare
2102 2368 2182 2394 alicui
2195 2367 2286 2394 testato
2296 2374 2384 2403 praem
2408 2393 2413 2397 ,,

362 2416 384 2437 Τ
396 2417 431 2436 ES
442 2414 553 2437 TANS,
562 2413 608 2441 pro
626 2402 760 2437 Testatore.
796 2403 858 2436 le.
873 2402 901 2428 in
915 2402 932 2427 l.
947 2402 1017 2428 Cum
1028 2410 1069 2428 res
1087 2399 1111 2438 ᾗ.
1134 2400 1176 2427 sed
1189 2400 1206 2427 fi
1220 2400 1248 2427 id
1262 2404 1364 2435 petatur
1430 2401 1538 2435 leian.
1550 2401 1578 2427 in
1591 2401 1608 2427 l.
1624 2409 1633 2426 i
1647 2400 1759 2437 §.Licet
1771 2408 1858 2428 autem
1872 2402 1904 2429 D.
1917 2402 1948 2428 de
1963 2402 2081 2436 periculo
2097 2408 2123 2429 et
2135 2403 2231 2429 ration.
2245 2402 2282 2429 rei
2293 2410 2322 2430 ve
2350 2420 2358 2430 .
2393 2393 2407 2425 θ’
2423 2400 2425 2404 '

325 2448 359 2474 D.
369 2446 400 2472 de
413 2445 461 2478 leg.
478 2452 486 2470 ι
507 2441 565 2469 Nisi
579 2441 628 2466 alia
642 2447 714 2465 inens
727 2437 808 2476 fuerit
821 2436 943 2462 testantis.
1039 2437 1086 2462 Sed
1098 2443 1121 2462 et
1140 2437 1307 2474 Calumniam
1327 2441 1363 2461 te·
1430 2436 1542 2463 Testato
1561 2442 1586 2462 et
1606 2436 1729 2463 Intessato
1759 2436 1897 2469 decedere,
1915 2441 2059 2470 contraria,
2089 2440 2108 2464 i.
2127 2437 2265 2472 testamento
2287 2431 2381 2464 affine!

325 2482 406 2508 stante
426 2480 515 2506 animo
535 2478 582 2503 suo
603 2476 673 2501 ferre
687 2473 718 2498 de
729 2472 836 2511 aliquo,
857 2474 874 2496 i·
892 2470 1010 2495 damnare
1021 2470 1089 2495 illum
1097 2470 1144 2505 suo
1155 2470 1247 2496 iudicio
1266 2471 1322 2508 Cic.
1334 2470 1363 2494 in
1377 2478 1411 2509 65
1423 2470 1500 2506 saffo
1519 2472 1622 2497 Paullus
1635 2472 1664 2498 in
1677 2472 1796 2499 fraudem
1808 2471 1832 2509 §.
1845 2481 1861 2499 2
1874 2474 1906 2500 D.
1921 2472 1953 2499 de
1966 2474 2024 2499 iure
2037 2471 2100 2501 fisci.
2168 2477 2199 2501 it.
2211 2473 2229 2501 l.
2240 2482 2253 2506 7
2280 2491 2286 2500 .
2302 2468 2332 2499 de
2345 2467 2384 2498 diu
2403 2486 2412 2496 .

327 2516 388 2544 Sall,
402 2525 423 2542 c,
439 2524 457 2541 1.
553 2509 692 2537 Testantia
705 2508 795 2533 Litora
809 2514 882 2532 curas
902 2506 1050 2539 Propert.3‚
1063 2506 1088 2536 6,
1103 2512 1146 2530 20.
1238 2504 1364 2536 Stigmata
1429 2513 1484 2537 reg.
1499 2505 1554 2531 Iur.
2233 2506 2237 2511 “’

325 2552 458 2585 ingratum
472 2546 601 2581 hospitem
615 2542 732 2571 testantia
751 2542 808 2567 Sen.
824 2541 856 2567 de
870 2540 956 2567 Benef.
973 2549 1002 2573 4,
1016 2547 1054 2574 37.
1158 2536 1247 2565 Verba
1265 2546 1312 2563 nos
1325 2543 1360 2563 te-
1466 2544 1533 2564 TEs
1542 2544 1594 2564 ΤΑ
1603 2539 1637 2565 Bi
1646 2545 1682 2564 Li
1696 2545 1709 2565 s
1719 2559 1728 2572 ,
1747 2549 1770 2567 e.
1789 2542 1849 2568 Adi.
1885 2544 1936 2576 ‚Qii
1948 2547 1988 2570 ius
2002 2543 2073 2570 habet
2085 2543 2218 2576 testimonii
2225 2539 2356 2578 praebendi·
2380 2542 2384 2560 ι

326 2588 420 2615 stantia
433 2589 519 2619 gratos
545 2580 624 2608 Ouid.
638 2580 701 2606 Met.
715 2587 749 2609 14,
765 2586 817 2617 30'7.
1236 2607 1243 2613 ·
1428 2576 1453 2604 6,
1466 2581 1480 2605 7
1499 2573 1652 2599 Tarsatiam
1666 2575 1797 2608 virginem
1812 2575 1903 2601 Vestae
1916 2578 2008 2608 ruisse,
2026 2578 2068 2603 lex
2083 2579 2195 2604 Horatia
2208 2579 2278 2604 testis
2290 2575 2391 2609 est,qua

365 2629 387 2649 Τ
398 2628 414 2648 E
425 2627 439 2647 s
451 2626 472 2646 Τ
483 2626 504 2646 Α
513 2624 533 2643 Τ
542 2624 562 2643 v
572 2624 584 2643 s
593 2635 600 2647 ‚
614 2624 644 2648 a,
657 2624 710 2641 uni.
731 2613 821 2638 Partic.
833 2611 892 2638 Pais.
928 2610 1176 2645 [μεμαρτυρημένος]
1211 2609 1267 2648 Cic.
1281 2607 1360 2634 Verr.
1424 2616 1471 2642 per
1497 2616 1526 2647 ea
1548 2607 1579 2634 ad
1603 2609 1731 2643 populum
1757 2610 1824 2642 lata,
1845 2619 1895 2644 qua
1918 2612 1974 2645 lege
1988 2612 2013 2637 ei
2033 2611 2142 2645 plurimi
2161 2612 2275 2637 honores
2291 2610 2370 2643 fiunt,

479 2652 559 2687 Qiod
574 2651 635 2686 quia
648 2648 738 2678 vidisti
751 2648 838 2683 plui-es
852 2647 927 2681 scire,
942 2646 1068 2680 cogitasti,
1082 2645 1099 2670 si
1113 2646 1139 2671 ci
1157 2643 1306 2671 reddidin'es
1315 2662 1323 2675 ‚
1336 2648 1362 2669 te
1377 2657 1414 2684 70
1427 2652 1492 2678 quos
1504 2652 1544 2669 ius
1557 2652 1664 2678 quoque
1680 2645 1824 2672 testimonii
1838 2646 1941 2672 dicendi
1954 2644 2262 2681 tribtiitiir,testabilisque
2276 2654 2327 2672 vna
2341 2651 2395 2672 ow·

326 2667 413 2721 giinus
427 2675 547 2718 i'nuidiae
561 2687 713 2714 habiturum
727 2694 733 2710 ι
769 2692 825 2710 rem
855 2681 1030 2708 nihilominus
1055 2680 1172 2706 testatam
1194 2680 1320 2718 futuram.
1341 2681 1361 2704 i.
1427 2680 1587 2706 feminarum
1602 2685 1630 2707 vt
1643 2679 1682 2713 fit,
1696 2680 1790 2707 datur:
1827 2680 1854 2706 id
1877 2681 1988 2708 verbum
2002 2682 2036 2708 est
2053 2681 2130 2716 ipsius
2143 2681 2206 2715 legis
2222 2681 2358 2709 Horatiae.

328 2731 421 2756 Natam
432 2733 457 2753 et
470 2729 624 2759 compertam.
729 2719 784 2746 Cic.
793 2720 939 2750 Verr.4(2)
949 2726 960 2742 Ξ
969 2726 990 2743 c·
998 2719 1032 2751 76
1053 2717 1086 2742 Vt
1101 2724 1233 2754 res-quam
1245 2722 1360 2740 maxime
1465 2720 1487 2741 'r
1500 2721 1516 2741 E
1525 2722 1537 2741 s
1549 2721 1571 2741 Τ
1580 2717 1597 2741 Ᾰ
1606 2722 1630 2740 Μ
1640 2721 1656 2740 Ε
1666 2722 1699 2747 Ν,
1710 2716 1770 2745 inii.
1789 2725 1815 2742 n.
1855 2715 2037 2750 Testimonium.
2074 2717 2192 2745 Tertull.
2205 2718 2293 2744 Carm.
2306 2716 2365 2743 adu.
2376 2716 2386 2743 i
2430 2727 2432 2734 ν

326 2765 395 2791 clara
408 2768 484 2796 atque
497 2759 584 2785 testata
597 2757 645 2783 ess‘e
659 2755 748 2790 poss‘et,
760 2754 789 2780 in
803 2753 842 2779 ius
865 2752 896 2779 ad
918 2752 1055 2778 Metellum
1076 2751 1258 2784 Carpinatium
1286 2758 1364 2780 voce,
1424 2758 1451 2783 4,
1463 2758 1481 2782 4
1507 2751 1565 2775 Hoc
1579 2749 1701 2776 testamen
1714 2757 1769 2778 erat
1782 2752 1898 2778 virtutis.
2431 2768 2434 2782 ⁴

327 2799 479 2832 tabulasque
496 2793 623 2822 societatis
636 2792 664 2818 in
676 2791 766 2818 forum
780 2789 880 2815 defero.
995 2787 1068 2813 Iouis
1100 2786 1219 2812 testatum
1245 2785 1363 2811 Dedecus
1465 2790 1487 2810 T
1496 2791 1512 2811 Ε
1520 2790 1532 2810 s
1540 2791 1561 2810 'r
1571 2792 1592 2811 Α
1601 2792 1625 2811 Μ
1634 2792 1649 2811 Ε
1661 2791 1682 2810 Ν
1693 2792 1714 2810 Τ
1724 2793 1743 2810 v
1752 2793 1788 2818 M,
1796 2787 1816 2813 i.
1828 2795 1855 2813 n.
1881 2785 2011 2821 [διαθήκη]
2046 2788 2162 2814 Extrema
2168 2788 2294 2820 volumus,
2305 2796 2373 2823 quam
2384 2802 2386 2805 ,

328 2834 410 2863 Ouid,
424 2834 487 2860 Met,
502 2840 525 2863 ρ,
537 2838 588 2862 473.
695 2826 818 2852 Abiiccre
832 2833 888 2850 rem
900 2822 1018 2850 testatam
1045 2822 1100 2848 Cic.
1119 2830 1168 2862 pro
1190 2821 1310 2861 Muraen.
1323 2828 1364 2853 45.
1379 2828 1410 2858 75
1429 2821 1535 2849 Romani
1549 2820 1679 2852 testando,
1696 2821 1725 2846 id
1735 2820 1769 2854 ‘st
1781 2822 1920 2848 adamando
1933 2822 1965 2848 ad
1979 2821 2139 2854 testimonium
2148 2825 2253 2858 populo,
2272 2813 2403 2850 declara*

329 2873 413 2898 Amor
426 2868 529 2895 testatus
541 2863 639 2900 populo
659 2862 740 2889 Ouid.
754 2860 840 2887 Trist.
857 2869 879 2892 3,
891 2861 918 2898 β,
934 2867 954 2891 ς.
1048 2856 1106 2884 Nisi
1121 2857 1167 2883 issa
1180 2858 1291 2883 Pecunia
1310 2864 1366 2889 gra·
1432 2859 1549 2882 comitiis.
1621 2856 1725 2890 leian.
1745 2857 1774 2883 in
1787 2857 1804 2884 l.
1817 2867 1824 2883 i
1839 2858 1893 2891 Qu
1908 2858 2086 2884 testamentum
2108 2858 2156 2885 fac.
2171 2859 2232 2892 poss.
2268 2858 2382 2885 Testam

328 2905 437 2934 viss'imis
451 2904 509 2930 esset
524 2899 719 2932 certissimisque
733 2900 911 2923 monumentis
925 2894 1014 2920 testata
1028 2893 1164 2919 Cic.Fam.
1174 2901 1250 2932 5,20..
1307 2892 1368 2918 Pro·
1432 2891 1468 2918 est
1483 2891 1625 2918 voluntatis
1639 2891 1741 2918 nostrae
1754 2893 1819 2919 iusta
1832 2893 1958 2920 sententia
1973 2894 2005 2920 de
2017 2903 2059 2925 eo,
2071 2893 2142 2928 quod
2156 2893 2211 2928 post
2223 2896 2334 2920 mo'rtein
2345 2891 2362 2920 fi
2384 2892 2386 2894 ’

329 2942 400 2970 bitas
411 2940 498 2966 testata
513 2937 541 2963 in
553 2943 631 2962 omne
644 2940 745 2966 tempus
763 2930 844 2958 Ouid.
860 2939 891 2956 ex
908 2931 981 2956 Pont.
996 2938 1017 2961 3,
1030 2937 1050 2961 1,
1064 2937 1103 2962 93.
1218 2928 1274 2954 Cic.
1290 2928 1368 2952 Verr.
1435 2927 1572 2954 luerimus.
1686 2927 1724 2954 Id.
1740 2928 1767 2954 in
1780 2928 1884 2955 Titulis
1898 2938 1937 2959 20,
1951 2937 1960 2955 ι
1995 2929 2195 2956 Testamentum
2206 2929 2242 2956 est
2260 2929 2357 2961 mentis)
2374 2932 2399 2949 =··

330 2986 348 3005 2
361 2986 382 3002 c,
398 2984 432 3009 42
452 2975 526 3005 Quae
541 2980 599 2997 cuin
613 2971 648 2996 ita
664 2969 750 2999 errent,
765 2973 868 2993 tantane
879 2965 991 2991 amentia
1005 2964 1153 2998 praeditus,
1171 2968 1248 2997 atque
1264 2962 1372 2989 audacia
1436 2963 1502 2990 iusta
1514 2961 1678 2992 contestatio,
1689 2963 1716 2989 in
1729 2964 1756 2989 id
1771 2964 1932 2990 sollemniter
1946 2964 2055 2997 factum,
2068 2972 2096 2992 vt
2110 2965 2165 2999 post
2181 2971 2294 2992 mortem
2307 2963 2386 2991 nostr¹

331 3011 415 3042 suisti,
428 3016 455 3037 vt
469 3010 496 3034 in
510 3016 537 3034 re
550 3012 601 3032 tam
615 3005 692 3036 clara,
706 3009 758 3029 tarn
772 3002 870 3033 testata,
885 3007 937 3026 tam
950 2999 995 3026 abs
1008 3005 1035 3038 te
1047 3000 1102 3033 ipso
1115 2998 1281 3032 peruulgata,
1298 2998 1372 3024 tabu·
1387 3009 1420 3035 80
1437 2999 1498 3026 leat.
1533 2997 1766 3025 Testamentoruin
1777 3009 1872 3033 genera
1885 3000 1991 3026 fuerunt
2005 3001 2064 3026 tria.
2099 3001 2196 3032 Vnum,
2209 3001 2279 3035 quod
2293 2999 2384 3031 calatil·
2396 3007 2405 3019 ‘v

331 3048 369 3074 las
381 3045 495 3082 publicas
509 3048 677 3075 corrumpere
689 3037 813 3065 audere&
854 3036 881 3062 Si
894 3035 981 3061 testata
988 3035 1041 3060 dici
1050 3034 1211 3060 videbuntur
1229 3034 1267 3060 id.
1280 3034 1307 3060 in
1316 3035 1374 3059 Par·
1438 3034 1484 3061 tiis
1499 3044 1505 3060 ε
1542 3034 1652 3059 alterum
1676 3035 1747 3067 quod
1770 3035 1797 3061 in
1810 3036 1947 3069 procinc‘iu
1963 3046 1968 3061 :
2004 3036 2121 3068 tertium,
2138 3037 2207 3071 quod
2223 3046 2269 3071 per
2281 3044 2322 3062 aes
2333 3038 2356 3062 et
2372 3033 2398 3066 ’,ῖῖ

333 3084 422 3115 tit-32·
435 3083 454 3107 ι’.
465 3077 623 3111 Testimoniis
631 3077 742 3111 firmata.
779 3073 835 3100 Cic.
844 3071 976 3098 Pr.A.iin
984 3070 1098 3109 VcH-48
1119 3069 1250 3095 Postremo
1259 3078 1307 3104 ego
1315 3078 1374 3095 cau-
1440 3070 1486 3102 fit,
1506 3067 1533 3095 id
1545 3068 1594 3099 est,
1613 3077 1658 3101 per
1678 3070 1899 3104 mancipationem
1917 3071 2098 3106 imaginariam
2115 3082 2120 3097 :
2156 3073 2183 3098 in
2203 3080 2256 3106 quo
2274 3071 2332 3099 testa
2348 3068 2411 3094 παῖ’

332 3120 387 3145 sain
395 3116 426 3143 sic
440 3124 513 3150 agani
526 3112 636 3142 Indices,
651 3108 781 3137 eiusmodi
793 3108 887 3140 res‚ita
902 3112 984 3135 notas,
1000 3111 1036 3131 ita
1046 3105 1155 3136 testatas,
1164 3106 1200 3131 ita
1215 3114 1328 3139 magnas,
1337 3104 1372 3131 ita
1440 3105 1546 3138 bripeni
1558 3103 1708 3137 adhibetur,
1721 3112 1746 3132 et
1760 3106 1877 3133 familiae
1892 3112 1985 3137 emtor,
2000 3113 2024 3132 et
2037 3116 2090 3133 non
2103 3107 2189 3134 minus
2205 3116 2281 3141 quam
2301 3106 2342 3141 qu*
2353 3092 2387 3135 {iff-

2394 3114 2396 3124 l

2374 3126 2384 3141 a·

335 3152 483 3182 manifestas
497 3149 640 3185 proferam,
656 3152 684 3173 vt
696 3153 774 3171 nemo
787 3153 801 3171 a
814 3143 890 3170 vobis
904 3147 932 3169 vt
943 3140 1019 3167 istum
1032 3140 1183 3172 absoluatis‚
1204 3149 1249 3174 per
1262 3140 1374 3174 gratiam
1440 3141 1498 3173 stes,
1510 3149 1566 3165 cum
1582 3139 1676 3173 quibus
1691 3141 1835 3168 testamenti
1848 3142 1929 3168 fadlio
1945 3143 1989 3168 cst.
2036 3143 2090 3176 Qii
2105 3142 2132 3169 in
2147 3144 2268 3177 potestate
2282 3142 2378 3178 tcaflfijssi'

333 3195 443 3217 conetur
455 3184 623 3212 contendere.
694 3180 765 3207 Affis
780 3178 956 3213 PopuliRom.
972 3175 1088 3202 testatum
1109 3175 1207 3207 PER-8,
1214 3184 1257 3208 40.
1326 3177 1373 3202 Po·
1401 3183 1430 3212 ες
1439 3182 1484 3203 aut
1497 3175 1613 3215 familiae
1625 3176 1741 3206 enimi-is,
1755 3177 1824 3203 testis
1841 3177 1873 3204 ad
1889 3178 1972 3204 librae
1988 3179 2062 3211 pensa
2075 3178 2196 3205 adhiberi
2211 3188 2263 3205 non
2275 3184 2341 3213 pote
2370 3181 2372 3187 ’

334 3226 387 3253 tius
395 3220 541 3250 Clementia
556 3215 753 3253 quamSaeuitid
769 3215 835 3241 velle
847 3215 895 3240 effe
907 3212 1026 3239 testatum
1039 3212 1112 3238 Curt.
1121 3220 1140 3242 3,
1152 3218 1226 3242 12,25.
1318 3211 1375 3238 Cic.
1439 3212 1510 3238 niain
1524 3210 1638 3237 familiae
1653 3213 1813 3245 mancipatio
1828 3213 1896 3238 inter
1910 3213 2060 3240 testatorem
2073 3220 2099 3240 et
2113 3214 2230 3241 familiae
2243 3217 2346 3241 emtor

335 3269 384 3296 pro
397 3259 479 3286 Flacc.
495 3258 522 3282 26
543 3253 622 3281 Nihil
634 3252 764 3285 religione
777 3250 911 3280 testatum,
933 3247 1000 3274 nihil
1014 3247 1123 3274 veritate
1138 3246 1286 3279 fundatum,
1305 3246 1376 3272 nihil
1440 3246 1475 3274 ob
1489 3246 1516 3272 id
1531 3245 1663 3272 domestici
1680 3247 1755 3273 testes
1768 3247 1911 3274 adhibendi
1925 3257 1978 3275 non
1991 3249 2058 3276 sunt.
2173 3251 2202 3276 Et
2216 3248 2237 3286 ᾗ,
2253 3259 2269 3282 9
2294 3249 2323 3276 In
2333 3244 2340 3269 ἰ

339 3295 432 3322 dolore
444 3291 601 3327 cxpress'um.
691 3285 822 3319 Quinctil.
836 3293 864 3316 2,
879 3293 918 3316 ις,
933 3290 946 3312 8
966 3283 1085 3309 Seruium
1099 3281 1209 3308 Galbam
1245 3296 1289 3301 -——
1324 3282 1376 3309 ela·
1441 3289 1469 3310 to
1484 3281 1555 3316 quod
1575 3289 1620 3319 pei·
1638 3289 1679 3307 aes
1699 3288 1724 3308 et
1745 3282 1839 3309 libram
1854 3283 1892 3315 fit,
1906 3284 1969 3309 duae
1983 3293 2024 3310 res
2038 3290 2160 3319 aguntur,
2174 3285 2290 3311 familiae
2301 3292 2339 3313 my

339 3333 413 3365 psum
420 3330 466 3356 effe
480 3336 538 3353 cum
552 3324 666 3352 alioruin
678 3320 866 3351 monumentis,
880 3328 938 3345 cuni
954 3319 1061 3345 Catonis
1075 3317 1194 3344 oratione
1205 3317 1322 3344 testatum
1331 3318 1376 3344 est.
1439 3324 1464 3345 et
1478 3323 1636 3350 nuncupatio
1649 3316 1789 3344 testamciit.
1845 3318 2017 3353 Nuncupatur
2035 3320 2214 3347 testamentum
2229 3322 2256 3347 in
2271 3320 2331 3347 hun·
2377 3326 2378 3331 ¹

338 3367 468 3399 Redigere
488 3364 516 3389 in
539 3360 666 3388 testatum.
706 3357 817 3384 Tabulas
836 3354 865 3380 de
875 3364 901 3381 re
913 3355 997 3389 aliqua
1008 3354 1131 3387 conficere.
1173 3353 1277 3386 leian.
1291 3353 1318 3379 in
1333 3353 1350 3379 l.
1367 3362 1421 3391 ¹90
1441 3351 1558 3380 Tabulas
1572 3352 1714 3378 testamenti
1729 3353 1835 3380 testator
1847 3360 1935 3380 tenens
1948 3355 1984 3381 ita
1998 3355 2078 3388 dicit,
2097 3357 2167 3382 Haec
2181 3364 2208 3383 vt
2218 3357 2247 3383 in
2266 3355 2306 3383 liis
2325 3369 2328 3376 ν
2400 3383 2402 3385 ,

340 3403 373 3427 D.
387 3398 521 3427 Vsufmet.
542 3394 689 3431 queinadui.
705 3401 761 3419 caii.
797 3389 877 3417 Recte
889 3396 976 3415 autem
988 3389 1085 3414 facient
1099 3388 1174 3413 heres
1188 3394 1213 3414 et
1227 3388 1376 3421 legatarius,
1440 3389 1511 3416 risue
1525 3387 1617 3421 scripta
1630 3388 1695 3419 sunt,
1710 3388 1745 3414 ita
1758 3388 1801 3420 do,
1813 3389 1850 3415 ita
1863 3391 1930 3424 lego,
1945 3391 1980 3416 ita
1990 3391 2078 3418 testor.
2132 3393 2223 3426 Itaque
2241 3400 2286 3419 vos
2305 3395 2318 3415 Ο
2330 3402 2331 3410 ¹
2358 3403 2359 3406 ¹
2407 3392 2434 3420 w!

342 3436 427 3470 qualis
443 3444 481 3461 res
495 3434 523 3460 fit
538 3440 620 3467 quum
632 3429 725 3462 incipit
740 3426 794 3454 frui
810 3425 964 3460 legatarius,
984 3424 1002 3450 fi
1025 3424 1053 3450 in
1075 3423 1194 3449 testatum
1213 3424 1375 3462 redegerint:
1440 3423 1592 3451 stimonium
1608 3423 1763 3457 praebitotc.
1834 3426 1908 3458 Quae
1922 3427 2082 3461 nuncupatio
2096 3432 2121 3453 et
2133 3427 2235 3454 testatio
2248 3432 2320 3455 νοω(
2334 3435 2336 3449 ‹
2371 3427 2382 3455 (ῃ

343 3477 370 3497 vt
385 3471 443 3496 inde
458 3469 529 3503 possit
542 3473 677 3501 apparere,
688 3472 721 3490 an
735 3469 759 3489 et
774 3467 898 3497 quatenus
911 3469 967 3486 rein
981 3459 1098 3494 peiorem
1119 3458 1256 3492 legatarius
1275 3460 1376 3486 fecerit.
1441 3459 1481 3486 ille
1493 3465 1515 3485 et
1545 3459 1599 3485 lura
1611 3468 1619 3482 .·
1653 3467 1712 3494 quae
1731 3459 1764 3486 ad
1782 3460 1855 3486 ICtos
1863 3464 2000 3496 pertinent.
2107 3462 2225 3490 Libertas
2257 3462 2339 3489 tesiam*y
2355 3467 2387 3477 ’

343 3506 399 3531 Cic.
414 3506 483 3530 Fam.
497 3513 518 3534 2,
532 3512 544 3536 3
563 3502 639 3529 Istam
652 3500 782 3526 rationem
793 3505 878 3524 meam
894 3495 990 3527 dicam,
1004 3500 1032 3521 vt
1046 3500 1088 3520 aut
1102 3499 1127 3519 te
1141 3494 1168 3519 in
1181 3502 1265 3520 ineam
1277 3495 1376 3521 senten·
1442 3495 1514 3528 Qin
1544 3494 1571 3519 il.
1586 3502 1609 3526 3,
1622 3497 1646 3520 6.
1760 3495 1899 3523 Subiector
1913 3496 2126 3524 testamentorum
2147 3499 2203 3524 Cic.
2218 3499 2247 3524 iii
2261 3497 2316 3524 Cati
2324 3495 2343 3526 lsi·

344 3541 410 3567 tiani
425 3539 559 3570 adducam,
573 3543 618 3564 aut
631 3542 699 3562 certe
711 3533 831 3560 testatum
843 3531 911 3566 apud
926 3530 1042 3557 animum
1057 3535 1131 3556 tuum
1147 3529 1376 3564 relinqiiani‚quid
1394 3543 1425 3569 95
1441 3529 1594 3564 Improbum
1622 3528 1818 3563 testamentum,
1855 3530 2032 3559 Inofficjosum
2062 3533 2258 3566 testamentum,
2284 3530 2326 3563 vid
2340 3550 2344 3555 .
2363 3526 2387 3557 ³⁴

344 3575 477 3605 sensffl'iffir
491 3580 519 3599 ut
529 3573 617 3608 s⁰¹e⁷¹¹⁷
632 3575 675 3607 qui
688 3579 740 3596 cum
756 3568 862 3604 vinc-ise
874 3564 1176 3602 ''um‘’fflfi‘ffmgamium
1188 3565 1317 3599 stutiimt,
1337 3575 1377 3591 01⁴-
1443 3565 1574 3600 Adoptare
1587 3564 1737 3592 testamento
1758 3566 1848 3601 Nepos
1861 3575 1898 3602 ἐς,
1912 3576 1935 3600 5,
1949 3577 1972 3595 2.
2078 3569 2202 3603 Apertum
2226 3569 2262 3596 est
2288 3573 2311 3595 te
2326 3560 2402 3603 ‹ik-²2³

343 3617 413 3642 rant,
428 3616 457 3636 vt
465 3609 562 3644 scripto
576 3605 791 3642 comprehendatur
799 3604 847 3639 fisa
856 3603 996 3639 sententia,
1012 3609 1058 3635 quo
1071 3606 1205 3635 appareat,
1220 3601 1281 3635 ficas
1294 3601 1378 3639 ymHas
1443 3601 1512 3628 Vell.
1527 3601 1621 3627 Patere.
1636 3608 1660 3630 ι,
1676 3609 1718 3633 59,
1734 3609 1751 3627 1.
1826 3603 1925 3630 cauere
1939 3603 2107 3635 testamento,
2124 3603 2176 3629 vid.
2190 3610 2255 3631 CAV
2266 3600 2355 3630 Eo.'¹
2376 3599 2395 3622 ⁸1¹

341 3653 427 3682 partes
435 3643 513 3680 fuiffe
525 3647 552 3669 in
566 3642 670 3673 decreta,
683 3640 745 3677 quod
752 3640 848 3674 publice
859 3640 957 3664 noxium
969 3642 1065 3671 putent.
1103 3636 1155 3675 Ionc
1163 3636 1300 3670 protestari
1315 3646 1380 3663 nunc
1444 3644 1542 3671 ponere
1560 3634 1754 3668 testamentum,
1777 3638 1878 3670 Facere,
1894 3645 1917 3664 et
1931 3642 1957 3665 in
1972 3638 2080 3665 ordinem
2097 3639 2207 3676 redigere
2249 3639 2301 3666 Cic.
2322 3629 2395 3658 ἶ*

345 3687 444 3708 vocant.
548 3679 608 3704 Item
622 3676 710 3703 aHiue.
734 3674 829 3706 Ouid.
843 3674 908 3700 Met.
920 3682 941 3705 ε,
955 3674 1001 3705 486
1028 3686 1073 3691 —
1102 3674 1165 3697 auos
1177 3671 1276 3705 gemitu
1291 3672 1380 3699 testata
1449 3673 1523 3698 Vetur
1536 3671 1656 3706 exemplar
1670 3672 1731 3708 legit
1746 3673 1952 3700 Testimonium.
2054 3674 2109 3700 cic.
2121 3674 2153 3700 de
2166 3675 2257 3710 Arusp.
2269 3666 2364 3707 Respst
2382 3668 2403 3706 ¹.

349 3718 462 3743 dolores.
556 3711 623 3739 Add.
638 3712 705 3737 Hor.
719 3709 770 3737 Od.
785 3719 806 3743 i,
819 3714 856 3742 28,
865 3717 898 3736 12.
1001 3706 1048 3739 Ea,
1060 3714 1126 3741 quae
1138 3706 1254 3733 accidere
1267 3707 1379 3740 testatus,
1388 3720 1435 3740 100
1443 3708 1473 3733 In
1487 3715 1538 3741 qua
1551 3706 1687 3740 prouincia
1701 3714 1867 3735 mortuorum
1881 3709 2028 3736 testamenta
2046 3708 2205 3744 conscripsit.
2304 3705 2384 3740 D'QJ„
2393 3707 2400 3733 ζ

347 3759 421 3778 antea
454 3748 553 3777 Sallust.
568 3748 596 3773 iii
608 3748 708 3781 Fragni.
721 3755 742 3771 c.
755 3754 794 3780 27.
886 3745 909 3770 A
932 3742 1037 3770 testato:
1071 3746 1111 3768 cui
1134 3745 1265 3777 opponitur
1286 3742 1327 3769 Ab
1341 3742 1379 3769 iii-
1444 3743 1596 3769 testamento
1608 3742 1699 3776 scripta
1714 3752 1767 3770 non
1781 3743 1828 3771 fint
1866 3745 1922 3771 Cic.
1942 3745 1972 3771 de
1989 3743 2081 3777 Legib.
2096 3753 2118 3777 2,
2133 3754 2173 3778 50.
2282 3743 2318 3772 Id
2334 3742 2335 3747 ’
2360 3762 2365 3770 „
2378 3753 2400 3759 -

347 3789 452 3818 testato,
471 3785 762 3812 vid.1NTEsT.1iTvs.
878 3778 926 3805 Sed
938 3778 1090 3809 Testatior,
1109 3777 1378 3817 Comparatiuum,Ma-
1444 3787 1466 3804 c.
1487 3786 1514 3810 45
1547 3776 1627 3803 Multi
1659 3778 1808 3806 testamenta
1827 3781 1921 3806 eodeni
1944 3779 2024 3806 modo
2043 3779 2168 3807 fecerunt.
2272 3774 2334 3811 Faces
2390 3778 2393 3809 i

349 3826 389 3857 gir
403 3828 490 3847 certas.
526 3820 582 3846 Cic.
596 3826 644 3852 pro
661 3816 732 3843 Cael.
748 3818 783 3848 64
795 3825 816 3842 c.
830 3822 861 3850 27
879 3814 949 3841 Nam
965 3814 1059 3840 necesse
1072 3811 1108 3838 est
1121 3813 1195 3839 suiffe
1209 3822 1262 3840 non
1276 3823 1379 3848 paucos,
1442 3819 1558 3839 mentum
1570 3813 1678 3839 irritum
1712 3814 1768 3841 Cic.
1788 3815 1900 3850 Philipp,
1918 3824 1950 3848 2,
1965 3822 2009 3847 109
2023 3823 2044 3841 c,
2058 3823 2093 3846 42·
2188 3815 2292 3843 Habere
2319 3806 2355 3840 f
2362 3805 2402 3837 19

350 3862 377 3882 vt
392 3864 415 3881 et
428 3854 612 3889 comprehendi
626 3851 744 3878 Licinius
757 3851 834 3877 facile
847 3851 937 3885 posset,
950 3855 976 3877 et
992 3857 1033 3876 res
1052 3847 1197 3874 multorum
1218 3849 1301 3876 oculis
1319 3850 1380 3875 esset
1441 3847 1586 3874 testamenti
1619 3848 1674 3877 Cic,
1691 3849 1761 3876 Fam.
1773 3858 1800 3885 7,
1813 3859 1855 3877 22.
1959 3848 2113 3884 Improbare
2138 3840 2395 3884 testairientum‚¹¹²5d
2430 3841 2434 3872 ἕ

349 3891 474 3919 “sm-¹⁰³·
589 3887 720 3917 M²m⁰¹3³
734 3885 804 3920 NeP·
818 3895 841 3918 7³
854 3894 906 3919 ⁴³5·
1011 3885 1096 3912 Poenfl
1109 3884 1294 3919 improborum
1306 3885 1576 3925 Caes-1051’R08vs.
1677 3884 1783 3914 [nstitui
1794 3891 1910 3914 tutorem
1924 3884 2076 3913 testamento
2110 3886 2171 3914 Liu.
2189 3895 2210 3921 1,
2223 3895 2260 3920 34.
2339 3876 2386 3909 'Mu
