2434 4156
255 104 329 142 247
591 82 621 122 R
736 83 774 123 V
887 83 914 124 S

256 171 413 212 militia-scd
427 169 506 197 etiam
520 171 754 206 peregrinationes,
773 172 1009 208 rusticationesque
1026 178 1187 200 communes.

256 216 309 240 son.
323 209 342 236 Ε
362 216 370 232 ι
389 215 410 232 r.
427 216 462 232 10.

290 253 307 271 R
319 217 363 268 vl}
372 216 393 267 ξ’
402 250 411 268 1
422 247 440 268 c
450 243 502 269 AT
511 250 519 269 1
529 249 563 269 M.
598 242 667 269 Adu.
711 242 862 277 [οἶγροίκως]
900 250 950 278 pro
968 243 1080 269 Rustico.
1121 238 1293 274 Pomponius,

254 277 406 309 Meonibus,
415 278 447 304 At
456 287 504 311 ego
515 278 659 304 rusticatim
668 283 781 312 tangam,
789 278 938 306 vrbanatim
945 280 1041 305 nescio.
1052 276 1291 314 Hachon.2,·747.

289 321 306 339 R
318 320 336 337 V
347 319 360 338 s
369 320 390 340 T
400 321 408 340 1
419 320 436 341 C
449 315 498 339 ᾹΤ
509 321 526 340 ν
537 322 560 346 s,
575 313 612 340 sis.
650 323 685 340 m.
722 312 869 346 Rusticatio.
905 315 962 342 Cic.
975 315 1027 340 Att.
1044 322 1078 344 12,
1094 320 1103 337 1
1123 311 1154 337 ln
1167 311 1293 338 rusticatu

253 349 355 384 garrire
368 355 392 375 et
413 348 538 375 scribere.
582 350 640 376 Aln'
652 351 726 376 aliter
737 350 831 385 legunt.

292 391 311 411 R
322 386 394 411 vs'c
406 392 414 410 1
426 392 446 411 N
456 391 486 416 o,
511 385 578 411 onis.
608 385 628 411 f.
665 385 800 419 Oppidum
815 386 843 411 in
857 385 979 411 extremis
992 383 1093 410 Galliae
1105 380 1202 408 sinibus
1212 401 1220 414 ,
1239 389 1294 408 non

254 418 346 455 procul
358 429 372 446 a
387 420 524 452 Pyrenaeis
537 420 686 453 montibus,
704 424 773 447 cuius
785 423 896 446 nictninit
913 420 978 447 Plin.
993 428 1013 451 3,
1027 429 1053 451 4.

290 463 310 482 R
320 462 415 493 vnscv
424 463 446 482 M
456 476 464 488 ‚
483 455 502 481 i.
535 465 560 482 n.
590 456 644 490 flue
667 462 686 482 R
699 462 716 482 v
728 464 741 483 s
752 462 769 483 c
780 464 800 482 v
810 464 834 488 s,
850 456 866 482 i.
887 465 920 483 m,
959 457 969 487 [
976 449 1158 487 χαμαιδάφνη,
1176 452 1294 484 κυνόσβα-

255 502 313 523 τον,
328 490 383 517 εἶδος
396 491 498 522 βοηίνης
510 491 588 518 Closs.
604 492 661 518 Lat.
675 493 739 525 Gn]
776 492 874 523 Festus,
893 492 1004 517 Ruscum
1018 488 1063 520 est,
1080 494 1109 514 vt
1122 489 1159 515 ait
1173 489 1296 521 Verrius,

254 527 366 561 amplius
381 527 469 561 paullo
482 526 577 559 herba,
597 533 622 554 et
635 528 731 554 exilius
744 528 866 561 virgultis
880 525 1091 557 fruticibusque,
1106 533 1161 550 non
1173 524 1294 550 dissimile

255 562 344 589 iunco.
388 564 455 597 ‚Qiac
461 562 598 598 sequuntur
610 563 677 598 apud
691 561 782 595 Festum
796 563 824 588 dc
835 564 912 588 colore
921 581 928 592 ‚
949 560 1033 586 ciamus
1057 563 1084 585 in
1108 566 1126 585 R
1136 567 1156 587 v
1165 567 1177 587 s
1185 567 1198 587 s
1209 567 1225 586 ε
1235 567 1255 586 ν
1264 566 1287 588 s,

255 597 410 633 Virgnltum
425 598 494 624 vnde
509 599 574 624 vites
588 598 719 631 ligantur,
739 597 838 624 atlt‘l'ore
852 597 953 623 Seruio.
1010 595 1083 630 Virg.
1098 595 1196 630 Georg.
1211 605 1236 628 2,
1250 604 1293 629 4¹3

256 633 314 660 Nee
327 642 379 659 non
388 633 468 659 etiam
476 634 563 668 aspera
576 635 644 660 rusci
680 633 789 660 Vimina
803 642 848 667 per
860 633 957 659 siluam.
1061 632 1207 658 Horridior
1219 633 1295 658 rusco

256 669 333 703 Virg.
348 669 400 694 Ecl.
415 676 441 704 7,
456 678 499 701 42.
589 669 631 694 obi
647 669 719 695 Seru.
745 669 865 702 Virgulta
880 666 987 699 breuia,
1006 667 1089 693 acutis
1104 667 1178 693 foliis
1191 674 1217 694 et
1231 676 1296 701 pun-

257 704 380 739 gentibus
393 715 400 734 ς
437 705 505 730 vnde
518 710 543 729 et
556 703 584 729 in
599 705 675 730 sacris
690 705 780 739 scopae
796 704 853 729 ficri
867 702 958 729 solent.
1041 702 1122 729 Rusio
1136 703 1200 738 legit
1208 703 1296 729 Gifan.

254 740 313 767 Ind.
328 741 431 766 Lucret.
484 738 558 774 C⁰’¹f·
574 739 678 766 Colum.
692 748 717 774 7,
733 749 769 766 10.
840 738 904 763 Plin.
918 739 998 769 21‚16.
1034 745 1057 764 et
1071 747 1105 770 23,
1113 747 1138 770 9.
1210 739 1296 765 Rusco

256 779 329 802 otiam
336 775 406 810 sepes
421 774 592 801 muniebantur
603 779 724 811 antiquis.
761 773 891 801 Columel.
906 781 943 805 10,
956 781 1003 809 375
1026 774 1135 801 Hirsuta
1148 775 1217 809 sepes
1229 783 1298 801 nunc

256 811 366 838 horrida
384 810 460 836 rusco
497 810 597 836 Prodit.

293 852 444 873 RVSCAR
456 852 465 871 1
477 851 529 877 vs,
542 854 565 876 a,
579 854 633 872 um.
653 846 714 871 Adi.

255 887 316 917 apta
336 881 402 907 Cato
416 881 446 906 R.
459 881 489 907 R.
506 889 536 911 11,
550 890 577 914 4.
600 881 642 906 ubi
648 881 718 916 saris
736 879 800 906 hanc
812 879 940 906 aaronem
953 878 1215 914 videmurflabiliiffl.

293 923 311 942 R
324 923 344 942 V
354 922 366 941 S
376 923 392 943 C
402 924 430 946 o,
442 919 492 943 are.
529 919 548 942 i.
573 917 694 941 Runa-are.
732 916 773 941 Ita
785 916 847 951 legit
860 917 1024 950 Hauercamp.
1040 916 1074 941 ad
1086 916 1206 942 Tertull.
1221 915 1300 950 Apol.

255 961 275 985 4
295 951 383 1011 N⁰<i¹·i⁵
406 951 592 985 principalium
615 951 767 978 edictorum
790 958 816 977 et
836 951 1024 985 rescriptorum
1046 951 1179 977 securibus
1192 951 1300 978 ruscatis

253 993 278 1013 et
291 995 334 1012 cae
356 993 409 1012 ms.

1242 169 1294 195 Au-

291 1028 309 1047 R
321 1029 383 1048 VSI
395 1028 416 1046 N
428 1028 458 1050 A,
473 1029 511 1047 ae.
542 1021 562 1046 f.
599 1022 668 1054 Dea,
686 1021 737 1047 Cui
761 1030 823 1048 rura
846 1020 1047 1048 committebant
1069 1021 1191 1055 antiqui,
1211 1027 1241 1047 vt
1261 1024 1337 1062 ait25

254 1056 414 1090 Augustinus
428 1058 458 1083 C.
470 1057 501 1082 D.
515 1066 541 1091 4,
558 1061 581 1086 8.
675 1057 734 1083 Eam
744 1057 844 1093 quidam
856 1057 983 1083 Rurinam
997 1060 1150 1083 vocitarunt.

291 1099 310 1118 R
320 1099 340 1119 v
349 1099 361 1118 s
372 1099 386 1118 1>
396 1098 414 1118 o
422 1112 431 1124 ,
452 1096 505 1118 are.
541 1099 565 1118 et
585 1099 633 1118 Rv
642 1098 654 1118 s
663 1098 678 1117 Ρ
687 1099 705 1118 o
715 1099 743 1123 R,
757 1094 806 1119 ari.
842 1092 1002 1129 [ἒξερευνοίω]
1037 1093 1115 1128 Saepe
1128 1093 1172 1118 seu
1185 1091 1297 1126 diligen-

254 1133 295 1153 ter
308 1128 416 1154 scrutari
436 1129 529 1154 Accius
543 1127 694 1162 Meleagro,
712 1129 814 1161 Vagent
829 1130 963 1163 ruspantes
978 1129 1061 1154 siluas.
1103 1130 1172 1154 Haec
1189 1127 1298 1154 Nonius

255 1172 281 1195 2,
296 1170 359 1197 744.
477 1163 581 1194 Festus,
620 1164 732 1198 Ruspari
744 1164 793 1190 esse
806 1164 901 1191 crebro
915 1173 1041 1198 quaerere
1050 1183 1058 1196 ,
1077 1163 1128 1190 hoc
1140 1164 1216 1190 versu
1230 1163 1298 1189 indi-

250 1203 337 1231 catur,
358 1198 389 1225 Et
402 1207 451 1232 ego
461 1199 516 1230 ibo,
528 1204 557 1225 vt
569 1198 683 1227 latebras
697 1200 803 1233 ruspans
816 1200 899 1227 rimer
913 1200 1075 1234 amaptimas.

253 1240 359 1268 pantem
378 1235 496 1269 copiam,
516 1234 582 1260 alibi
602 1234 764 1262 deserentem
784 1244 894 1263 runcare
908 1242 992 1271 *atque
1004 1236 1111 1270 ruspare
1132 1234 1252 1262 Tertull.
1265 1234 1298 1261 de

253 1269 315 1296 Pall.
330 1279 350 1295 c.
371 1278 392 1295 2.
487 1269 560 1305 Conf.
581 1271 651 1297 Iunii
664 1278 715 1297 not.
725 1277 751 1305 p.
763 1280 788 1306 9.

291 1310 516 1335 RVSSATVS,
536 1305 589 1331 vid.
613 1312 768 1333 Rvssvs.

288 1345 453 1407 Rvssstvs‚
475 1346 498 1364 et
520 1346 705 1371 RVSSEvs,
733 1350 764 1373 a,
788 1350 842 1367 um.
880 1342 959 1373 [Vct.
973 1341 1052 1369 Gloss‘.
1066 1340 1167 1378 πυῤῥᾰς]
1203 1342 1299 1368 Coloris

252 1384 337 1401 nomen
366 1384 376 1399 ε

251 1408 337 1437 diclux
343 1409 381 1444 fit
395 1418 442 1435 non
454 1409 569 1445 definiam
583 1420 590 1435 :
626 1420 641 1435 a
654 1409 720 1436 thoi}
732 1410 762 1437 id
772 1409 805 1443 qs}
819 1412 882 1436 malo
896 1413 988 1437 Punico
997 1431 1005 1443 ,
1023 1421 1067 1443 an,
1076 1412 1140 1446 quod
1147 1412 1230 1447 placet
1242 1413 1299 1438 Sca-

251 1447 332 1482 ligero
345 1444 454 1472 ConieH.
468 1455 496 1471 m
515 1446 623 1472 Varron.
634 1452 661 1480 p.
674 1456 720 1481 147
730 1453 774 1482 pr.
799 1454 815 1472 a
828 1447 921 1477 rusco,
940 1446 1007 1481 quafi
1021 1447 1124 1472 rusceus
1140 1448 1149 1472 ἓ
1206 1448 1299 1480 Nempe

253 1481 342 1508 Festus
354 1484 380 1507 in
393 1480 555 1516 descriptione
569 1481 654 1513 rusci,
673 1490 745 1517 quam
756 1481 884 1514 dedimus,
903 1481 992 1513 addit,
1010 1482 1093 1508 Cuius
1107 1481 1208 1507 eoloris
1220 1480 1298 1507 rebus

252 1517 293 1544 vti
306 1516 431 1543 mulieres
452 1516 544 1543 solitae
558 1526 564 1542 ε
598 1523 621 1542 et
639 1517 725 1543 laudat
751 1519 828 1543 locum
851 1526 862 1543 e
886 1517 994 1544 Catonis
1015 1517 1158 1552 Originum
1175 1517 1299 1551 septime,

249 1560 322 1587 quem
332 1555 369 1578 ita
383 1550 510 1584 cmfiituit
526 1552 651 1588 Scaliger,
670 1559 699 1578 vt
711 1553 806 1579 tribuat
820 1554 962 1579 mulieribus
974 1553 1067 1580 russeas
1086 1554 1187 1579 fascias.

253 1588 327 1615 Fotis
341 1587 484 1622 Apuleiana
496 1588 560 1614 Met.
574 1596 590 1613 2
605 1597 629 1622 p.
647 1596 702 1620 117,
715 1597 741 1621 33
768 1589 851 1614 Linea
879 1589 969 1615 tunica
990 1588 1117 1614 mundule
1140 1587 1252 1620 amidia,
1272 1594 1298 1613 et

253 1625 333 1651 russea
346 1622 453 1649 fasciola
468 1624 631 1657 praenitente
666 1639 713 1644 ·—
747 1624 914 1651 succine’tula.
949 1624 1091 1651 Ridiculum
1097 1623 1172 1659 facit
1188 1624 1298 1650 Trimal-

252 1659 362 1686 chionem
371 1658 443 1693 suum
460 1659 564 1685 Petron.
580 1666 614 1693 27
622 1665 666 1694 pr.
689 1659 782 1686 Senem
810 1660 929 1691 caluum,
949 1660 1038 1686 tunica
1061 1660 1184 1686 vestitum
1207 1659 1298 1685 russea.

251 1693 346 1720 Pallad.
360 1694 438 1720 Mart.
448 1702 507 1727 13‚4
527 1694 637 1721 Colores
652 1703 780 1730 equorum,
800 1695 828 1721 hi
843 1695 994 1730 praecipui,
1013 1694 1123 1728 badius,
1142 1703 1248 1727 aureus,
1262 1695 1299 1720 al-

251 1729 346 1756 bincus
355 1749 363 1761 ,
382 1729 478 1755 russeus
487 1749 495 1761 ‚
515 1735 634 1756 musteus
643 1749 650 1760 ‚
668 1731 791 1757 cerninus
803 1738 848 1757 etc.

252 1765 309 1791 seus
329 1765 436 1801 legitur,
450 1764 498 1800 sed
516 1765 621 1799 vitiose,
641 1772 671 1791 vt
690 1765 800 1793 Caffiod.
816 1768 879 1792 Var.
894 1775 914 1798 3,
928 1775 957 1800 52
974 1766 1018 1792 vbi
1028 1773 1110 1793 tamen
1123 1773 1194 1793 notat
1210 1768 1297 1792 Forne—

249 1803 320 1832 rius,
340 1803 366 1826 in
385 1801 451 1826 Vm.
467 1800 538 1827 editt.
550 1800 592 1834 ff?
605 1801 727 1828 russeum.
831 1802 963 1836 Corippus
977 1811 997 1835 1,
1011 1810 1060 1835 324
1092 1802 1135 1829 vbi
1149 1802 1178 1829 de
1192 1808 1297 1837 quatuor

243 1834 405 1872 saHionibus
419 1836 504 1868 Circi,
521 1837 619 1863 Roseus
632 1837 734 1864 aestatis
748 1836 828 1864 rubra
841 1837 874 1864 sie
888 1837 958 1864 veste
971 1838 1113 1872 refulgens,
1192 1839 1299 1864 Ruizius

249 1874 411 1906 transponit,
431 1871 541 1897 Aestatis
559 1873 648 1898 roseus
667 1880 712 1899 etc.
752 1873 798 1901 Sed
816 1873 917 1900 uidetur
943 1872 1031 1906 dediffi’
1064 1872 1155 1901 auHor
1181 1873 1298 1899 Ruffens.

250 1907 358 1933 Russeus
372 1910 444 1932 etiam
450 1906 542 1941 firmat
554 1908 623 1942 apud
634 1908 755 1935 Tertull.
770 1908 801 1934 de
815 1908 928 1944 spectac.
942 1912 965 1941 '9
986 1911 1116 1936 Pamelius.

249 1943 303 1970 sata
316 1941 404 1978 faHio
426 1945 502 1968 nimis
525 1950 592 1969 nota.
687 1945 827 1971 Bochartus
853 1946 956 1971 Hicroz.
982 1953 1001 1975 1,
1024 1953 1049 1975 z,
1073 1953 1090 1979 7
1109 1951 1154 1979 pr.
1192 1945 1298 1970 Ruffcos

248 1986 332 2011 equos
345 1979 388 2013 ‘'ffi’
402 1978 548 2004 Graecorum
562 1977 650 2014 πυρῤἑς
660 1980 795 2005 luculenter
807 1978 922 2012 ostendit.
995 1980 1114 2006 Catullus
1122 1988 1161 2012 39,
1171 1987 1199 2013 17
1218 1979 1298 2012 Qod

249 2013 363 2047 quisque
376 2012 487 2043 minxit,
502 2013 553 2038 hoc
577 2014 643 2039 solet
666 2013 714 2040 sibi
737 2023 815 2041 mane
837 2015 950 2041 Dentem
966 2021 1044 2049 atque
1057 2016 1151 2042 ruffam
1166 2014 1296 2042 defricare

250 2049 395 2086 gingiuam.
467 2048 567 2073 Placuit
573 2048 724 2083 praesertim
735 2050 777 2076 hic
789 2051 856 2077 color
869 2054 896 2077 in
910 2048 1016 2084 vestibus
1029 2051 1191 2077 militaribus.
1250 2052 1297 2077 Lo-

249 2094 302 2111 cum
317 2082 407 2117 IJtdori
419 2081 530 2108 dabimus
538 2080 630 2114 statim
650 2086 676 2108 in
694 2091 869 2111 RvssATVS.

249 2123 291 2146 nis
305 2128 390 2146 verum
420 2127 494 2153 noque
508 2124 562 2144 erat
574 2118 638 2144 illud
651 2118 696 2145 Sil.
710 2127 733 2151 3,
746 2122 791 2151 236
809 2119 915 2145 Rubrae
927 2121 1060 2148 velamine
1073 2121 1151 2148 vestis
1174 2123 1222 2148 Ars
1242 2128 1296 2148 erat

251 2155 281 2181 in
300 2162 385 2189 pugna
419 2153 492 2179 usum
511 2153 651 2180 occuluisse
668 2163 800 2182 cruorem.
876 2155 935 2181 Vid.
949 2164 1009 2190 quos
1021 2157 1062 2182 hic
1074 2157 1160 2183 laudat
1172 2157 1296 2185 Drakenb.

250 2190 374 2218 Tunicas
396 2190 474 2215 russas
494 2189 622 2215 militares
641 2197 758 2216 memorat
775 2189 900 2217 Trebell.
919 2191 1006 2217 Pollio
1020 2192 1047 2217 iu
1061 2192 1154 2218 Claud.
1168 2200 1199 2224 14
1214 2201 1240 2226 p.
1254 2198 1296 2224 383

251 2226 333 2253 Hack.
370 2225 472 2257 φωνικῖς
484 2225 589 2256 χιτῶνας
600 2227 618 2250 i.
627 2231 769 2259 purpureas
782 2229 870 2252 vocari
889 2227 989 2259 Graece,
1004 2226 1110 2259 ostendit
1127 2227 1259 2260 Salmasius
1276 2233 1299 2252 et

250 2261 338 2288 laudat
352 2259 467 2286 Martial.
483 2268 522 2292 14,
537 2268 582 2291 129
600 2263 669 2285 cuius
689 2261 790 2292 lemma,
812 2261 955 2287 Canusinae
977 2263 1053 2288 rufae
1076 2263 1194 2295 (ruffae)
1213 2263 1296 2302 Roma
1304 2274 1339 2298 60

250 2297 335 2331 magis
358 2296 435 2321 fuscis
454 2295 583 2327 vestitur,
602 2294 691 2321 Gallia
704 2295 767 2321 rufis
789 2294 896 2326 (ruffis)
933 2297 963 2321 Et
976 2297 1059 2330 placet
1074 2298 1118 2323 hic
1138 2299 1226 2331 pueris
1248 2306 1298 2324 mi-

251 2333 397 2365 litibusque
411 2330 495 2356 color.
568 2330 660 2356 Ruffae
674 2337 698 2356 et
710 2330 781 2357 ruslis
794 2330 858 2356 vnde
870 2330 972 2359 habeat,
992 2340 1041 2356 non
1055 2332 1167 2362 indicat,
1186 2342 1216 2357 ne
1227 2336 1297 2358 vari-

251 2375 338 2394 etatem
351 2366 447 2402 quidem
461 2365 558 2391 indicat
573 2365 711 2398 Salmafius.

250 2406 289 2432 De
303 2403 420 2430 factione
440 2402 538 2432 russea,
555 2400 609 2426 vid.
633 2405 759 2426 FACTIO
780 2409 806 2426 n.
822 2409 847 2426 2.

253 2449 266 2466 2
287 2437 482 2466 Decurionibus
494 2443 519 2463 et
534 2436 652 2462 familiae
666 2435 744 2470 panni
760 2435 845 2461 russei.

252 2485 301 2502 non
316 2474 504 2508 obtemperatum
518 2470 560 2505 ‘iffi'
581 2471 768 2498 Grammaticis
783 2469 850 2505 apud
862 2470 965 2496 Charis.
982 2479 991 2496 1
1006 2479 1030 2505 p.
1045 2478 1076 2504 57
1088 2471 1150 2497 med.
1175 2472 1231 2503 Qui
1244 2472 1299 2497 rus-

251 2512 324 2538 seum
349 2518 402 2535 non
423 2509 505 2542 magis
528 2507 670 2533 dicendum
701 2506 836 2542 putabant,
851 2515 930 2540 quam
950 2505 1057 2532 albeum
1079 2513 1124 2531 aut
1144 2506 1301 2539 prasineum.

258 2546 316 2573 Vid.
330 2545 446 2572 Mnnlccr.
460 2544 494 2569 ad
509 2543 671 2578 Hygin.fah.
687 2548 719 2577 69
740 2543 782 2569 vbi
798 2542 826 2568 de
840 2542 881 2568 illo
901 2551 915 2568 e
937 2542 1031 2577 inserto
1052 2544 1079 2567 in
1097 2541 1214 2577 pluribus
1235 2544 1298 2577 agit.

252 2581 300 2609 sed
312 2579 393 2612 reHc,
407 2587 428 2605 et
445 2581 667 2605 Grammaticorum
679 2579 713 2604 ad
723 2579 846 2614 regulam,
865 2578 971 2604 Lucret.
980 2585 1046 2612 4,73
1064 2577 1095 2603 Et
1109 2576 1190 2612 volgo
1197 2577 1299 2603 faciunt

252 2616 281 2643 id
295 2617 378 2645 lutea,
399 2616 516 2648 russaque
530 2615 605 2646 vela,
642 2615 673 2640 Et
685 2614 830 2649 ferrugina,
845 2621 891 2639 etc.

290 2659 308 2678 R
318 2658 338 2676 v
348 2659 360 2678 s
370 2652 406 2677 SA
417 2656 437 2676 T
447 2656 468 2676 V
478 2658 502 2682 s,
515 2659 540 2682 a,
553 2659 608 2676 um.
643 2649 746 2683 Ruffizta
760 2648 844 2682 vestis.
880 2649 938 2675 Isid.
973 2650 1020 2676 Or.
1055 2657 1092 2681 19,
1125 2656 1158 2674 22
1187 2647 1299 2679 Rusl‘ata,

254 2695 334 2721 quam
365 2686 460 2712 Graeci
494 2685 649 2720 phoenicam
685 2683 820 2719 [φοινικίέα
829 2704 838 2717 ,
858 2685 980 2718 φοινικὲν]
1017 2690 1127 2714 vocant,
1148 2692 1196 2709 nos
1215 2684 1298 2709 cocci-

254 2732 348 2754 neam,
368 2728 472 2756 reperta
490 2721 525 2747 est
537 2730 551 2747 a
565 2721 781 2747 Lacedaemoniis
798 2721 920 2756 (quorum
934 2721 1028 2755 altopii
1050 2721 1167 2754 Purpura
1186 2719 1298 2753 nobilis)

253 2758 287 2785 ad
311 2758 448 2784 celandum
469 2757 568 2783 coloris
590 2757 764 2783 similitudine
787 2757 954 2790 sanguinem,
975 2756 1098 2789 quotiens
1120 2756 1178 2789 quis
1199 2756 1228 2781 in
1241 2757 1297 2781 acie

253 2794 456 2825 vulneraretur,
473 2802 505 2819 ne
521 2792 708 2827 contemplanti
721 2793 872 2819 aduersario
891 2793 994 2818 animus
1013 2793 1170 2825 augesceret.

254 2829 302 2856 sub
315 2829 465 2855 consulibus
480 2829 593 2855 Romani
607 2828 643 2854 vsi
657 2829 714 2854 sunt
728 2829 836 2860 milites,
850 2828 919 2854 vnde
933 2828 1011 2854 etiam
1026 2827 1114 2853 rusl'ati
1129 2826 1299 2853 vocabantur.

253 2864 362 2892 Solebat
375 2865 446 2891 enim
467 2865 536 2900 (leg.
550 2865 649 2895 etiam)
671 2864 758 2898 pridie
772 2873 851 2898 quam
866 2863 1045 2889 dimicandum
1058 2864 1118 2889 efl‘et
1128 2883 1136 2895 ‚
1153 2869 1213 2889 ante
1228 2863 1299 2897 prin-

254 2901 323 2935 cipia
338 2901 419 2935 poni,
440 2900 509 2935 quasi
524 2899 672 2926 admonitio
686 2906 712 2925 ct
724 2899 853 2926 indicium
867 2899 972 2925 futurae
983 2907 1094 2933 pugnae.
1169 2898 1301 2934 Quidquid

247 2935 285 2971 fit
307 2936 334 2961 de
355 2939 466 2967 nomine,
486 2936 558 2961 rubri
579 2937 669 2961 coloris
681 2934 760 2970 sffl'ffi'
776 2935 858 2970 saga,
866 2935 897 2970 sa
917 2936 974 2966 ula,
995 2941 1017 2960 et
1027 2934 1218 2969 paludamenta,
1231 2937 1300 2970 Jatis

254 2970 360 3004 constat.
430 2971 556 2997 Cancrum
568 2970 615 2996 huc
630 2970 738 2996 alludem
751 2970 874 2997 Tertull.
907 2979 921 2996 e
935 2971 1035 2996 Coton.
1049 2970 1105 2995 mil.
1127 2970 1272 2996 Christiani
1288 2978 1297 2995 1

248 3015 294 3043 pr.
315 3008 346 3033 Et
359 3015 427 3032 nunc
441 3007 566 3039 sanguine
580 3007 628 3032 suo
642 3007 766 3039 milatus,
786 3006 827 3040 spe
845 3006 972 3032 calceatus
988 3012 1032 3032 etc.
1069 3007 1107 3032 De
1122 3006 1237 3032 factione
1244 3007 1299 3033 rus-

255 3044 324 3075 sata,
343 3043 395 3069 vid.
416 3048 538 3069 FACTlo
558 3051 582 3067 n.
599 3050 623 3068 2.

291 3086 309 3105 R
319 3085 339 3102 V
350 3085 362 3103 S
372 3086 384 3104 S
395 3076 415 3103 xi
427 3084 443 3103 L
456 3084 508 3110 VS,
522 3087 546 3110 a,
562 3087 616 3103 um.
634 3077 695 3104 Adi.

254 3113 294 3141 lae
314 3113 429 3148 Capitol.
445 3113 471 3139 in
488 3113 588 3140 Albino
602 3121 623 3145 ς.

293 3147 493 3176 Rvssroiv
507 3156 537 3180 s,
550 3157 580 3181 a,
595 3158 649 3174 um.

253 3184 334 3218 steph.
350 3193 382 3216 ιι,
400 3193 450 3215 ι3ο.

291 3227 338 3246 RV
349 3227 361 3246 S
371 3226 420 3246 TV
430 3226 454 3245 Μ
482 3227 514 3244 ex
536 3218 618 3244 rubus
645 3219 712 3254 apud
733 3218 835 3245 Festum
850 3229 855 3244 :
890 3219 950 3246 hinc
980 3216 1078 3251 dietae,
1098 3225 1128 3245 vt
1159 3219 1301 3254 quibusdam

252 3255 352 3282 videtur
361 3275 368 3287 ‚

294 3297 313 3316 R
325 3298 343 3315 v
354 3299 365 3317 s
376 3296 398 3317 ‘r
410 3297 431 3316 A
441 3296 458 3315 R
472 3295 480 3314 1
492 3295 513 3314 A
523 3294 539 3314 Ε
561 3289 657 3321 falcem
677 3289 744 3324 apud
767 3290 902 3315 Varronem
924 3290 955 3315 R.
974 3289 1006 3315 R.
1027 3298 1045 3322 1,
1059 3298 1100 3321 22,
1114 3298 1126 3322 ς
1146 3291 1232 3325 quibus
1245 3294 1301 3318 ruri

250 3325 367 3359 secantur
402 3325 473 3357 rubi,
491 3328 534 3360 qui
559 3332 603 3360 per
624 3334 700 3362 agros
711 3324 831 3385 sWPum·
879 3326 921 3352 Sic
933 3325 1080 3351 Turnebus
1095 3334 1126 3357 13,
1141 3329 1183 3352 26.

257 3360 369 3386 Ruscum
384 3368 405 3386 et
420 3361 558 3387 Ruscariae
569 3364 710 3396 praetere-n<
721 3370 778 3392 um,
795 3359 881 3386 videor
892 3359 1002 3395 probaffi·
1014 3361 1047 3387 ad
1059 3361 1229 3396 Caton.11,4.

292 3401 338 3420 RV
349 3403 390 3421 ΞΤ
402 3402 420 3421 o
432 3415 439 3425 ‚
458 3400 510 3422 ⁴3re.
548 3397 654 3432 Legitur
675 3405 690 3421 a
709 3394 853 3431 quibusdam
865 3403 905 3430 ap.
919 3396 1037 3422 Tertull.
1057 3397 1089 3422 de
1106 3397 1166 3423 Pall.
1180 3407 1201 3424 c.
1218 3407 1239 3424 2.
1276 3405 1300 3425 ee

258 3430 335 3463 Apol.
349 3439 370 3455 c.
383 3439 409 3462 4.
428 3432 469 3456 obi
482 3431 534 3457 vid.
550 3433 712 3466 Hauercamp.
747 3435 776 3457 it.
791 3431 893 3466 Salmas}
909 3431 943 3457 ad
954 3432 1034 3458 Tert.
1047 3432 1078 3458 de
1100 3433 1182 3460 Pallio
1200 3443 1224 3468 p.
1247 3442 1298 3468 117.

255 3471 279 3490 et
292 3465 391 3500 Consut.
407 3466 510 3492 Cere-oct.
522 3474 548 3502 p.
563 3476 612 3494 122.
649 3468 748 3492 Gesner.
762 3466 795 3492 ad
809 3466 865 3492 Cat.
882 3475 914 3496 11,
930 3475 956 3499 4.
994 3468 1060 3503 Gorfi
1076 3468 1130 3495 [nd.
1145 3472 1172 3494 in
1189 3470 1298 3504 Scripto-

781 2366 881 2400 Repetit
892 2365 926 2392 ad
936 2366 1043 2400 Vopisci
1058 2366 1148 2391 Aurei.
1161 2369 1196 2398 46
1212 2375 1235 2399 p.
1244 2369 1298 2398 563.

917 2401 985 2428 Add.
1003 2402 1111 2428 Fabrett.
1120 2401 1249 2435 Inscriptt.
1260 2410 1298 2432 10,

733 3076 799 3103 Idem
811 3076 877 3112 quod
888 3075 989 3109 Ruffiis,
1010 3082 1054 3105 vt,
1075 3077 1205 3103 Fasciolae
1219 3077 1299 3103 rusl‘u-

732 3113 856 3139 Tunicae
871 3113 980 3139 ruslulae
1007 3112 1111 3146 Vopisc.
1128 3113 1155 3138 in
1170 3112 1258 3139 Probo
1272 3122 1298 3146 4.

255 3509 296 3526 ret
316 3500 363 3526 Rei
378 3501 438 3534 Agr.
456 3510 506 3526 voc.
521 3502 690 3529 Subrunciui.
723 3502 780 3528 Vid.
802 3507 912 3527 RVSCO
922 3521 937 3541 ,ἢ
948 3503 1012 3537 quod
1021 3504 1215 3539 praeferendum
1230 3505 1298 3531 vide-
1313 3513 1345 3540 95
1360 3509 1435 3546 gallis
1448 3508 1601 3544 gallinaceis.

254 3542 306 3563 tur.
341 3533 381 3568 Est
395 3542 473 3562 autem
486 3537 546 3562 nicm
559 3538 622 3572 quod
634 3547 737 3565 runcare
746 3557 755 3570 ,
773 3538 876 3564 ruscum
889 3537 1038 3573 eagscindere.

634 3612 662 3642 R
765 3611 793 3642 V
890 3610 924 3642 T

289 3683 336 3703 izv
347 3683 368 3702 T
380 3683 402 3703 Α
423 3677 516 3708 Caesa,
534 3677 587 3703 uid.
610 3686 625 3704 κ
639 3687 659 3704 v
669 3686 689 3704 ‘r
700 3687 755 3712 vs,
768 3690 793 3713 a,
805 3689 860 3707 um.
871 3678 919 3716 sub
936 3686 955 3706 R
965 3687 986 3707 v
996 3686 1028 3706 0.

286 3719 308 3752 it
317 3719 338 3737 V
348 3719 369 3738 T
382 3720 401 3738 A
411 3733 418 3744 ‚
433 3722 471 3738 ae.
493 3713 510 3738 f.
549 3713 685 3748 [πήγανον]
724 3717 821 3748 Hrrba,
839 3719 905 3742 inter
917 3714 1119 3750 communiffimas
1137 3717 1234 3749 vna,de
1247 3727 1295 3753 qua

253 3747 321 3786 l’lm.
338 3756 376 3775 20.
390 3756 416 3786 ’13
436 3749 465 3774 In
481 3749 625 3782 praecipuis
640 3751 858 3778 medicaminibus
871 3757 930 3778 ruta
944 3751 979 3777 est
993 3762 998 3777 z
1032 3751 1128 3777 latiora
1141 3753 1238 3779 satiuae
1253 3754 1293 3780 fo-

253 3783 306 3815 ha,
320 3791 396 3822 ¹rann
424 3783 622 3810 fruticosiores:
661 3785 782 3812 siluestris
805 3786 914 3814 horrida
936 3787 972 3813 est
994 3785 1025 3813 ad
1045 3786 1185 3820 effeftnm,
1205 3795 1229 3815 et
1260 3791 1291 3816 ad

250 3826 343 3844 omn1a
357 3819 452 3845 acrior.
488 3834 531 3838 -—-
567 3820 638 3845 Inter
651 3821 734 3853 prima
749 3823 871 3850 miscetur
882 3822 1008 3849 antidotis
1021 3828 1066 3848 etc.
1104 3824 1190 3849 Multa
1209 3826 1290 3860 versa-

1316 500 1345 518 ιο
1359 492 1414 518 Cic.
1430 493 1500 519 Fam.
1518 496 1556 525 16,
1569 502 1598 525 23
1613 494 1666 519 vid.
1682 499 1862 520 rvirfflvm.

1171 1199 1246 1226 Alibi
1255 1198 1298 1225 sti·
1305 1212 1336 1236 30

426 1374 512 1405 rubri,
526 1377 599 1416 ‘ignei
607 1394 615 1407 ,
641 1374 793 1412 sanguinei,
812 1379 840 1401 in
873 1381 942 1411 equis
967 1381 1040 1403 etiam
1072 1377 1186 1411 probati.
1228 1376 1297 1403 Vnde
1305 1393 1316 1417 3

1256 1553 1299 1579 Sic
1305 1569 1342 1593 40
1361 1565 1384 1590 ς,
1398 1566 1430 1592 57
1456 1558 1550 1585 Famae
1564 1559 1696 1585 Rutilium
1710 1561 1768 1585 suae
1780 1559 1922 1594 relinquat.

918 1731 994 1766 Apud
1008 1730 1065 1757 Isid.
1079 1731 1156 1766 Orig.
1166 1739 1204 1764 12,
1222 1739 1231 1756 1
1246 1730 1336 1768 Ro-43

1190 1910 1221 1935 Et
1235 1909 1318 1949 Rus-5

1320 1924 1337 1942 Ο
1359 1923 1449 1941 cerno.

976 2088 1069 2122 Nempe
1081 2090 1155 2113 etiam
1168 2085 1197 2112 dc
1210 2087 1332 2128 R⁰''¹‘¹·55
1358 2101 1418 2118 cum
1431 2092 1569 2127 diligentia
1585 2093 1693 2128 capillos
1704 2094 1793 2121 cinere
1803 2093 1955 2121 rutilarunt.

1315 2979 1346 3005 80
1359 2982 1385 3005 2,
1398 2976 1439 3000 26.

688 3148 763 3174 fflt'm·
800 3155 845 3181 vt,
862 3148 950 3174 Sanies
965 3149 1075 3175 russ'eola
1094 3147 1215 3175 Pffldfflt·
1231 3149 1301 3175 Peri·
1317 3154 1345 3183 85
1362 3152 1444 3179 barba
1463 3151 1568 3177 fuerunt
1587 3151 1655 3177 Suet.
1673 3152 1738 3177 Ner.
1753 3160 1774 3176 c.
1789 3160 1807 3176 1.
1842 3150 1870 3176 de
1884 3149 2045 3177 Aenobarbis.

1301 3687 1399 3714 roosic
1429 3685 1515 3712 laudat
1551 3682 1616 3719 Voffi
1647 3684 1681 3710 ad
1712 3684 1807 3714 Catuli.
1839 3695 1865 3721 p.
1894 3693 1945 3718 ¹⁴2-

1733 84 1765 123 R
1846 84 2008 126 VT
2317 97 2385 139 248

1356 181 1417 199 vam
1431 178 1530 201 tantum
1552 173 1695 209 prouenit-e
1718 172 1834 199 fertilius
1857 178 1962 207 putant.
1982 174 2045 202 sicut
2067 182 2126 210 apes
2149 172 2261 200 furtiuas
2283 173 2388 208 peslime.

1356 208 1451 235 Pallad.
1465 211 1543 236 Mart.
1557 220 1585 243 4,
1598 217 1624 242 9,
1641 219 1660 240 ¹3
1673 216 1696 234 et
1709 218 1738 242 14
1752 208 1881 244 pluscula,
1900 217 1924 235 et
1936 211 1979 237 boc
1992 215 2080 242 etiam,
2101 210 2295 243 Prosequuntur
2306 210 2389 243 (mter

1350 244 1503 280 serendum)
1521 245 1667 271 maledicus
1680 251 1726 272 etc.

1359 280 1432 306 cari:
1467 289 1546 315 quam
1566 280 1614 306 nisi
1641 279 1805 312 contexens,
1829 280 1976 314 perniciosa
1996 283 2133 308 nascentur
2154 280 2249 306 vicera.

1817 244 1877 270 Col.
1891 252 1924 277 11,
1939 254 1958 278 3,
1969 251 1996 278 38
2016 247 2106 272 Velata
2123 254 2199 271 manu
2214 244 2389 317 debebitguili:

2337 290 2365 307 on
2380 301 2388 310 .

1319 318 1335 345 ς
1358 314 1476 342 scribon.
1486 322 1533 346 118.
1543 321 1582 346 188
1589 316 1628 352 sq.
1660 316 1736 356 Apud
1742 325 1809 351 quem
1816 318 1888 342 etiam
1896 315 2016 343 Siluatica
2023 323 2171 343 memoratur
2180 325 2231 350 117.
2268 321 2291 341 et
2300 315 2390 345 viridia

1355 360 1371 384 5
1383 357 1430 377 etc.
1499 352 1566 378 Cels.
1597 360 1623 384 4,
1657 360 1685 377 21
1703 355 1747 385 sin.
1852 350 1948 384 Neque
1978 352 2092 379 alienum
2126 352 2162 378 est
2199 370 2205 377 .
2243 369 2250 376 .
2287 369 2294 377 .
2328 357 2391 380 cata.

1357 386 1481 420 plasmata
1495 386 1588 413 'immo
1612 387 1700 413 ventri
1724 385 1930 421 inguinibusque
1953 387 2131 418 circumdare,
2151 385 2340 421 praecipueque
2360 396 2390 416 ex

1358 428 1433 448 aceto
1446 429 1531 448 rutam
1546 433 1550 449 :
1586 423 1671 449 vitare
1686 423 1774 453 etiam,
1795 430 1827 448 ne
1841 423 1945 455 supinus
1960 422 2119 450 obdormiat.
2187 424 2227 448 Ita
2243 424 2305 447 enim
2317 423 2390 457 legeu-

1358 456 1415 482 dum
1428 464 1450 482 et
1463 458 1684 494 interpungendum
1695 458 1737 492 este
1751 467 1831 484 monet
1844 459 1980 493 Morgagn.
1998 460 2059 493 Ep.1
2071 463 2098 485 in
2113 458 2182 484 Cels.
2219 458 2257 483 De
2267 458 2392 491 prouerbio

1935 494 2040 520 Coniici
2054 495 2082 520 in
2094 500 2168 521 rutae
2183 492 2279 519 folium
2294 492 2390 521 Petron-

1359 537 1382 553 c.
1395 535 1424 562 37
1437 536 1459 553 et
1475 534 1511 561 58.
1551 530 1680 556 prouerbii
1686 531 1791 565 speciem
1803 529 1890 561 habet,
1909 535 1932 554 et
1942 529 2015 564 sorte
2023 528 2169 565 fignificat,
2189 530 2218 555 In
2227 527 2337 564 Jpatitim
2352 531 2392 556 ml-

1359 566 1450 588 nimum
1462 567 1520 600 cogi
1537 572 1559 590 et
1573 566 1687 591 contrahi
1696 564 1770 600 poste.
1807 565 1876 590 Certe
1888 565 1953 590 nihil
1965 564 2051 597 dlxiJJc
2062 566 2146 591 melius
2166 571 2226 600 puto
2243 569 2393 597 interpretes.
2433 578 2434 583 ¹

1359 599 1486 625 Acuentes
1511 600 1612 626 lumina
1633 607 1706 627 rutae
1733 600 1814 627 Ouid.
1836 600 1910 627 Rem.
1924 601 1981 626 Am.
1995 609 2019 626 v.
2035 605 2086 629 801.
2180 598 2329 633 Capelliana
2340 605 2394 627 ruta

1361 635 1439 660 Mart.
1453 643 1487 673 11⁸
1497 643 1533 666 3²-
1569 636 1685 662 Botanici
1698 636 1809 663 hodierni
1831 636 1927 662 Rutam
1941 635 2085 669 caprariam
2098 634 2196 661 habent.

1318 679 1343 706 ις
1397 669 1580 703 RVTVLA,
1600 680 1637 698 ae.
1665 672 1685 698 f.
1720 674 1786 699 Ruta
1795 670 1891 707 pusilla.
1928 672 1984 698 Cic.
2000 672 2072 698 Fam.
2092 679 2123 703 9,
2136 679 2169 697 22
2201 669 2273 696 Volo
2285 674 2413 698 mentam,

1359 704 1480 740 pusillam
1493 706 1530 732 ita
1542 706 1683 740 appellare,
1700 713 1728 734 vt
1742 708 1865 734 rutulam.

1397 748 1415 767 R
1426 748 1446 766 v
1458 747 1480 767 T
1492 748 1514 768 A
1524 747 1541 768 c
1554 749 1570 768 E
1579 749 1599 768 v
1609 749 1632 774 S,
1647 751 1671 775 a,
1685 752 1738 769 um.
1759 743 1818 769 Adi.
1857 743 1893 768 Ex
1905 748 1973 774 ruta,
1987 748 2031 768 aut
2045 743 2164 774 mixtum,
2181 746 2224 767 aut
2236 741 2333 766 omnino
2344 748 2396 767 con.

1352 775 1461 813 feHum.
1497 777 1594 803 Oleum
1605 784 1740 805 rutaceum
1757 779 1823 805 Plin.
1837 778 1924 805 Valet.
1939 787 1961 810 2,
1977 782 2012 807 28.

1399 818 1418 838 R
1428 818 1473 838 VT
1483 813 1556 839 KTV
1566 820 1578 839 s
1587 832 1595 845 ,
1609 821 1622 840 a
1631 833 1639 845 ,
1658 823 1713 841 um.
1752 814 1832 841 Aliud
1844 813 1904 840 Adi.
1940 810 2114 845 [πηγκνωτὲς]
2151 812 2188 837 Ex
2199 817 2260 838 ruta
2267 808 2396 847 fat‘lumJ:

755 844 790 870 Vt
800 863 808 876 2
828 843 890 870 Falx
904 843 1016 871 fuscal'ia
1026 863 1033 875 ³
1052 847 1070 870 ἱ·
1084 844 1173 880 Ruscis
1180 844 1299 879 secandi-⁴·
1311 858 1347 877 20
1361 847 1495 874 conditum.
1531 848 1598 875 Plin.
1612 857 1650 881 19,
1663 854 1676 879 8
1696 850 1808 876 Inuenio
1821 850 1933 876 mulium
1948 855 2062 875 rutatum
2078 846 2175 881 populo
2189 847 2287 873 datum.
2307 846 2331 872 h.
2339 855 2357 872 e.
2368 849 2396 873 ln

1362 892 1408 918 quo
1423 890 1545 910 macerata
1558 882 1591 917 <st
1601 891 1675 917 ruta,
1690 885 1738 917 fiue
1752 892 1810 912 ruta
1824 884 1977 912 medicatum.
2049 881 2166 910 Martial.
2181 891 2224 918 ιο,
2235 887 2273 914 48,
2287 890 2309 907 11
2329 880 2407 910 Secia!

1363 918 1527 946 coronabunt
1545 923 1644 946 rutatos
1665 930 1716 947 oua
1728 921 1847 947 lacertos.
2262 945 2266 946 .
2380 950 2381 954 ,

1399 961 1418 981 R
1429 961 1449 980 v
1461 961 1483 981 'r
1496 963 1517 982 A
1527 962 1543 982 Β
1553 961 1572 981 R
1584 963 1605 988 1,
1618 964 1705 983 orum.
1724 966 1760 982 m.
1797 954 1871 982 Diffi*
1882 956 1940 982 sunt
1951 955 2017 981 olim
2029 953 2132 986 Rastri,
2151 951 2224 988 quod
2237 950 2343 979 eradant
2351 956 2397 980 ter·

1362 998 1419 1017 ram
1432 996 1511 1025 atque
1527 997 1635 1024 eruant,
1652 990 1710 1025 teste
1724 993 1844 1019 Varrone
1857 991 1888 1017 de
1903 992 1932 1017 L.
1946 991 2052 1023 L·4‚3¹·

1399 1033 1417 1052 R
1427 1033 1447 1052 v
1457 1033 1478 1052 T
1488 1034 1507 1053 A
1520 1033 1535 1053 13
1545 1025 1565 1051 ὕ
1573 1033 1588 1052 L
1599 1033 1618 1051 v
1630 1034 1665 1059 M,
1678 1027 1695 1053 i.
1720 1036 1746 1054 n.
1781 1026 1971 1060 lustramentum
1982 1025 2073 1053 ruendo
2084 1031 2168 1060 aptum
2247 1023 2401 1050 Instrumen-

1362 1066 1429 1094 tum,
1443 1071 1497 1096 quo
1519 1068 1629 1089 vtuntur
1652 1063 1742 1090 rustici
1763 1063 1791 1093 in
1811 1061 1962 1098 proruendo
1982 1063 2058 1096 igne,
2076 1061 2147 1095 panis
2161 1059 2294 1094 coquendi
2305 1059 2399 1093 gratia,

1361 1097 1457 1124 Festus.
1515 1099 1626 1125 Vtuntur
1639 1099 1705 1125 Cato
1719 1108 1741 1125 c.
1758 1108 1788 1125 ιι.
1834 1105 1858 1124 et
1872 1098 2004 1124 Columel.
2017 1106 2054 1130 12,
2070 1103 2095 1127 18
2108 1104 2131 1122 et
2144 1105 2179 1122 20
2191 1104 2215 1121 ct
2226 1103 2261 1127 31.
2332 1095 2399 1122 Inter

1359 1142 1460 1159 munera
1467 1133 1577 1160 ridicula
1577 1134 1745 1169 saturnalicia
1753 1133 1864 1171 refertur
1877 1143 1892 1160 a
1905 1134 1972 1160 Suet.
1981 1133 2047 1166 Aug.
2056 1142 2077 1158 c.
2086 1139 2125 1166 75.
2254 1128 2274 1167 fl
2290 1138 2306 1156 2
2324 1128 2397 1164 Apud
2410 1143 2411 1146 ¹

1361 1169 1479 1200 Festum,
1499 1170 1620 1196 Naeuius
1632 1170 1789 1199 obscoenam
1804 1170 1857 1196 viri
1871 1175 1971 1204 partem
1990 1168 2154 1199 describens,
2191 1166 2240 1193 Vel
2276 1165 2398 1200 (inquit)

1360 1212 1427 1237 quae
1441 1205 1524 1238 sperat
1536 1206 1561 1232 se
1575 1213 1716 1241 nupturam
1730 1207 1766 1233 iri
1778 1205 1991 1238 adulescentulo,
2010 1212 2040 1231 ea
2051 1204 2114 1230 licet
2127 1202 2209 1230 senile
2222 1204 2316 1228 tractet
2328 1201 2399 1228 retri-

1358 1244 1415 1266 tum
1429 1240 1592 1267 rutabulum.

1396 1282 1414 1302 R
1425 1281 1445 1300 V
1453 1281 1474 1300 T
1485 1282 1494 1301 1
1504 1283 1520 1301 L
1529 1282 1539 1301 1
1548 1281 1569 1300 v
1580 1282 1592 1302 s
1602 1295 1611 1308 ,
1634 1285 1649 1303 a
1658 1296 1666 1308 ,
1683 1286 1737 1303 um.
1774 1277 1861 1303 Gentis
1875 1277 1997 1303 Romanae
2008 1285 2093 1302 nomen
2108 1285 2115 1300 :
2152 1283 2163 1300 e
2176 1282 2223 1309 qua
2235 1272 2289 1305 ille,
2307 1272 2336 1298 de
2359 1280 2407 1308 quat

1360 1310 1455 1337 Cicero
1468 1311 1496 1337 in
1510 1310 1582 1337 Brut.
1599 1319 1635 1343 ¹13
1655 1312 1772 1338 Rutilius
1786 1313 1814 1338 in
1828 1312 1943 1346 quodam
1956 1311 2023 1338 tristi
2035 1317 2061 1337 et
2073 1312 2165 1337 seuero
2186 1309 2289 1336 dicendi
2310 1315 2423 1348 genere-2,

1360 1347 1486 1377 versatus,
1498 1355 1623 1380 magnum
1635 1355 1732 1372 munus
1745 1347 1777 1372 de
1794 1348 1852 1372 iure
1865 1347 2039 1380 respondendi
2052 1346 2202 1373 sustinebat.
2273 1345 2335 1371 Sunt
2349 1350 2398 1369 emt
2411 1355 2421 1366 κ

1322 1392 1333 1400 -
1361 1383 1496 1409 orationes
1522 1383 1643 1415 ieiunae,
1665 1381 1747 1408 multa
1769 1381 1900 1416 praeclara
1923 1381 1954 1407 de
1976 1382 2050 1413 iure,
2068 1380 2158 1407 doGtus
2181 1380 2237 1412 vir,
2259 1386 2284 1406 et
2298 1378 2421 1406 Graecis-.-

1359 1417 1444 1444 literis
1457 1418 1594 1450 eruditus,
1614 1417 1731 1444 Panaetii
1744 1417 1866 1448 auditor,
1886 1425 1967 1451 prope
1983 1415 2114 1450 perfectus
2125 1417 2161 1441 'iu
2181 1415 2283 1442 Stoicis.
2354 1415 2407 1441 Ηίιη

1362 1451 1411 1485 est,
1429 1453 1458 1479 de
1470 1463 1515 1489 quo
1529 1454 1611 1480 Ouid.
1627 1462 1658 1480 ex
1674 1454 1759 1480 Ponto
1771 1461 1791 1485 1,
1807 1461 1829 1485 3,
1842 1455 1872 1484 63
1891 1453 1922 1479 Et
1935 1460 2015 1486 graue
2028 1450 2188 1485 magnanimi
2203 1450 2286 1487 robur
2307 1449 2405 1477 mitat(-

1362 1488 1457 1514 Rutill.
1494 1491 1537 1515 Al.
1552 1489 1657 1514 Rutilii.
1751 1488 1797 1516 Sed
1817 1498 1865 1514 vno
1880 1487 1888 1513 1
1904 1488 1989 1523 Heins.
2004 1497 2032 1514 ac
2045 1488 2089 1514 Bw
2099 1496 2130 1512 m.
2143 1486 2183 1512 hic
2196 1492 2219 1511 et
2237 1485 2301 1511 Fast.
2315 1486 2348 1517 6,
2360 1487 2397 1518 563

1361 1523 1435 1548 Hanc
1449 1522 1512 1555 tibi,
1524 1524 1587 1556 Qio
1602 1532 1724 1557 properas
1739 1525 1750 1551 3
1784 1530 1933 1550 memorant
1952 1523 2058 1555 dixisse,
2077 1521 2172 1549 Rutili.
2226 1521 2272 1549 sed
2289 1520 2392 1548 Martial

1964 1559 2055 1594 Versus
2068 1557 2099 1590 cst
2115 1558 2268 1584 Phalaecius.
2305 1554 2345 1589 fist
2362 1556 2396 1583 hic

1361 1594 1478 1620 Rutilius
1492 1595 1580 1629 Lupus
1591 1595 1685 1621 Rhetor
1697 1595 1796 1622 nobilis.
1852 1596 1939 1621 Plures
1951 1595 2054 1621 laudant
2068 1594 2179 1625 Cicero,
2196 1592 2253 1618 Val.
2263 1592 2394 1625 Maximus,

1359 1635 1406 1655 etc.
1503 1630 1622 1656 Rutilius
1636 1631 1763 1657 Geminus
1777 1631 1806 1657 in
1821 1629 2021 1657 Pontificalibus
2034 1629 2109 1656 libris
2122 1628 2240 1655 laudatur
2258 1638 2273 1654 a
2287 1625 2395 1662 Fulgent,

1359 1665 1454 1699 Expos.
1468 1664 1550 1692 Serm.
1560 1666 1619 1691 Ant.
1634 1675 1659 1700 p.
1677 1675 1719 1700 172
1734 1666 1825 1692 Munk.
1929 1666 2034 1698 Festus,
2055 1665 2201 1698 Rutilium,
2220 1663 2311 1690 rufum
2327 1663 2394 1698 signi·

1358 1700 1436 1727 sicat:
1473 1701 1546 1727 cuius
1571 1702 1671 1728 coloris
1691 1701 1822 1728 studiosae
1840 1701 1921 1728 etiam
1941 1702 2064 1735 antiquae
2085 1701 2210 1727 mulieres
2223 1699 2313 1733 fuere,
2334 1699 2394 1726 vnde

1358 1741 1478 1766 traxere,
1496 1737 1656 1770 cognomina
1668 1737 1802 1769 Rutiliae,
1820 1742 1850 1764 vt
1863 1738 1962 1764 indicat
1980 1737 2134 1770 frequenter
2155 1735 2289 1762 Afranius.

1359 1772 1477 1799 conrad
1489 1773 1548 1798 Val.
1562 1774 1633 1799 Max.
1650 1782 1671 1805 2,
1684 1783 1707 1805 7,
1722 1782 1732 1803 3
1753 1773 1874 1799 Rutilum
1887 1774 1964 1810 legit,
1979 1779 2001 1799 et
2014 1775 2107 1799 omittit
2124 1771 2250 1797 Rutiliae.

1395 1812 1415 1833 R
1424 1813 1444 1832 V
1455 1813 1475 1832 T
1484 1806 1496 1833 ‘1‘
1505 1814 1522 1833 ι,
1533 1813 1555 1835 o
1565 1828 1574 1840 ‚
1591 1812 1645 1835 are.
1681 1808 1823 1845 [πνρῤίζω]
1859 1809 1989 1844 Splendere
2003 1819 2011 1833 :
2047 1808 2110 1835 vnde
2123 1806 2201 1840 dicit,
2224 1807 2324 1833 Aurum
2337 1805 2392 1833 ruti·

1360 1843 1414 1869 lare
1431 1843 1498 1869 Plin.
1513 1845 1551 1876 16,
1566 1852 1597 1870 11.
1701 1845 1780 1870 Arma
1793 1844 1903 1870 rutilant
1921 1844 1996 1878 Virg.
2012 1844 2067 1870 Aen
2091 1848 2115 1876 8,
2132 1851 2187 1875 529.
2272 1843 2355 1869 Varro
2366 1840 2392 1868 dc

1359 1879 1389 1905 L.
1403 1879 1433 1904 L.
1447 1881 1474 1911 6,
1487 1886 1500 1911 ς
1513 1888 1536 1912 ρ.
1551 1885 1592 1913 78,
1607 1887 1640 1912 29
1659 1879 1737 1913 Apud
1756 1879 1878 1912 Affium,
1900 1881 2008 1914 Iamque
2031 1887 2155 1906 auroram
2178 1878 2288 1905 rutilare
2309 1876 2392 1912 procul

1504 1915 1610 1941 Aurora
1629 1914 1728 1942 dicitur
1747 1920 1807 1942 ante
1821 1915 1882 1942 solis
1897 1921 2002 1945 ortum,
2020 1914 2053 1941 ab
2066 1924 2113 1945 eo,
2134 1914 2205 1948 quod
2219 1913 2251 1940 ab
2265 1914 2323 1949 igne
2335 1912 2391 1939 solis

1359 1955 1417 1976 tum
1431 1958 1512 1976 aureo
1525 1952 1570 1976 ac'r
1583 1951 1702 1977 aurescit.
1754 1950 1834 1984 Qiod
1853 1951 1926 1977 addit
1946 1950 2080 1982 Rutilare,
2101 1950 2136 1976 est
2151 1955 2183 1976 at>
2196 1949 2288 1976 eodem
2300 1947 2387 1976 colore.

1358 1986 1441 2013 Aurei
1454 1985 1526 2011 enim
1538 1986 1636 2012 rutuli:
1671 1992 1696 2013 et
1709 1986 1771 2014 inde
1783 1987 1862 2013 etiam
1875 1986 1998 2013 mulieres
2012 1986 2088 2013 valde
2102 1985 2177 2012 rufae
2190 1985 2289 2011 Rutilae
2299 1981 2382 2009 dietae.

1359 2019 1380 2058 ff
1398 2031 1410 2048 2
1448 2021 1582 2053 Rutilare,
1601 2020 1738 2055 Abiiuum,
1751 2028 1800 2058 pro
1813 2023 1923 2049 Rutilum
1931 2022 2028 2058 facere.
2063 2022 2122 2048 Val.
2139 2021 2210 2047 Max.
2228 2027 2291 2054 2,1,5
2305 2017 2382 2044 dema-

1358 2059 1442 2083 tronir
1461 2058 1594 2088 Romanis,
1615 2059 1677 2091 Qio
1698 2058 1814 2084 formam
1832 2059 1904 2084 suam
1921 2057 2121 2084 concinniorem
2132 2055 2272 2087 efficerent,
2286 2053 2377 2079 sumum

1998 2093 2056 2120 Vid.
2067 2094 2099 2129 1J2
2115 2091 2176 2125 Voss
2184 2087 2385 2124 adCatull.p.142.

1359 2128 1481 2162 Caligula
1494 2128 1560 2164 apud
1572 2128 1640 2154 Suet.
1655 2138 1676 2155 c.
1689 2137 1726 2163 47
1744 2129 1864 2156 Rutilare
1876 2138 1979 2156 comam
1992 2132 2058 2165 cogit
2071 2138 2120 2161 eos,
2133 2129 2175 2163 qui
2187 2126 2296 2153 Germani
2309 2121 2386 2162 uideri

1359 2163 1485 2190 debebant.
1558 2163 1623 2189 Plin.
1644 2169 1679 2195 18,
1700 2173 1729 2190 12
1752 2165 1899 2199 defizpone,
1924 2164 2064 2191 Gallorum
2077 2164 2128 2191 hoc
2142 2163 2278 2190 inuentum
2289 2157 2391 2186 rutilan-

1358 2199 1398 2225 dis
1425 2198 1526 2233 capillis
1549 2207 1580 2224 ex
1605 2199 1666 2224 seuo
1689 2204 1714 2224 et
1734 2199 1831 2224 cinere.
1852 2202 1870 2224 i.
1882 2199 1976 2234 sapone
1989 2210 1996 2223 :
2034 2200 2062 2226 de
2081 2209 2128 2235 qua
2142 2208 2169 2226 re
2190 2195 2301 2224 Martial.
2315 2192 2390 2233 ¹43².⁶

1358 2233 1476 2258 Caustica
1490 2234 1608 2265 (Cattica
1620 2234 1678 2268 al.)
1697 2232 1866 2259 Teutonicos
1879 2234 1996 2259 accendit
2009 2235 2098 2267 spuma
2116 2234 2225 2267 capillos
2238 2243 2243 2259 :
2279 2231 2391 2265 Captiuis

1359 2267 1492 2303 (absciffis
1505 2277 1516 2293 e
1532 2269 1675 2294 Germanico
1689 2269 1810 2303 corpore)
1823 2269 1919 2303 poteris
1933 2268 2029 2294 cultior
2044 2269 2092 2294 esse
2107 2270 2197 2294 comis.
2232 2265 2316 2301 (Vid.
2335 2269 2390 2291 SPV-

1362 2309 1414 2329 MA
1435 2312 1459 2328 n.
1473 2306 1511 2334 2.)
1537 2303 1660 2328 Accendit
1674 2306 1754 2338 igitur
1768 2305 1830 2329 idem
1844 2303 1876 2335 est
1889 2304 1952 2338 quod
1965 2303 2063 2330 rutilat.
2111 2305 2176 2338 Ergo
2191 2303 2300 2328 rutilare
2313 2307 2390 2327 comm

1359 2347 1408 2362 non
1420 2336 1454 2370 est
1467 2340 1597 2372 crispare,
1617 2337 1681 2374 quod
1694 2337 1824 2364 uidebatur
1837 2339 1976 2370 Gronouio,
1988 2339 2081 2373 summo
2101 2342 2155 2364 uiro
2164 2355 2172 2367 ,
2196 2338 2229 2363 ad
2250 2338 2306 2362 Sen.
2320 2337 2390 2362 Herc

1360 2372 1413 2396 ἴω·-
1429 2379 1482 2404 948
1498 2384 1503 2398 :
1532 2374 1581 2406 sed
1591 2376 1695 2399 colorem
1710 2373 1836 2405 rutilum,
1855 2372 1942 2404 ξανθὸν
1949 2374 1975 2408 s.
1988 2373 2072 2408 πυρῤδν
2085 2373 2194 2399 inducere
2207 2383 2215 2398 .·
2250 2371 2313 2407 quod
2326 2367 2391 2407 egrff
2405 2404 2406 2407 Ἰ

1359 2406 1450 2431 Gallos
1471 2413 1495 2432 et
1517 2408 1666 2438 Germanos,
1687 2408 1793 2434 dilucide
1811 2411 1849 2434 ait
1870 2408 1947 2435 Dmd.
1960 2409 2009 2436 Sic.
2019 2418 2045 2442 5,
2058 2415 2089 2438 28
2098 2415 2142 2444 pr.
2243 2408 2274 2433 Se
2289 2405 2388 2433 tiammi

2356 1736 2393 1763 Sea

918 2437 1046 2462 Caeterum
1074 2437 1160 2462 docent
1180 2437 1298 2472 exempla,
1313 2439 1419 2477 63s011-s
1440 2441 1541 2467 Arnob.
1558 2450 1566 2467 ι
1585 2450 1609 2475 p.
1624 2449 1649 2475 7.

1402 2483 1421 2502 R
1431 2482 1453 2501 v
1463 2484 1484 2503 T
1494 2476 1504 2503 ί
1515 2483 1531 2502 L
1542 2483 1563 2503 A
1573 2483 1595 2502 N
1607 2484 1631 2508 s,
1645 2476 1721 2502 antia.
1742 2476 1834 2502 Partic.
1872 2477 1933 2503 Stat.
1949 2477 2039 2503 Theb.
2056 2487 2088 2510 11,
2102 2487 2147 2511 514
2167 2478 2288 2511 Aruaque
2302 2475 2388 2511 sangui

1359 2519 1412 2537 neo
1425 2512 1516 2538 scribit
1527 2512 1664 2538 rutilantia
1677 2520 1751 2546 gyro.
1859 2512 1972 2547 Compar.
2010 2513 2146 2538 Fortunat.
2161 2518 2184 2545 8,
2199 2522 2211 2545 5
2236 2512 2391 2540 Vellereean·

1363 2544 1453 2571 didior
1466 2547 1564 2578 niueo,
1588 2547 1745 2573 rutilantior
1763 2555 1836 2573 auro·

1396 2587 1416 2607 R
1426 2586 1447 2606 V
1459 2587 1482 2607 Τ
1494 2588 1503 2606 1
1514 2583 1555 2607 LA
1564 2588 1584 2607 Τ
1595 2588 1615 2606 V
1628 2588 1652 2614 S,
1665 2590 1689 2613 a,
1701 2591 1755 2608 um.
1791 2582 1882 2608 Tacit.
1897 2581 1964 2608 Hist.
1978 2590 2007 2615 4,
2019 2584 2075 2614 61,1
2095 2581 2202 2613 Ciuilis,
2214 2582 2325 2610 barbaro
2332 2587 2391 2610 voto

1331 2630 1347 2647 0
1361 2625 1509 2651 propexum
1523 2616 1712 2651 rutilatumque
1726 2616 1826 2642 crinem
1840 2623 1939 2650 patrata
1952 2617 2057 2643 demum
2070 2616 2147 2643 caede
2158 2617 2301 2651 legionum,
2317 2618 2390 2652 depo-

1359 2652 1419 2678 suit.
1528 2653 1627 2678 Comae
1641 2652 1779 2686 promissae
1793 2657 1819 2678 et
1830 2651 1952 2678 rutilatae
1986 2653 2044 2678 Liu.
2058 2657 2095 2684 38,
2109 2659 2147 2685 17.
2173 2655 2190 2678 ι’.
2204 2656 2294 2681 rutilae
2305 2663 2318 2680 a
2331 2653 2390 2680 cultu

1360 2695 1384 2713 et
1389 2687 1498 2723 sapone,
1518 2688 1571 2715 uid.
1585 2694 1709 2714 RVTILO
1725 2697 1751 2714 n.
1765 2695 1787 2713 2.
1877 2686 1996 2713 Rutilato
2018 2687 2118 2714 Colore
2130 2688 2262 2716 coruscare
2281 2686 2387 2716 Tenuit

1361 2723 1392 2750 de
1408 2723 1503 2749 Anima
1517 2733 1537 2750 c.
1550 2732 1574 2755 9.

1399 2765 1418 2785 R
1427 2766 1448 2784 V
1456 2765 1477 2784 T
1489 2766 1497 2784 1
1510 2765 1526 2785 L
1541 2765 1557 2785 E
1568 2766 1580 2786 S
1590 2765 1606 2785 C
1615 2765 1634 2785 O
1650 2778 1658 2790 ,

1691 2760 1743 2785 ere.
1780 2758 1982 2799 [πυρῥκκῖμαι1
2016 2758 2127 2785 Rutilum
2140 2756 2220 2793 fieri.»
2244 2759 2312 2784 Plin.
2330 2760 2390 2796 ξ,ςι

1242 2792 1298 2817 Hac
1311 2802 1344 2830 75
1360 2795 1390 2821 In
1405 2794 1515 2828 Alpibus
1529 2794 1635 2821 candidi
1649 2794 1865 2829 lepores,quibus
1879 2794 1997 2821 hibernis
2010 2793 2141 2820 mensibus
2152 2802 2200 2828 pro
2215 2792 2300 2819 cibatu
2313 2800 2390 2818 n1ueu

1361 2830 1470 2857 credunt
1484 2831 1533 2857 effe
1549 2841 1555 2856 ε
1591 2835 1661 2856 certe
1675 2830 1835 2864 liquescente
1849 2839 1878 2856 ea
1893 2830 2048 2857 rutilescunt
2060 2829 2137 2856 annis
2152 2828 2283 2855 omnibus.
2329 2827 2390 2854 Sacra

1360 2866 1468 2900 fulgura
1480 2875 1526 2893 cur
1538 2865 1689 2892 rutilescant
1709 2867 1787 2892 Mart.
1802 2865 1908 2900 Capella
1924 2875 1935 2891 2
1952 2876 1974 2901 p.
1990 2874 2024 2892 21.

1397 2909 1414 2928 R
1427 2902 1517 2929 VTiL
1527 2908 1547 2927 V
1555 2909 1577 2932 s,
1593 2910 1616 2934 a,
1629 2911 1684 2928 um.
1704 2901 1765 2928 Adi.
1801 2901 1914 2937 [nupgio'g
1928 2901 2029 2937 πυρόεις]
2065 2899 2176 2935 Rubrifi
2190 2898 2239 2936 rufi
2250 2897 2389 2934 coloris-spe

1360 2940 1419 2969 citu,
1434 2937 1498 2974 quod
1508 2937 1633 2973 robigini‚
1650 2938 1765 2973 capillis,
1786 2946 1861 2967 auro,
1875 2937 1997 2973 sanguini
2010 2944 2054 2963 etc.
2068 2936 2200 2962 tribuetur.
2261 2934 2318 2961 Fid.
2333 2932 2388 2961 Geli

1492 2974 1605 3000 Seruatus
1620 2981 1678 2999 veru
1691 2980 1789 3009 tergens
1802 2973 1868 3008 apud
1883 2973 1961 2999 Plaut.
1977 2972 2044 2998 Rud.
2058 2979 2082 3005 ς,
2095 2980 2121 3004 2,
2136 2980 2167 3005 14
2195 2971 2266 2997 Nam
2280 2969 2330 2996 hoc
2343 2969 2391 3004 qui·

1361 3009 1420 3035 dem
1434 3009 1478 3044 pol
1490 3018 1504 3035 e
1516 3007 1641 3042 robigine
1656 3017 1709 3034 non
1723 3018 1736 3035 e
1749 3009 1823 3035 ferro
1848 3008 2022 3034 fabrefactum
2046 3007 2083 3033 est
2098 3017 2104 3032 :
2140 3008 2177 3032 ita
2196 3012 2296 3040 quanto
2319 3005 2396 3040 magi&¹

1361 3051 1497 3079 extergeo,
1518 3044 1649 3076 rutilum,
1671 3050 1748 3078 atque
1770 3045 1875 3070 tenuius
1896 3043 1933 3070 tit.
2040 3043 2070 3069 In
2091 3042 2168 3068 fidem
2183 3041 2323 3068 maiestatis
2335 3040 2390 3067 ade(

1360 3080 1517 3116 permulsisse
1529 3080 1623 3111 malas,
1640 3086 1667 3106 vt
1680 3089 1694 3105 e
1708 3081 1786 3114 nigro
1798 3080 1908 3106 rutilum
1921 3079 2028 3113 aerique
2041 3078 2173 3104 assimilem
2196 3077 2320 3112 capillum
2341 3075 2390 3103 red-

1363 3117 1472 3143 derent:
1509 3115 1578 3150 quod
1595 3115 1694 3149 insigne
1707 3115 1799 3141 mansit
1813 3121 1839 3141 et
1853 3115 1881 3141 in
1896 3114 2003 3149 posteris
2014 3114 2070 3141 eius
2091 3120 2116 3141 et
2135 3122 2226 3147 magna
2247 3122 2303 3147 pars
2321 3111 2394 3139 rutila

2150 3150 2215 3175 Plin.
2230 3153 2253 3181 8,
2270 3153 2295 3178 ¹8
2327 3147 2394 3174 Albin

1362 3188 1472 3214 maculis
1487 3186 1595 3213 rutilum
1609 3187 1726 3213 colorem
1739 3186 1967 3219 distinguentibus.
2073 3185 2144 3212 Idem
2158 3188 2190 3217 6,
2204 3192 2235 3210 22
2254 3184 2324 3218 Ipsos
2337 3191 2393 3210 vert¹

1363 3223 1489 3250 excedere
1503 3222 1641 3251 hominum
1657 3221 1881 3256 magnitudinem,
1899 3220 1985 3248 rutilis
1998 3221 2090 3253 comis,
2105 3220 2230 3246 caeruleis
2245 3218 2394 3251 oculis,oris

1361 3260 1426 3286 sono
1439 3258 1515 3285 truci.
1609 3258 1690 3284 Aurei
1703 3257 1795 3289 rutili,
1816 3263 1841 3283 et
1855 3256 1916 3283 inde
1930 3258 2010 3283 etiam
2022 3256 2147 3283 mulieres
2163 3255 2236 3282 valde
2255 3255 2330 3281 rufae
2339 3274 2347 3288 ,
2357 3262 2393 3281 ru·

1361 3295 1424 3322 tilae
1437 3293 1522 3320 duffiae
1558 3294 1643 3320 Varro
1659 3293 1690 3319 de
1703 3293 1732 3319 L.
1745 3294 1774 3319 L.
1791 3295 1822 3324 6,
1835 3302 1846 3325 ς
1862 3303 1885 3326 p.
1899 3297 1939 3327 78,
1953 3301 1990 3324 32.
2089 3293 2170 3318 Canes
2184 3290 2295 3323 rutilae,
2315 3290 2343 3317 id
2354 3288 2393 3323 esti

1253 3327 1302 3355 Sed
1311 3339 1347 3364 90
1361 3340 1415 3357 non
1431 3329 1520 3365 procul
1533 3337 1547 3355 a
1562 3329 1645 3355 rubro
1659 3328 1767 3360 colore,
1781 3328 1971 3360 immolantur,
1988 3333 2015 3354 vt
2028 3328 2064 3354 ait
2079 3328 2168 3354 Ateius
2187 3326 2298 3360 Capito,
2320 3327 2393 3352 Canac

1361 3367 1404 3393 rio
1418 3365 1546 3393 sacris-icio
1566 3374 1614 3399 pro
1639 3364 1760 3398 frugibus
1774 3363 1948 3398 deprecandae
1963 3363 2086 3390 saeuitiae
2100 3363 2172 3389 causa
2188 3361 2276 3388 sideris
2291 3362 2393 3388 Canicm

1362 3403 1411 3429 lae.
1448 3401 1543 3427 Festus.
1638 3400 1735 3435 Capilli
1748 3400 1823 3426 rutili
1846 3399 1926 3426 Ouid.
1940 3400 2004 3426 Met.
2018 3408 2042 3430 2,
2056 3407 2106 3431 519.
2210 3398 2309 3424 Ceruix
2323 3398 2392 3424 leoni:

1360 3438 1418 3464 Sen.
1432 3438 1509 3463 Herc.
1523 3436 1576 3462 fur.
1589 3440 1648 3469 948.
1755 3436 1854 3462 Comae
1885 3436 1952 3462 Tac.
1967 3436 2057 3461 Germ.
2072 3443 2098 3466 4,
2111 3441 2126 3459 2
2146 3431 2189 3458 vbi
2204 3433 2256 3458 vid.
2272 3432 2339 3468 LipJI
2373 3439 2391 3458 e·

1361 3473 1448 3508 Agric.
1467 3481 1480 3498 c
1512 3481 1550 3504 11,
1565 3480 1590 3498 2.
1697 3470 1753 3497 Sint
1765 3471 1844 3498 tediis
1857 3471 1997 3505 rutilisque
2010 3468 2128 3497 Cristulis
2154 3467 2260 3494 Colum.
2275 3473 2299 3501 8,
2311 3477 2333 3494 2.
2367 3465 2391 3495 dei

1673 3507 1761 3533 Cruor
1780 3507 1964 3540 Ouid.Met.5‚
1977 3511 2013 3538 83.
2119 3503 2233 3529 Flamma
2255 3501 2391 3530 ldemFaffi

1359 3554 1383 3577 3,
1396 3550 1448 3576 285.
1540 3543 1611 3570 Mars
1624 3541 1718 3567 rutilus
1731 3549 1757 3568 et
1770 3541 1911 3569 horribilis
1925 3550 2002 3569 terris
2022 3539 2077 3567 Cic.
2091 3539 2119 3564 in
2132 3539 2221 3565 Somn.
2237 3539 2303 3573 Scip.
2318 3545 2390 3571 9⁶·4*

1361 3579 1484 3613 desidere.
1589 3576 1679 3603 Paleae
1700 3586 1731 3604 ex
1750 3578 1832 3604 rutilo
1848 3579 1987 3605 albicantes
2007 3575 2110 3602 Colum.
2126 3579 2149 3606 8,
2159 3583 2180 3600 2.
2273 3575 2390 3608 Squamae

1359 3615 1435 3648 Virg.
1463 3615 1559 3646 Georg.
1583 3621 1611 3645 4,
1630 3621 1670 3645 93.
1763 3614 1903 3650 Compara.
1939 3614 2004 3640 Cato
2025 3611 2053 3638 in
2066 3609 2204 3643 Originib.
2215 3610 2281 3645 apud
2296 3608 2387 3649 Charis

1359 3650 1484 3678 Mulieres
1498 3648 1600 3675 nostrae
1614 3648 1739 3682 capillum
1753 3650 1841 3677 cinere
1855 3647 2054 3683 inungitabant,
2073 3651 2101 3671 vt
2114 3646 2224 3672 rutilior
2237 3646 2295 3672 esset
2310 3651 2389 3671 crinis«

2034 3680 2081 3709 Sed
2101 3682 2232 3717 Putfihius
2249 3688 2279 3718 p.
2293 3688 2325 3716 78
2336 3677 2386 3707 med

1355 3720 1450 3749 rutilus
1467 3719 1544 3746 dedit.

1391 3763 1409 3783 R
1419 3763 1439 3783 v
1448 3763 1470 3782 Τ
1480 3761 1499 3781 r.
1511 3762 1532 3781 v
1543 3760 1581 3786 M,
1597 3754 1614 3780 i.
1636 3763 1661 3780 n.
1697 3755 1799 3790 [σκάφη
1811 3759 1822 3790 ]
1860 3753 2058 3788 lustramentum,
2071 3759 2116 3786 quo
2131 3751 2193 3787 quid
2204 3754 2295 3814 rginler.
2331 3751 2386 3812 &iai

2231 3797 2259 3813 Cal
2270 3796 2324 3823 [ger
2355 3793 2369 3812 ὃ
2379 3800 2386 3806 ·

1354 3801 1386 3820 ro
1399 3792 1431 3818 de
1443 3792 1473 3818 L.
1486 3791 1515 3817 L.
1529 3800 1552 3822 4,
1566 3798 1588 3821 31
1604 3799 1628 3824 p.
1643 3797 1680 3822 33,
1697 3799 1720 3822 1,-
1740 3792 1852 3819 Rutrum
1866 3797 1894 3817 vt
1907 3789 2007 3817 ruitum
2020 3795 2033 3812 a
2047 3787 2158 3813 ruendo.
2296 3823 2315 3849 F
2331 3820 2350 3849 st
2367 3828 2377 3846 ι

2317 3830 2329 3848 e
2351 3829 2366 3846 u
2381 3839 2386 3851 ,

1352 3836 1409 3854 cem
1424 3832 1611 3865 interpretatur
1621 3826 1688 3859 (hoc
1700 3831 1764 3853 enim
1777 3827 1871 3863 κρωπῖον
1885 3823 1939 3859 gli)
1957 3828 2060 3857 itemque
2074 3822 2229 3849 hostorium.

249 3853 322 3881 batur
334 3856 402 3880 circa
415 3863 466 3880 eam
478 3853 576 3881 herbam
583 3855 740 3890 ficpeistitio.
776 3866 801 3883 υ.
816 3868 839 3893 g.
856 3858 922 3885 Plin.
937 3865 1000 3893 19‚7
1013 3864 1077 3884 extr.
1102 3858 1199 3886 Rutam
1213 3860 1342 3899 furti-105
1351 3864 1464 3891 Rutrum
1478 3860 1590 3889 tenentis
1605 3861 1707 3888 1uuenis
1720 3861 1819 3897 effigies
1833 3863 1861 3889 in
1875 3859 2010 3895 Capitolio
2024 3858 2126 3896 Ephebi
2139 3858 2207 3889 fuit,
2225 3867 2300 3885 more
2314 3857 2385 3883 Grae-

2298 3898 2384 3919 corum
