2434 4156
40 102 111 140 129
419 79 452 119 R
539 47 585 117 E*
665 76 704 116 G

138 174 219 209 Regia
233 177 296 208 pars
308 169 410 200 theatri,
429 168 499 195 aulae
510 170 593 205 regiae
603 166 716 203 formam
726 163 817 204 babens
834 164 941 191 Sueton.
951 164 1016 198 Aug.
1026 174 1047 191 c.
1057 173 1083 197 31

45 187 162 248 Pogipeii
176 216 280 244 quoque
293 207 400 233 statuam
410 224 418 237 ,
438 210 530 231 contra
544 203 637 230 theatri
654 201 710 228 eius
724 201 833 243 Regiam
853 208 1005 226 marmoreo
1019 202 1084 227 Iano

47 240 179 283 supposuit
197 244 242 280 (f.
255 240 446 277 superposuit).
502 241 595 266 Ascon.
610 237 642 265 ad
649 238 696 278 Or.
711 245 759 270 pro
766 237 877 266 Scauro,
891 235 947 270 post
960 241 1013 262 tres
1028 245 1084 270 par-

45 291 97 314 tes,
110 281 142 308 de
156 277 332 308 domoScauri
341 297 348 308 ,
369 278 398 303 In
412 276 490 302 huius
506 275 596 302 domus
611 280 680 300 atrio
692 272 801 314 fuerunt
815 279 930 312 quatuor
943 271 1084 312 columnae

42 325 206 347 marmoreae
224 314 318 349 insigni
331 313 528 347 magnitudine,
546 318 611 346 quac
622 318 691 335 nunc
704 310 752 334 cssc
766 316 794 334 in
808 308 889 340 Regia
903 308 1000 348 theatri
1014 310 1083 349 Mar.
1105 319 1119 345 5

42 354 105 381 celli
118 352 251 380 dicuntur.
307 349 414 375 Vitruu.
435 357 456 381 ς,
470 356 488 383 7
512 348 581 382 Ipsae
594 346 683 371 scenae
695 344 751 370 suas
763 342 860 370 habent
872 351 989 384 rationes
1002 345 1086 379 expli.

42 396 124 420 tatas,
144 389 181 415 ita
198 393 226 414 vt
244 385 346 412 mediae
364 384 456 411 valuae
475 389 579 411 ornatus
602 380 715 407 habeant
733 379 807 406 aulae
828 388 927 414 regiae.
965 380 1085 406 Βασίλειον

43 428 117 452 etiam
131 425 232 450 Graecis
249 422 312 449 hanc
321 428 421 456 partem
435 420 500 453 dici,
509 423 579 453 patet
592 426 620 442 ex
636 418 730 443 Polluce
743 426 769 449 4,
782 425 837 456 1'24.
852 450 857 455 ·
965 413 985 453 fl
1001 427 1012 446 ς
1038 418 1087 457 ys-

43 460 90 487 bes
108 468 138 486 ac
156 458 252 494 oppida
271 463 449 491 cognomento
467 454 538 483 velut
556 453 720 486 appellantur
733 452 831 493 Regiae
851 459 878 476 in
891 451 949 477 Vct.
966 452 1087 487 inscript.

43 495 94 528 fic,
129 494 238 521 ALBA
280 493 413 519 REGIA
429 512 436 524 ,
478 488 655 517 BACTRA
692 487 821 513 REGIA
837 497 850 528 :¹

43 530 170 558 AELIA
206 529 436 556 HADRIANA
471 524 615 552 REGIA:
650 524 764 549 ZAMA
802 522 941 549 REGIA.

60 593 61 596 ,
77 573 97 594 R
105 572 124 592 ³13
133 571 153 591 G
165 572 204 592 iv
212 571 235 591 Μ
258 564 368 599 Lepidi,
387 563 478 591 Galliae
489 559 628 600 cisa-spinae
640 558 764 594 oppidum,
780 562 851 585 cuius

77 608 97 629 R
109 607 126 628 ε
138 607 158 628 G
168 607 176 626 1
186 607 202 628 E
213 607 233 627 N
244 608 282 627 sn
292 608 304 626 s
323 602 417 627 incolae
434 596 498 633 apud
516 596 582 622 Plin.
596 604 619 627 3,
634 602 668 628 ις.

348 634 492 670 [Cui-imm
504 631 584 657 Gloss'.
599 630 712 664 Cyrill.]
753 631 788 656 Vt
800 629 867 656 decet
880 640 975 668 regem,
996 632 1038 663 uel
1056 637 1086 658 vt

76 643 96 664 R
106 642 150 663 EG
160 643 169 662 1
179 643 204 663 E.
243 636 311 662 Adu.

1493 74 1524 114 R
1623 75 1659 115 E
1748 77 1788 116 G

1149 164 1275 198 scriptum
1289 162 1340 194 est,
1360 163 1460 191 eisdem
1476 173 1567 191 onmes
1582 164 1759 200 cogitationes
1773 167 1928 196 terminaret
1940 172 2003 199 suas.
2099 172 2156 201 Cic.
2171 172 2202 200 itt

1149 202 1223 226 Orat.
1241 208 1283 233 141
1307 199 1336 226 de
1357 201 1425 227 Iuris
1439 202 1549 236 sticntia
1569 202 1683 236 loquens,
1703 202 1736 227 Ea
1753 211 1832 233 vcro,
1852 203 1956 239 inquit,
1975 216 2135 244 repugnante
2147 209 2202 237 elo.

1151 237 1259 269 quentia
1280 236 1327 262 vix
1350 237 1406 262 suas
1425 237 1546 271 regiones
1565 236 1683 272 finesque
1704 237 1866 266 defenderet.
1962 244 2018 269 Cic.
2034 247 2109 273 Verr.
2125 254 2146 279 5,
2159 254 2202 281 175

1151 273 1191 299 De
1214 272 1339 298 omnibus
1358 272 1447 305 nobis,
1469 272 1485 298 li
1511 273 1570 306 quis
1594 273 1726 299 tantulum
1756 274 1787 300 de
1817 274 1889 300 reeta
1923 278 2031 311 regione
2054 281 2203 310 deflexerit.

1150 307 1223 334 Ibid.
1236 313 1272 337 181
1295 309 1366 334 Haec
1379 308 1471 334 cadem
1486 308 1521 334 est
1536 309 1638 335 nostrae
1653 309 1766 335 rationis
1781 311 1856 345 regio
1870 317 1896 336 et
1909 311 1968 346 via,
1987 313 2081 341 horum
2095 327 2142 344 nos
2156 318 2203 345 ho.

1151 344 1253 369 minum
1269 344 1362 371 scitam
1375 351 1454 378 atque
1466 344 1586 371 instituta
1601 345 1794 379 persequimur.
1889 347 1961 373 Caes.
1976 348 2039 375 Bell.
2055 351 2157 388 Gall.7,
2173 362 2202 388 35

1149 380 1240 412 Qnim
1255 387 1366 415 vterque
1380 381 1488 415 vtrique
1503 381 1563 407 efl'et
1576 381 1706 407 exercitui
1721 381 1748 407 in
1762 381 1918 416 conspeetu,
1937 383 2047 418 fereque
2060 394 2074 411 e
2092 390 2200 422 regione

1151 414 1239 441 castris
1254 416 1333 442 callra
1348 424 1465 451 poneret.
1503 424 1529 442 ut
1545 418 1581 443 Ex
1596 418 1707 443 aduerso
1720 417 1770 443 vid,
1786 418 1805 443 Ε
1820 419 1934 453 praepos]
2052 422 2109 448 Cic,
2123 426 2202 452 Acad,

1151 460 1180 484 4,
1195 458 1232 482 313
1254 451 1352 479 Nonne
1368 453 1446 479 etiam
1463 452 1553 478 dicitis
1567 454 1614 478 csl'e
1631 462 1645 479 e
1660 453 1770 487 regione
1785 453 1864 479 nobis
1878 463 1893 479 e
1906 455 2040 482 conti-aria
2059 464 2132 490 parte
2153 466 2204 487 ter-

2142 97 2203 135 ¹30

887 488 1084 516 COLONlA
1100 507 1130 525 ιο
1151 494 1212 518 rae,
1233 487 1279 520 qui
1302 488 1416 516 aduersis
1434 487 1551 522 vestigiis
1572 488 1637 515 stent
1659 496 1750 515 contra
1765 489 1852 516 nostra
1866 489 1993 525 vestigia,
2013 498 2080 525 quos
2093 494 2205 529 Antipo.

1151 521 1196 548 das
1211 525 1311 548 vocatis
1326 526 1334 550 'f
1406 524 1479 560 Conf.
1497 524 1554 551 Cic.
1570 525 1601 551 dc
1615 525 1679 552 Fato
1694 534 1715 551 c.
1729 533 1745 558 9
1760 531 1782 550 et
1798 533 1839 551 20.

1186 564 1204 584 R
1214 565 1231 584 E
1243 563 1263 584 G
1276 566 1283 583 1
1298 566 1317 585 O
1327 568 1347 586 N
1359 561 1379 587 A
1392 567 1413 587 ‘r
1426 568 1477 587 1M.
1499 560 1568 586 Adii.
1606 560 1689 592 [κατά
1705 559 1787 596 χώρας
1799 561 1935 588 Onomast.
1949 563 2036 604 Vet.]‘
2064 565 2111 590 Per
2118 563 2205 601 fingu.

1145 594 1185 619 las
1199 593 1269 619 urbis
1284 600 1405 631 regiones.
1443 597 1513 623 Suet.
1523 597 1550 622 in
1558 597 1630 622 Caes.
1639 606 1659 622 c.
1669 605 1698 629 39
1719 596 1807 622 Ludos
1815 598 1896 624 etiarn
1904 599 2065 633 regionatim
2078 600 2144 626 vrbc
2151 608 2206 628 tota

1147 635 1173 656 et
1186 629 1294 664 quidem
1310 640 1356 665 pei·
1369 633 1491 659 omnium
1503 633 1656 667 linguarum
1670 632 1821 659 histriones.
1898 634 1957 661 Vid.
1972 635 2032 662 Liu.
2047 645 2092 670 40,
2101 644 2126 669 51
2139 643 2204 664 extr.

36 672 101 710 Jblet
119 681 172 699 rex.
208 672 265 699 Cic.
282 673 310 698 in
324 671 402 698 Catil.
415 678 435 702 1,
447 677 479 701 30
492 677 514 694 c.
528 676 556 693 12
586 666 613 693 Si
632 667 659 693 in
675 665 745 692 hunc
759 666 1015 700 animaduertiffem,
1028 677 1085 693 cru·
1101 676 1126 702 ¹5
1146 672 1171 692 et
1189 674 1233 698 45,
1254 674 1295 698 30.

43 708 140 735 delitet·
163 713 188 734 et
210 709 284 742 regie
310 708 404 734 fafihnn
430 704 478 730 effe
501 703 627 730 dicerent.
665 702 820 729 Correffius
841 704 976 738 exemplar
997 701 1085 734 habet,

42 744 108 771 Non
121 743 226 778 egregie
240 743 348 770 fabium.
414 740 529 766 Politum
543 738 615 773 regie
628 738 781 764 aedificium
797 739 874 765 Varr.
890 739 922 766 de
938 740 968 765 R.
982 740 1013 766 R.
1030 748 1047 769 i,
1060 748 1083 765 2.

43 780 99 806 Cic.
113 781 190 806 Verr.
206 789 228 812 3,
246 789 281 813 ¹¹5
295 789 316 806 c,
328 783 359 813 43
377 776 456 803 Nunc
470 781 497 801 vt
511 774 561 801 hoc
579 781 700 808 tempore
715 783 755 807 ea,
769 783 836 809 quae
851 776 924 810 regie
937 776 981 802 scii
995 775 1084 810 potius

41 816 177 848 tyrannice
191 816 280 843 statuit
298 816 326 842 in
337 819 451 840 aratores
466 810 615 846 Apronius,
630 810 849 844 praetermittam.

1182 708 1201 727 R
1212 707 1257 727 EG
1271 708 1308 729 10
1320 708 1342 727 N
1356 709 1377 729 A
1390 710 1405 729 L
1418 701 1431 730 1u
1443 711 1464 731 τ
1477 712 1490 726 r
1505 711 1537 731 ιι.
1563 704 1632 731 Adu.
1669 704 1717 731 Per
1730 710 1797 730 totas
1809 707 1931 741 regiones.
1969 706 2048 740 Apul.
2063 706 2096 733 de
2105 707 2209 735 Mundo

1148 745 1173 771 p.
1186 739 1217 766 68
1251 738 1328 770 Qiae
1347 747 1407 764 cum
1428 741 1603 774 regionalitcr
1621 739 1764 767 videantur
1777 741 1824 767 effe
1838 740 1973 776 pestifera.
2045 742 2120 779 Conf.
2135 744 2208 771 Cael.

1146 773 1238 799 Aurei.
1253 775 1329 800 Acut.
1344 783 1376 807 2,
1392 784 1430 807 29.

1184 816 1202 835 R
1213 816 1229 835 E
1239 816 1260 836 G
1270 817 1279 834 i
1293 816 1312 836 ο
1324 817 1346 836 Ν
1358 818 1378 837 Α
1391 816 1409 836 R
1421 818 1429 837 1
1441 817 1461 836 v
1472 819 1499 842 S,
1520 814 1538 839 i.
1561 822 1596 840 m.
1632 811 1754 839 Frontin.
1769 811 1802 839 de
1815 812 1912 839 Colon.
1929 823 1954 849 p.
1968 822 2012 847 357
2033 813 2146 842 Caffium
2162 823 2209 851 op—

80 858 97 878 R
108 859 124 878 E
135 857 154 877 G
170 859 175 876 1
189 859 204 877 γ
215 850 226 877 ἴ
237 858 254 877 C
269 857 329 881 vs,
351 857 381 881 a,
405 857 459 874 uin.
497 846 558 873 Adi.
596 846 761 880 [βασιλικός]
800 846 867 872 Idem
897 846 962 882 quod
991 849 1084 883 regius.
1097 859 1132 879 20
1149 844 1240 879 pidum
1255 846 1337 872 militi
1352 847 1499 880 regionarii
1517 848 1675 876 diuiserunt.

41 886 117 922 Virg.
131 890 195 913 Aen.
210 889 236 919 6,
249 889 296 919 605
328 884 476 919 Epulaeque
494 888 555 909 ante
566 891 614 909 ora
628 889 732 917 paratae
759 882 880 917 Regitico
892 882 966 908 luxu.
1040 883 1085 909 Pa-

41 930 113 951 ratus
128 923 248 957 regiflcus
264 920 346 948 Valer.
360 921 458 955 Argon.
473 928 495 952 2,
507 923 562 952 632.
650 953 655 958 ¹
1047 958 1057 962 .-

79 964 99 985 R
112 965 128 985 Ε
139 966 158 985 (j
170 967 179 986 1
191 956 280 985 Fiet.
316 955 382 983 Adu.
418 954 588 989 [βασιλικῶς]
623 954 680 981 Cic.
690 953 774 981 Tusc.
788 963 809 988 3,
824 962 863 989 44
880 962 902 980 c.
917 962 946 987 19
965 963 994 981 ex
1008 955 1086 982 Poeta

197 993 259 1020 Vidi
276 1001 324 1027 ego
342 997 381 1023 te,
394 991 491 1017 astante
503 999 554 1026 ope
568 989 708 1017 Barbarica

195 1029 289 1057 Tectis
307 1027 426 1060 caelatis,
446 1027 585 1062 laqueatis,

196 1065 282 1097 Auro,
297 1063 396 1096 ebore,
414 1063 567 1090 instru&am
582 1061 698 1097 regifice.

43 1100 158 1136 Regifice
171 1099 304 1128 exstrueus
317 1099 449 1126 celebrant
461 1099 588 1126 conuiuia
602 1097 695 1125 meniis
707 1097 753 1124 Sil.
771 1106 801 1129 11,
817 1105 875 1133 273.
971 1135 976 1140 .
1043 1135 1047 1140 ἰ

80 1144 96 1163 R
107 1142 151 1163 EG
162 1138 185 1162 Α·
192 1142 248 1162 Lis
258 1155 267 1169 ,
281 1144 304 1161 e.
341 1135 402 1162 Adi.
440 1135 605 1169 [βισιλικός]
640 1133 685 1161 Ad
703 1134 869 1160 excellentiam
885 1139 909 1159 et
928 1139 1088 1159 eminentiam

35 1175 161 1208 pertinet,
179 1178 204 1198 ct
213 1170 345 1208 fignificat
357 1173 468 1207 Dignum
481 1180 546 1208 rege.
590 1170 646 1197 Cic.
659 1169 691 1197 de
706 1169 806 1196 Sene&
824 1171 854 1199 56
884 1168 964 1196 Nihil
986 1170 1012 1195 ei
1033 1175 1087 1196 tam

41 1208 127 1242 regale
139 1207 240 1238 videri,
252 1216 330 1242 quain
344 1206 459 1233 studium
474 1207 532 1242 agri
546 1205 662 1234 colendi.
840 1242 845 1246 ¹

43 1251 79 1276 ¹9·
146 1244 226 1270 Arma
258 1244 376 1278 Propert.
396 1252 423 1277 4,
443 1252 471 1277 4,
491 1252 529 1271 21.
602 1244 759 1269 Armentuin
791 1242 873 1268 Ouid.
896 1243 960 1268 Met.
983 1250 1011 1274 2,
1030 1246 1088 1274 842.

39 1279 113 1305 Atria
134 1279 205 1305 Idem
220 1279 286 1306 ibid.
303 1287 326 1312 5,
341 1287 362 1306 a.
432 1279 499 1306 Aula
513 1278 609 1313 regalis
647 1279 736 1305 Senet.
763 1277 869 1304 Troad.
895 1284 953 1312 771.
1024 1278 1089 1318 Car-

39 1323 99 1341 nien
113 1315 193 1342 Ouid.
208 1323 239 1342 ex
255 1316 330 1342 Pont.
343 1324 369 1349 4,
385 1317 422 1346 16,
437 1324 463 1349 9.
533 1315 627 1341 Cultus
640 1315 708 1340 Hor.
718 1315 807 1341 Carni.
822 1323 851 1347 4,
865 1321 889 1346 9,
905 1321 949 1355 ¹5⁴.
1012 1313 1089 1340 Diui-

39 1350 92 1376 tiae
112 1351 182 1377 Idem
198 1351 276 1386 Epist.
293 1360 313 1383 1,
330 1359 365 1384 12,
379 1353 404 1377 6.
930 1348 1027 1383 Izpulae
1049 1349 1088 1375 Id.

40 1385 106 1412 ibid.
128 1389 152 1417 6,
167 1392 224 1419 488·
398 1421 402 1425 ῃ

41 1422 130 1447 Genus
142 1421 258 1448 ciuitatis
271 1422 359 1454 regale
372 1421 429 1447 Cic.
445 1421 476 1447 de
491 1422 581 1456 Legib.
595 1430 617 1454 3,
631 1429 665 1454 15.

42 1459 70 1488 6,
83 1464 128 1491 74.
199 1457 334 1491 impendia
347 1456 412 1483 Plin.
425 1459 465 1490 36,
480 1464 513 1489 15.
578 1457 667 1483 Luxus
681 1457 757 1491 Virg.
776 1459 841 1483 Aen.
858 1466 876 1489 i,
889 1460 947 1490 641.
1014 1458 1090 1483 Men-

42 1493 84 1518 sae
103 1492 177 1519 Idem
191 1492 258 1519 ibid.
279 1501 298 1524 i,
317 1495 378 1525 690.
447 1492 556 1519 Nomen
574 1493 631 1519 Cic.
651 1502 699 1527 pro
713 1493 782 1525 Lege
796 1493 890 1531 Manil.
910 1501 954 1524 24.
1031 1491 1090 1517 No·

41 1529 113 1554 mine
126 1528 206 1562 regali
220 1537 234 1555 a
248 1529 340 1555 Senatu
356 1528 449 1563 dignus
466 1528 630 1555 existimatus
638 1529 780 1554 Deiotarus
790 1528 845 1553 Cic.
860 1527 891 1552 de
905 1527 998 1561 Arusp.
1013 1527 1090 1560 Resp.

40 1571 75 1594 29
90 1572 111 1588 c.
127 1571 163 1595 13.
236 1565 350 1591 Ornatus
376 1565 447 1591 Idem
469 1565 501 1590 de
521 1565 579 1591 Fin.
599 1573 624 1596 2,
636 1567 670 1595 69
691 1573 711 1590 c.
733 1571 774 1589 22.

40 1598 133 1630 Arusp.
149 1598 223 1631 Resp.
238 1608 279 1632 54.
351 1600 485 1634 Sceptrmu
499 1600 581 1627 Ouid.
598 1602 661 1626 Met.
676 1607 698 1632 5,
712 1607 774 1631 422.
907 1633 912 1637 ι

38 1640 112 1667 ptum
125 1634 231 1665 tragicis
247 1635 334 1669 regale
353 1637 489 1662 cothurnis
508 1635 588 1662 Ouid.
603 1634 689 1660 Trist.
712 1643 737 1665 2,
758 1640 813 1672 553..
881 1633 938 1658 Cic.
951 1631 1004 1671 Off.
1028 1640 1046 1662 1,
1061 1638 1089 1664 38

38 1668 142 1702 Regalis
161 1668 235 1701 sane,
254 1676 280 1695 et
299 1669 377 1703 digna
396 1672 568 1697 Aeacidarum
590 1677 686 1703 genere
698 1668 839 1694 Sententia.
930 1668 993 1693 Liu.
1014 1676 1033 1697 1,
1051 1675 1089 1702 47

39 1705 83 1730 Dii
96 1710 122 1730 te
135 1709 238 1738 penates
251 1705 398 1739 patriique,
420 1713 445 1731 et
459 1706 540 1739 patris
555 1705 659 1739 imago,
677 1711 703 1730 et
717 1703 811 1729 domus
825 1703 909 1737 regia,
923 1709 948 1729 et
962 1704 991 1730 in
1005 1703 1088 1729 domo

37 1740 249 1803 ἱεςῗὶοόὸοϋυιίι,
262 1747 287 1781 ct
299 1749 397 1802 nou‘iiersi
411 1740 597 1802 'II-'arqiliinium
613 1746 698 1802 cgeglte,
707 1745 838 1802 ῖεέεςῖιῐιέςιιε
850 1747 949 1774 regem.

38 1781 103 1839 hiidt..
117 1796 146 1844 6,,
157 1785 215 1846 gii.
235 1783 370 1846 upnxe'irZo
394 1785 595 1839 iiiiihmdeugerrtld
606 1785 664 1838 Ati.
687 1820 708 1845 i,
726 1814 787 1846 697.
933 1809 954 1848 ff
975 1820 991 1838 2
1028 1811 1087 1848 Ohs.

37 1848 149 1883 Compar.
171 1848 341 1882 Plaut.'Capt.
355 1857 381 1880 4,
393 1856 418 1880 2,
432 1856 464 1881 45
485 1849 549 1874 Non
563 1857 613 1883 ego
627 1855 696 1874 nunc
710 1847 835 1874 Parasitus
850 1848 916 1880 suin,
935 1846 978 1874 sed
993 1856 1088 1882 regum

36 1892 82 1911 rex
105 1883 234 1918 regalior,
257 1894 309 1910 cum
330 1883 439 1919 respeciu
467 1884 500 1910 acl
523 1888 645 1911 notionem
664 1884 743 1918 Regis
758 1904 765 1916 ,
788 1893 860 1919 quam
883 1882 994 1909 dedimus
1021 1894 1046 1910 n.
1063 1893 1088 1918 5.

477 1351 580 1377 Domus
598 1350 681 1376 Ouid.
697 1350 762 1376 Met.
778 1358 796 1382 1,
810 1358 857 1381 171.

845 1598 876 1623 Et
890 1597 1012 1622 dedimus
1019 1598 1087 1623 Scri-

37 1919 163 1959 chales‚
178 1921 240 1946 Filii
251 1929 334 1956 regum
356 1920 487 1960 Ammian.
502 1923 540 1952 16,
554 1928 587 1955 27
615 1921 671 1946 Hos
690 1920 867 1954 sequebantur
887 1919 1014 1954 potestate
1028 1928 1088 1954 pro·
1102 1932 1134 1958 50

37 1957 105 1982 xiim
121 1964 193 1990 reges
207 1964 319 1982 numero
335 1964 467 1989 quinque,
487 1956 586 1990 regales
602 1956 703 1982 decem.
775 1956 848 1982 Inter
864 1963 955 1990 regem
970 1962 995 1982 et
1014 1965 1088 1990 rega-

38 1992 89 2018 lem
105 1991 154 2018 hoc
171 1991 291 2022 interest,
310 1991 383 2026 quod
402 1992 472 2026 regis
486 2001 550 2026 puer
569 1992 664 2026 regalis
677 1992 729 2024 est,
743 2000 807 2024 rex,
822 1992 869 2026 qui
889 1992 957 2026 regit
976 2001 1088 2027 reguum

38 2029 100 2054 Vct.
116 2027 192 2054 Au&
206 2028 237 2053 de
251 2027 344 2054 Differ.
359 2028 425 2054 Voc.
445 2036 469 2062 p.
485 2036 549 2060 2205
571 2028 669 2062 Piethh.
708 2028 782 2064 Conf.
808 2027 888 2062 Vales.
908 2027 942 2054 citi
953 2028 1089 2054 Aininiau.

39 2063 57 2089 l.
71 2073 92 2089 c.
107 2073 130 2097 p.
146 2071 198 2097 ¹43·
236 2065 268 2089 It.
290 2063 377 2099 N⁰r¹s=
393 2063 475 2090 Cenot.
490 2064 540 2099 Pis.
554 2062 618 2097 D'ff
633 2074 655 2094 2,
669 2073 684 2097 9
697 2071 762 2090 extr.

58 2098 183 2130 ellantnr,

39 2108 73 2161 i'is
86 2141 111 2161 et
127 2134 316 2161 humilioribus
329 2133 504 2167 hereditates,
518 2134 696 2162 filiofamiliae
710 2134 934 2162 dominationem.
954 2136 1051 2163 Festus.

476 2172 648 2205 [βασιλικῶς]
692 2171 761 2198 Idem
787 2171 852 2207 quod
876 2173 959 2207 Regiv.
990 2170 1087 2197 Ouid.

812 2207 949 2233 Sacrificio
963 2205 1089 2238 regaliter

845 2064 952 2098 Regalia
968 2070 1026 2091 exta
1046 2073 1090 2098 ap-

77 2168 283 2197 aroniim
297 2175 326 2196 R.
364 2170 431 2197 Adii.

37 2206 101 2233 Met.
117 2215 139 2239 2,
153 2213 202 2240 397
228 2205 403 2241 Precibusque
417 2205 502 2233 minas
514 2207 642 2241 regaliter
657 2206 740 2234 addit.

36 2241 159 2268 confedlo
176 2242 236 2268 Liu.
257 2250 300 2275 42,
315 2250 348 2274 51.

71 2284 90 2304 R
100 2283 144 2303 EG
155 2284 208 2310 10,
228 2278 296 2304 61119.
323 2277 343 2303 f.
380 2277 485 2312 [χώρα,
503 2277 606 2309 κλίμα]
648 2274 728 2301 Dicin
746 2283 762 2299 a
780 2273 912 2308 Regendo,
929 2274 995 2298 Linea
1009 2278 1129 2302 mente60
1150 2274 1204 2299 lon.
1219 2281 1249 2307 73
1262 2283 1284 2300 c.
1298 2282 1332 2308 27
1351 2273 1473 2300 Incidere
1487 2274 1515 2300 in
1530 2274 1706 2309 suspicionem
1721 2279 1794 2311 regni
1810 2279 1968 2312 Appetendi.

34 2320 171 2348 concepta,
189 2322 237 2349 qua
257 2314 297 2339 uel
315 2312 455 2339 indicamus
475 2314 543 2341 loca,
558 2318 586 2335 vt
602 2312 710 2344 plagas,
724 2315 828 2340 ventas,
848 2311 980 2338 orientem,
993 2309 1086 2348 aquilo-

35 2359 87 2375 nem
118 2356 163 2375 etc.
184 2350 224 2375 vc!
243 2348 468 2381 circumscribimus
490 2352 512 2370 ct
526 2344 648 2379 finimus,
663 2350 691 2369 vt
709 2346 825 2369 terminis
838 2350 861 2368 et
874 2343 982 2378 finibus:
1006 2348 1084 2367 mter-

32 2369 162 2411 dicm'uero
175 2384 255 2418 ipsum
265 2383 366 2416 planum
380 2387 461 2405 terrae
473 2379 652 2413 certis-finibus
666 2378 875 2413 comprehensum,
886 2377 944 2412 fitis
959 2385 1007 2402 uon
1022 2386 1084 2418 pun-

32 2429 104 2456 quam
118 2422 192 2445 etiam
206 2426 259 2442 cum
272 2416 375 2446 incolit,
388 2416 433 2441 hoc
444 2418 538 2440 nomine
549 2413 710 2449 intelligitur.
746 2414 862 2446 Exempla
873 2413 932 2438 licet
940 2411 1082 2447 promisi-ue

29 2456 128 2490 posim,
144 2453 226 2487 facile
242 2450 276 2482 lic
292 2449 325 2483 <st
341 2449 500 2485 distinguere.
535 2449 621 2474 Varro
640 2447 673 2473 de
687 2448 717 2474 L.
731 2448 761 2473 L.
776 2449 802 2479 6,
818 2455 830 2472 2
851 2455 876 2481 p.
893 2449 936 2480 67,
954 2456 980 2472 10
1011 2448 1081 2474 Intra
1095 2460 1127 2492 65

34 2498 76 2516 eas
90 2489 226 2522 regiones,
241 2494 292 2520 qua
305 2485 377 2511 oculi
392 2483 560 2517 conspicient.
631 2484 688 2509 Cic.
704 2492 752 2517 pro
768 2483 837 2509 Sext.
853 2484 886 2509 66
906 2484 981 2516 Quae
995 2484 1081 2523 regio,

35 2533 117 2552 oraue
130 2529 258 2549 terrarum
277 2526 332 2546 erat
353 2519 447 2551 latior,
460 2519 488 2545 in
501 2528 552 2553 qua
566 2527 634 2549 non,
649 2525 696 2545 etc.
768 2520 847 2546 Certa
862 2519 938 2553 regio
958 2519 1010 2545 loct
1029 2520 1081 2546 Lu-

33 2566 95 2586 cret.
110 2567 134 2588 2,
147 2559 206 2583 260.
274 2555 329 2582 Cic.
343 2555 374 2582 de
388 2555 450 2581 Nat.
466 2555 546 2582 Deor.
562 2563 582 2586 1,
597 2562 632 2587 24
653 2564 674 2580 c.
689 2563 717 2581 10
747 2555 831 2590 Atqui
851 2562 937 2582 terrae
951 2556 1081 2582 maximas

31 2595 154 2629 regiones
172 2590 360 2618 inhabitabiles
379 2598 458 2625 atque
476 2590 586 2618 incultas
600 2589 733 2617 videmus.
808 2592 883 2624 Qiae
897 2591 973 2625 regio
988 2592 1015 2618 in
1031 2599 1082 2618 ter-

31 2631 68 2658 ris
86 2628 167 2654 nostri
187 2634 240 2654 non
260 2628 334 2661 plena
355 2626 470 2653 laboris?
489 2627 564 2660 Virg.
578 2627 642 2653 Aen.
665 2635 684 2659 i,
702 2628 766 2660 460.

32 2667 71 2694 De
85 2663 175 2692 officio
190 2663 245 2690 iud.
258 2662 281 2700 ᾗ.
296 2663 381 2689 vltim.
412 2662 490 2696 Qiod
513 2662 529 2689 si
550 2662 582 2688 de
595 2671 646 2688 vna
660 2671 705 2694 re,
720 2662 805 2688 veluti
819 2662 851 2689 de
866 2663 964 2690 fundo:
990 2663 1006 2690 fi
1022 2664 1081 2699 qui-

32 2703 92 2729 dem
110 2701 155 2726 iste
168 2699 262 2726 fundus
277 2698 416 2725 commode
436 2697 589 2733 regionibus
605 2697 766 2725 diuisionem
786 2699 911 2734 recipiat,
925 2706 1010 2734 partes
1024 2700 1081 2727 eius

33 2737 139 2765 finanus
159 2735 311 2762 adiudicare
331 2734 418 2761 debet.
504 2734 610 2761 Deserta
637 2734 678 2761 fiti
701 2736 777 2769 regio
809 2736 883 2770 Virg.
903 2737 969 2762 Aen.
989 2745 1016 2769 4,
1035 2745 1080 2770 42·

35 2769 242 2807 Locupletiffima
258 2771 326 2805 Nep.
343 2778 380 2805 17,
392 2779 414 2803 3,
427 2779 445 2797 i.
519 2771 655 2802 Montosa,
677 2771 730 2797 vid.
750 2772 907 2801 Montosm,
927 2775 955 2798 in
976 2779 1080 2799 MONS.

34 2810 125 2844 Ignota
138 2807 219 2834 Ouid.
235 2807 298 2834 Met.
314 2815 338 2841 2,
352 2815 409 2838 203-
480 2805 597 2833 Saltuosa
612 2807 681 2840 Nep.
698 2815 738 2840 14,
752 2816 779 2840 4,
793 2816 818 2833 2.

34 2851 87 2875 tes,
106 2844 158 2870 md.
176 2849 269 2870 coLo.

34 2879 182 2908 Defenderc
204 2878 323 2913 regiones
344 2879 398 2905 suas
412 2884 437 2905 et
453 2877 515 2904 fines
534 2878 590 2905 Cic.
603 2879 632 2905 in
644 2880 719 2905 Orat.
736 2887 785 2912 141.

33 2916 169 2951 regiones,
205 2915 342 2948 Peragrare
358 2920 443 2940 mente
456 2913 593 2948 regiones,
612 2914 664 2941 uid.
678 2916 720 2942 hh.
737 2924 780 2941 υυ.

35 2961 85 2987 qua
98 2960 123 2978 tc
136 2951 244 2986 regione
258 2950 372 2985 reliqui?
385 2950 462 2984 Virg.
476 2951 539 2976 Aen.
553 2959 579 2983 9,
592 2958 649 2984 390.
723 2951 779 2977 Cic.
792 2950 824 2977 de
840 2951 902 2978 Nat.
916 2953 996 2979 Deor.
1011 2961 1037 2985 2,
1051 2962 1077 2986 51

341 2841 560 2877 Apprehendcre,
595 2843 733 2877 Attingere
748 2844 894 2877 regionem,
910 2844 963 2871 uid.
978 2844 1020 2871 hh.
1036 2854 1079 2871 υυ.

858 2879 944 2906 Obirc
966 2880 1079 2915 pedibus

36 2987 85 3014 Sed
97 2987 175 3014 etiam
191 2987 283 3021 regio,
302 2995 369 3021 quae
381 2992 437 3012 tum
451 2985 487 3011 cst
500 2986 689 3021 Aquilonaris,
702 2992 758 3013 tuin
783 2987 918 3014 Australis.
953 2988 981 3014 de
999 2992 1079 3025 regio·
1090 3002 1123 3028 30
1142 2991 1255 3018 alicuius
1273 2993 1355 3020 Ouid.
1371 2995 1436 3021 Met.
1451 3004 1475 3027 9¹
1490 3005 1556 3029 444.

9 3023 15 3033 ¹
36 3033 66 3049 ne
93 3024 180 3049 Lunae.
250 3021 330 3048 Lituo
355 3022 486 3049 Romulus
507 3023 630 3056 regiones
654 3022 769 3056 direxit,
800 3029 856 3049 tum
877 3032 959 3058 quum
982 3024 1077 3051 vrbem

38 3057 155 3085 condidit
173 3058 228 3084 Cic.
243 3057 274 3083 de
287 3057 378 3084 Diuin.
395 3068 413 3088 1,
426 3067 466 3090 30.
537 3059 588 3085 Ara
607 3059 691 3086 locata
708 3058 755 3085 sub
774 3059 862 3086 media
880 3061 947 3087 caeli
967 3061 1078 3095 regione

36 3093 109 3120 Idem
121 3093 149 3119 in
164 3094 243 3119 Arato
258 3101 307 3124 193.
378 3093 504 3120 Australis
517 3094 607 3129 regio,
630 3094 683 3121 vid.
704 3101 850 3122 AVSTER.
921 3097 1078 3131 Vespertina

37 3131 103 3156 Hor.
121 3129 202 3154 Serm.
218 3136 237 3158 1,
251 3137 277 3159 4,
294 3137 330 3157 30.
389 3129 476 3156 Arffis
489 3130 645 3164 regionibus
659 3132 732 3157 exire
747 3131 852 3158 Lucret.
868 3133 893 3163 6,
908 3140 955 3164 119.
1019 3133 1076 3160 Cic.

35 3174 86 3201 pro
101 3165 186 3190 Plane.
200 3171 229 3195 32
253 3163 340 3190 Totus
353 3164 399 3191 ille
416 3165 514 3192 tractus
526 3166 714 3193 celeberrimus
728 3168 911 3200 venefranus,
926 3168 1077 3195 Alifranus:
1091 3182 1120 3211 85

36 3208 92 3228 tota
105 3199 220 3233 denique
233 3198 318 3226 nostra
333 3199 377 3227 illa
391 3202 480 3237 aspera
493 3209 518 3228 et
531 3203 669 3229 montuosa
683 3211 709 3229 et
723 3202 807 3230 fidelis
821 3210 846 3230 et
861 3203 968 3239 simplex
982 3211 1007 3231 et
1021 3205 1077 3231 fau-

34 3237 88 3264 trix
103 3236 209 3262 suorum
226 3234 310 3267 regio,
322 3242 367 3262 etc.
438 3237 568 3271 Regiones
580 3238 708 3271 dicimus,
725 3239 795 3266 intra
812 3247 924 3273 quarunt
944 3240 1009 3266 fines
1029 3240 1078 3267 fin-

35 3272 156 3308 gularum
175 3269 339 3297 coloniarum
355 3277 397 3298 aut
413 3273 624 3309 municipiorum
640 3274 837 3309 magistratibus
858 3276 898 3302 ius
917 3276 1022 3303 dicendi
1035 3285 1077 3303 ex-

35 3307 194 3341 ercendique
210 3305 320 3339 potestas
340 3306 389 3345 Sic.
404 3308 486 3336 Flacc.
520 3330 525 3336 .
542 3318 561 3336 1.
631 3311 741 3337 Viarum
757 3312 833 3346 regio
845 3318 907 3339 nota
921 3312 995 3347 Virg.
1009 3314 1074 3339 Aen.

35 3353 60 3374 2,
75 3351 132 3378 737.
204 3341 285 3368 Recta
300 3350 408 3375 regione
419 3345 477 3371 viae
490 3318 621 3373 diclinare
641 3347 746 3373 Lucret.
763 3356 787 3378 2,
803 3355 860 3380 250.

36 3380 147 3406 Maiores
167 3377 238 3404 vrbis
255 3384 358 3412 partes,
375 3386 475 3412 quarum
485 3381 595 3417 fuerunt
613 3386 752 3419 antiquitus
769 3390 892 3418 quatuor,
917 3384 1076 3416 ς111111113113,

35 3414 174 3448 Exquilina
183 3433 190 3444 ‚
203 3412 319 3445 Collina,
334 3413 455 3453 Palatina.
491 3417 537 3444 Sub
549 3417 661 3454 Augusto
674 3422 761 3445 vocari
775 3426 904 3454 coeperunt
916 3421 990 3446 XIV.
1017 3420 1077 3447 Viti.

35 3451 70 3478 ad
81 3450 150 3477 Suet.
166 3450 232 3483 Aug.
246 3458 266 3476 c.
280 3457 310 3480 30
337 3449 452 3482 Spatium
465 3451 538 3479 vrbis
558 3453 586 3479 in
606 3455 726 3489 regiones
739 3455 866 3490 vicosque
882 3455 981 3483 diuifit.
1003 3459 1032 3482 it.
1050 3462 1077 3482 et

34 3487 53 3513 1.
66 3495 78 3519 3
97 3486 123 3512 ff.
135 3485 167 3511 de
178 3484 231 3512 Off.
246 3484 327 3519 praef.
349 3484 424 3518 vigil.
462 3487 578 3516 Habemiu
599 3490 625 3515 P.
642 3489 774 3524 Vic'loris‚
795 3498 818 3516 et
833 3492 939 3518 alteria:
959 3495 1077 3526 anonjmi

35 3521 228 3555 Descriptiones
242 3519 316 3547 vrbis
331 3520 446 3553 Romae,
462 3529 507 3556 per
526 3524 582 3551 illas
596 3525 656 3552 XIV
675 3527 812 3561 regiones:
839 3533 862 3553 et
876 3527 909 3553 ad

35 3564 58 3584 tt
83 3559 203 3583 lucutenta
227 3560 400 3583 commentaria
414 3577 422 3589 ,
450 3557 571 3593 Fabricii,
591 3562 723 3592 Panuinii,
742 3564 854 3595 Donati,
879 3563 1006 3595 Nardini‚
1025 3570 1075 3590 etc.

34 3592 81 3621 Sed
96 3595 223 3629 pergimut
242 3592 370 3626 Regionis
390 3602 474 3618 nomm
491 3593 619 3627 illustrare.
690 3598 748 3625 Cic.
770 3599 841 3625 Fani.
865 3607 883 3628 1,
905 3608 916 3631 7
948 3600 1009 3627 Fam
1026 3600 1074 3626 ess'e

34 3635 152 3655 naturam
166 3633 191 3654 et
205 3627 341 3662 regionem
355 3629 510 3662 prouinciae
523 3635 596 3664 tuae,
611 3639 649 3664 vt,
663 3640 708 3659 etc.
781 3636 853 3661 Idem
869 3635 900 3660 de
915 3635 977 3662 Nat.
993 3637 1072 3662 Dcor.

37 3671 63 3696 2,
82 3672 97 3696 9
130 3665 169 3690 An
185 3663 251 3690 Attii
264 3663 347 3690 Nauii
368 3664 449 3690 lituus
470 3664 515 3691 ille
525 3684 531 3696 ,
551 3668 621 3700 quod
632 3668 663 3695 ad
678 3669 889 3704 inuestigandum
903 3671 974 3698 suem
988 3672 1073 3706 regio-

36 3707 81 3725 nes
106 3699 198 3725 vineae
222 3699 375 3727 terminauit
390 3720 398 3732 ‚
421 3702 624 3729 contemnendus
645 3704 697 3731 est?

36 3734 105 3767 Lege
119 3735 208 3767 Agrar.
224 3743 244 3767 2,
258 3737 291 3767 96
304 3745 325 3761 c.
342 3744 365 3768 35
389 3736 533 3770 Singularis
551 3735 631 3765 homo
649 3741 783 3774 priuatus,
796 3742 843 3769 nisi
865 3751 957 3778 magna
972 3743 1072 3778 sapien-

35 3769 73 3796 tia
88 3769 231 3804 praeditus,
246 3771 290 3797 vix
304 3771 381 3798 facile
400 3773 452 3799 sese
470 3773 623 3807 regionibus
641 3774 738 3810 officii,
756 3778 856 3812 magnis
870 3779 898 3805 in
917 3779 1033 3806 fortunis
1046 3784 1072 3806 et

34 3805 119 3839 copiis
137 3805 260 3845 continet.
331 3808 388 3834 Cic.
403 3808 436 3835 de
449 3809 524 3835 Orat.
548 3818 568 3840 ⁹,
582 3811 616 3843 67
653 3811 700 3838 Sed
720 3814 757 3840 ita
776 3820 804 3840 vt
823 3814 853 3840 Iit
874 3814 1072 3850 circumscripta

35 3839 149 3868 modicis
163 3841 322 3874 regionibus.
394 3843 466 3871 Idem
481 3854 529 3880 pro
541 3844 619 3871 Arch.
634 3854 666 3877 29
677 3855 697 3873 c.
711 3857 734 3875 11
759 3849 785 3876 Si
796 3850 866 3876 nihil
881 3851 984 3878 animui
999 3860 1072 3887 prae-

35 3877 143 3904 sentiret
162 3875 190 3902 111
203 3875 401 3942 ροίὶετιιιηίᾇῐ,
417 3880 436 3908 fi
450 3881 547 3916 quibus
566 3880 721 3917 regionibus

1097 1039 1129 1065 25
1148 1031 1236 1051 tamen
1252 1027 1330 1052 certis
1345 1027 1537 1053 contineretur.

295 1388 365 1412 Gaza
384 1385 465 1419 regali
489 1385 625 1420 splendida
645 1385 739 1412 domus
760 1385 845 1412 Catul.
861 1385 960 1419 Argon.
980 1388 1022 1418 62,
1042 1387 1088 1418 46.
1105 1401 1133 1426 35
1151 1385 1220 1412 theta
1236 1397 1243 1410 .·
1280 1387 1377 1413 Adusta
1391 1396 1488 1421 regna,
1507 1388 1574 1413 zona
1587 1387 1688 1413 torrida
1708 1386 1767 1411 Sen.
1783 1386 1862 1412 Herc.
1877 1387 1937 1414 Fur.
1951 1388 1969 1413 s.
1984 1398 2012 1423 4.

736 1421 828 1455 Imago
844 1422 918 1447 Iouis
932 1421 1014 1448 Ouid.
1024 1422 1089 1447 Met.
1153 1422 1216 1448 Stat.
1239 1421 1333 1448 Theb.
1358 1431 1378 1454 i,
1404 1430 1422 1448 1.

846 1563 959 1588 Potestas
980 1563 1036 1588 Cic.
1057 1563 1132 1601 de40
1153 1560 1281 1597 intelligit
1292 1570 1371 1597 regna
1385 1563 1493 1596 Cyrenes
1509 1564 1640 1598 Nymphae
1650 1564 1698 1599 sich
1711 1566 1793 1598 aquis.

203 2100 278 2132 Qiae
298 2099 450 2133 potentibus
468 2099 630 2133 insperatum
653 2099 783 2126 honorem
804 2099 980 2133 pollicentur:
1002 2100 1088 2134 priua·
1106 2115 1133 2140 33
1152 2110 1264 2133 regnum
1286 2101 1344 2127 Sen.
1361 2102 1440 2127 Hei-c.
1455 2102 1516 2126 Fur.
1532 2109 1555 2132 9.

859 2627 995 2655 Iustinian.
1011 2637 1037 2661 4,
1054 2635 1125 2671 ¹770
1144 2629 1219 2657 ferro
1235 2640 1346 2666 regnum
1373 2633 1472 2661 Lucan.
1489 2644 1507 2668 i,
1521 2643 1576 2667 109.

1139 2746 1243 2774 poterat
1262 2740 1322 2766 Liu.
1338 2751 1365 2774 4,
1381 2750 1416 2773 32.

890 2808 973 2834 Cultu
988 2817 1080 2834 vacan-
1092 2824 1124 2851 75
1143 2811 1234 2838 Amor.
1249 2820 1274 2845 2,
1288 2821 1313 2845 9,
1330 2822 1368 2846 52.

855 2915 966 2948 Euryale
981 2917 1077 2943 infelix
1094 2942 1096 2944 .
1138 2925 1246 2954 paratus
1259 2918 1294 2953 est
1311 2920 1403 2948 Tereus
1411 2923 1469 2959 fiis
1483 2927 1607 2950 amonius
1628 2925 1710 2952 Ouid.
1723 2927 1790 2953 Met.
1803 2930 1897 2961 6,463.

934 3348 1077 3382 Regiones,
1088 3360 1124 3385 90
1141 3352 1292 3388 Resurgunt
1306 3362 1385 3388 regna
1406 3355 1482 3390 Virg.
1496 3357 1561 3383 Aen.
1575 3366 1593 3388 r,
1608 3365 1662 3383 zio.

1137 3495 1196 3527 bat,
1214 3496 1303 3532 quihm
1316 3506 1424 3526 caeteros
1438 3509 1520 3526 omnes
1527 3507 1616 3536 parere
1629 3508 1682 3526 erat
1696 3499 1791 3533 nereffi’.

924 3528 981 3554 illas
994 3529 1076 3562 ampla
1087 3533 1120 3560 95
1139 3536 1210 3558 trum
1224 3532 1336 3560 bibendi
1348 3539 1459 3561 nominat
1473 3537 1541 3563 Hor.
1556 3537 1644 3562 Carni.
1658 3544 1684 3567 2,
1698 3544 1722 3570 7,
1737 3544 1773 3568 25.

1137 3603 1185 3638 qui
1200 3603 1227 3630 id
1241 3613 1393 3640 nunquam,
1410 3607 1559 3634 dummodo
1572 3606 1649 3633 otiosi
1663 3608 1758 3639 esseut,
1776 3610 1937 3636 recusarunt.

792 3706 934 3742 Metaphm.
963 3708 1019 3735 Cic.
1041 3707 1125 3734 dc100
1136 3718 1216 3746 regna
1255 3712 1313 3739 Sen.
1327 3712 1419 3739 Theb.
1436 3722 1471 3741 12.

1135 3743 1156 3784 ff
1181 3757 1194 3779 4
1232 3748 1368 3782 Regnum,
1389 3749 1418 3775 de
1429 3750 1538 3785 qualibet
1551 3751 1712 3777 immoderata
1721 3751 1852 3786 potestate.
1889 3754 1948 3779 Hoc
1980 3763 2046 3781 vero
2077 3763 2188 3790 regnum

1136 3817 1297 3846 Atoniorum
1311 3829 1394 3855 regno
1409 3828 1435 3847 et
1449 3821 1556 3847 licentia
1583 3821 1639 3849 Cic.
1657 3822 1689 3849 de
1702 3823 1764 3850 Nat.
1779 3824 1860 3850 Deor.
1877 3834 1882 3849 i
1899 3833 1920 3851 c.
1936 3834 1971 3858 23.

1136 3854 1269 3882 Censurae
1280 3864 1392 3890 regnum
1416 3857 1477 3883 Liu.
1494 3866 1522 3890 4,
1537 3865 1570 3889 32.

738 3885 810 3914 vitae
829 3887 944 3921 spatium
957 3888 1121 3922 circuni-105
1134 3898 1160 3916 eo
1174 3900 1280 3927 regnare
1293 3892 1417 3920 videatur.

1186 888 1203 907 R
1215 887 1230 907 F.
1241 887 1260 907 G
1276 888 1295 907 Ν
1310 889 1329 907 V
1340 889 1380 915 M,
1402 883 1420 908 i.
1441 892 1466 908 n.
1504 884 1656 919 [βασιλεία]
1695 886 1829 919 Imperium
1842 887 1927 922 regix,
1947 887 2104 922 Regi0,quae
2121 896 2137 912 α
2149 896 2206 924 rege

1143 917 1291 952 palsssz‘iletur.
1329 918 1384 944 Cic.
1400 919 1470 945 Fam.
1487 927 1522 951 12,
1539 928 1546 945 1
1574 921 1643 948 Nam
1659 927 1687 947 vt
1700 920 1784 947 adhuc
1799 921 1908 955 quidem
1923 922 2012 948 ac'tuin
2026 923 2079 953 est,
2101 931 2154 949 uon
2168 933 2207 950 re-

1147 962 1217 987 gno,
1239 953 1281 980 scd
1295 962 1358 988 rege
1372 954 1478 980 liberati
1492 955 1624 983 videmur.
1715 957 1770 983 Cic.
1787 957 1818 983 de
1833 957 1903 992 Lege
1917 959 2008 992 Agrar.
2020 966 2038 989 i,
2049 967 2072 990 35
2092 959 2207 985 Nullum

1149 998 1262 1023 regnum
1284 990 1336 1016 fuit
1359 1000 1492 1024 unquam,
1515 992 1586 1025 quod
1606 1002 1660 1019 non
1676 992 1692 1018 si
1708 995 1796 1019 minus
1810 995 1869 1019 iure
1883 993 1993 1029 aliquo,
2011 1000 2035 1020 at
2050 995 2208 1029 regionibus

1645 1030 1795 1062 Mcmphorn
1808 1030 1906 1065 iocosa,
1941 1031 1998 1057 Cic.
2015 1030 2047 1056 de
2062 1031 2137 1057 Orat.
2154 1040 2174 1063 1,
2189 1041 2208 1065 4

1151 1061 1209 1088 Nili
1226 1061 1268 1088 hic
1282 1064 1310 1088 in
1324 1071 1372 1089 tuo
1386 1072 1469 1097 regno
1484 1064 1610 1096 essemus,
1630 1073 1683 1089 non
1697 1064 1818 1090 tulill'em.
1839 1069 1857 1091 i.
1874 1067 1904 1092 In
1925 1067 2073 1102 Tufiulano.
2124 1067 2208 1094 Plaut.

1152 1098 1243 1124 Pseud.
1264 1109 1280 1131 ι,
1297 1107 1317 1131 1,
1334 1107 1357 1131 13
1384 1100 1437 1125 Sub
1459 1100 1569 1126 Veneris
1590 1108 1672 1134 regno
1694 1100 1807 1133 vapulo,
1826 1109 1880 1126 non
1899 1102 1946 1128 sub
1965 1103 2047 1128 Iouis.

1151 1133 1318 1165 dominatus,
1334 1141 1378 1161 aut
1394 1144 1504 1168 regnum
1534 1135 1590 1161 (ic.
1605 1137 1636 1161 dc
1653 1136 1746 1170 Arusp.
1760 1136 1836 1170 Resp.
1851 1145 1891 1169 54.

1151 1171 1214 1205 gni,
1235 1171 1304 1204 posse
1318 1176 1344 1197 te
1358 1171 1489 1197 inuidiam
1507 1172 1559 1205 pati
1580 1173 1638 1198 Seii.
1654 1172 1732 1197 Herc.
1749 1172 1811 1198 Fur.
1826 1181 1850 1198 v.
1867 1180 1917 1204 353.

2156 1104 2209 1130 Aut

2001 1139 2051 1165 Ars
2070 1138 2155 1172 prima
2169 1148 2212 1166 re-

1990 1173 2054 1200 Non
2070 1176 2212 1208 exercitus,

733 1206 845 1232 Animus
860 1205 955 1240 regalis
970 1204 1030 1231 Liu.
1044 1213 1088 1240 27,
1101 1222 1133 1246 30
1153 1215 1240 1247 neque
1262 1206 1378 1234 thesauri
1402 1206 1531 1233 Prae-lidia
1554 1216 1629 1242 regni
1646 1208 1720 1239 sunt,
1741 1216 1835 1234 verum
1848 1209 1928 1234 amici
1950 1208 2049 1235 Sallust⁴
2065 1210 2121 1243 Iug.
2135 1220 2157 1236 c.
2173 1219 2212 1238 10.

1153 1242 1210 1268 Cic.
1227 1243 1304 1270 Verr.
1320 1252 1355 1276 4,
1376 1245 1411 1269 60
1442 1243 1584 1276 Nationes,
1599 1252 1665 1278 quae
1690 1244 1717 1269 in
1741 1252 1834 1270 eorum
1859 1252 1942 1278 regno
1963 1253 1992 1271 ac
2017 1246 2121 1272 ditione
2142 1246 2210 1273 sunt.

1152 1277 1246 1304 Custos
1259 1280 1334 1313 regni
1349 1279 1464 1314 peruigil
1477 1281 1548 1306 canis
1573 1281 1631 1307 Scn.
1647 1280 1726 1306 Herc.
1744 1280 1806 1306 Fur.
1821 1280 1839 1306 s.
1854 1288 1879 1312 9.
1985 1282 2098 1309 Euersor
2118 1291 2213 1316 regno-

1152 1323 1214 1341 rum
1227 1315 1327 1342 Priami
1342 1315 1457 1342 Achilles
1477 1317 1553 1350 Virg.
1569 1317 1633 1342 Aen.
1648 1323 1746 1348 1;,54ς.
1845 1315 1958 1342 Fructus
1970 1318 2045 1352 regni
2058 1317 2148 1344 feritas
2163 1318 2211 1345 Sil.

1354 1351 1471 1378 Nouitas
1485 1353 1559 1385 regni
1588 1352 1664 1385 Virg.
1679 1351 1744 1376 Aen.
1761 1359 1781 1382 1,
1797 1353 1855 1384 567.
2055 1352 2075 1391 fl
2102 1362 2134 1415 2¹
2153 1355 2211 1389 Epi-

2139 1395 2214 1417 ‘esna

2083 1424 2214 1451 Caelestia

1999 1458 2107 1485 Diffona
2122 1468 2214 1493 regna,

1942 1493 2052 1520 Famosa
2073 1496 2169 1522 Lucan.
2184 1503 2213 1531 7,

1751 1527 1869 1553 Humida
1906 1528 1981 1563 Virg.
1999 1529 2096 1565 Georg.
2110 1540 2128 1564 4
2138 1552 2145 1564 ‚
2160 1536 2213 1564 363.

1871 1563 1994 1597 ignobile
2013 1566 2080 1593 Hor.
2091 1567 2176 1594 Sem..
2192 1576 2214 1598 1,

1150 1599 1175 1626 6,
1189 1605 1214 1628 9.
1323 1597 1469 1624 Inamabile
1483 1598 1602 1626 Plutonis
1632 1600 1715 1626 Ouid.
1732 1602 1794 1626 Nlet.
1808 1608 1836 1632 4,
1850 1603 1905 1631 476.

1152 1632 1224 1658 tonis
1244 1632 1326 1659 Ouid.
1342 1634 1408 1660 Met.
1425 1643 1464 1666 10,
1480 1642 1513 1667 15.

1151 1668 1233 1694 Erebi
1251 1668 1313 1695 Stat.
1328 1669 1423 1696 Theb.
1438 1675 1464 1703 8,
1480 1678 1523 1696 22.

1151 1704 1250 1730 Iniusta
1272 1705 1360 1732 Valer.
1377 1707 1477 1740 Argon.
1495 1709 1522 1738 6,
1535 1709 1594 1736 608.

1154 1359 1173 1381 i,
1190 1355 1243 1383 148.

1528 1422 1642 1449 Barbara
1674 1421 1741 1447 Hor.
1758 1422 1837 1455 Epist.
1851 1430 1876 1452 2,
1892 1432 1908 1453 1,
1920 1431 1974 1455 253.

1153 1455 1235 1482 Ouid.
1251 1458 1316 1483 Met.
1332 1466 1351 1488 1,
1365 1464 1414 1490 152.
1505 1458 1658 1489 Continua,
1676 1457 1926 1484 ι;ι·ι1.ι;οΝΤιΝΕο.

1152 1493 1261 1528 Linguis
1275 1492 1380 1526 diuersis
1395 1496 1492 1519 utentia
1521 1493 1607 1519 Valer.
1622 1494 1721 1525 Argon.
1736 1499 1756 1524 5,
1772 1499 1832 1526 «07.

1153 1534 1213 1560 277.
1333 1528 1459 1554 Furentia
1479 1527 1524 1554 Sil.
1546 1537 1568 1560 3,
1583 1537 1641 1561 491.

1979 1600 2124 1629 Inamocna
2152 1603 2213 1630 Plu-

1595 1636 1703 1663 Inferna
1725 1637 1783 1663 Sen.
1798 1636 1878 1661 Herc.
1894 1636 1956 1663 Fur.
1971 1645 2002 1663 11.
2109 1639 2212 1667 Infelix

1642 1672 1779 1706 inhospita
1803 1681 1882 1705 regna
1914 1673 1997 1700 Ouid.
2018 1674 2081 1701 Met.
2102 1683 2132 1705 11,
2152 1681 2213 1710 284.

1706 1709 1758 1735 Vbi
1776 1716 1828 1733 non
1843 1709 1878 1734 eil
1891 1709 1993 1742 pudor,
2015 1709 2072 1736 Nec
2091 1720 2152 1738 cura
2174 1713 2214 1738 iu-

1004 1737 1129 1779 Ouid.45
1152 1740 1208 1773 ris,
1229 1740 1365 1772 sanctitas,
1387 1743 1485 1777 pietas,
1507 1742 1585 1774 fides,
1604 1743 1729 1771 instabile
1744 1753 1855 1779 regnum
1869 1745 1905 1771 est
1937 1745 1994 1771 Sen.
2010 1746 2039 1772 in
2054 1745 2173 1779 Thyeste
2189 1757 2215 1774 ν.

894 1774 985 1802 Τιτᾱὶιι
1004 1775 1086 1802 Ouid.
1151 1784 1203 1810 215.

1313 1779 1390 1805 Inuia
1403 1779 1475 1805 viuis
1497 1779 1572 1813 Virg.
1588 1780 1652 1807 Aen.
1668 1783 1700 1813 6,
1717 1790 1770 1814 154.
1808 1781 1901 1816 Inferi.
1937 1781 2082 1814 ludit-iaie,
2110 1784 2169 1810 ind.
2187 1794 2212 1810 n.

1152 1823 1178 1846 4.
1252 1812 1383 1841 Laceruin
1410 1813 1504 1841 Claud.
1522 1815 1549 1841 in
1566 1817 1644 1850 prim.
1661 1818 1739 1843 Cous.
1755 1817 1811 1844 Stil.
1829 1825 1854 1848 2,
1869 1825 1927 1843 202.

1152 1848 1229 1882 Virg.
1246 1849 1310 1875 Aen.
1326 1858 1347 1881 ε,
1361 1861 1387 1885 4.
1496 1851 1560 1878 Lata
1586 1852 1664 1886 Virg.
1681 1854 1745 1879 Aen.
1759 1863 1786 1885 4,
1802 1861 1856 1885 199.

1152 1883 1321 1920 Munificum,
1338 1886 1449 1922 vid.fiib
1463 1893 1472 1912 1
1484 1893 1567 1919 IBkn,
1587 1887 1646 1914 Adi.
1721 1890 1812 1923 Magni
1829 1888 1905 1923 regni
1920 1891 2037 1923 potentia
2055 1891 2138 1918 Ouid.
2149 1893 2214 1919 Met.

1153 1923 1178 1954 6,
1196 1929 1244 1953 153.
1317 1923 1420 1949 Nobile
1440 1922 1512 1949 Idem
1528 1923 1607 1957 Epist.
1622 1932 1659 1959 17,
1675 1933 1722 1957 153.
1820 1924 1953 1959 Opulenta
1983 1927 2069 1952 Senes.
2084 1927 2177 1954 Theb.
2194 1936 2214 1954 1.

1153 1957 1253 1983 Pallida
1268 1957 1339 1984 Ditis
1360 1959 1458 1985 Lucan.
1475 1967 1494 1991 i,
1509 1969 1563 1992 451.
1672 1961 1826 1987 Periculose
1842 1970 1925 1995 regno
1941 1962 2030 1989 secura
2044 1971 2072 1988 ac
2089 1969 2143 1989 tuta
2158 1964 2214 1989 vita

1153 1995 1337 2027 anteponenda
1349 1994 1385 2021 est
1402 1995 1494 2021 lustin.
1510 2004 1550 2028 39,
1565 2004 1591 2028 4,
1605 2005 1624 2028 3.
1698 1997 1804 2023 Piceum
1819 1997 1889 2022 Ditis
1909 1997 2003 2022 Claud.
2020 1997 2050 2022 de
2064 1998 2139 2032 Rapt.
2150 1999 2212 2024 Pro-

1154 2030 1220 2064 serp.
1235 2038 1257 2061 3,
1272 2038 1316 2062 90.
1425 2031 1547 2057 Potentia
1569 2032 1650 2058 Ouid.
1661 2032 1753 2057 Amor.
1772 2041 1792 2063 1,
1807 2040 1824 2061 1,
1839 2040 1872 2062 13.
1945 2032 2044 2058 Stabile
2066 2033 2123 2060 Scn.
2132 2035 2214 2060 Herc.

1154 2066 1216 2091 Fur.
1230 2068 1254 2091 6.
1326 2066 1430 2092 Tristia
1446 2075 1542 2099 regna,
1562 2068 1705 2101 inferorum
1730 2067 1798 2091 Hor.
1813 2067 1901 2092 Carm.
1914 2074 1937 2098 3,
1948 2076 1977 2099 4,
1991 2077 2009 2098 4
2020 2079 2035 2093 n.
2129 2069 2211 2097 Trux

1631 2100 1704 2126 Vasti
1719 2102 1793 2135 regni
1808 2101 1910 2127 silentia
1938 2102 2020 2129 Ouid.
2035 2103 2100 2130 Met.
2116 2113 2155 2137 10,
2168 2113 2211 2137 30.

1153 2136 1298 2162 Vberrima
1325 2137 1400 2168 Virg.
1415 2136 1470 2160 Aen
1493 2144 1514 2167 3,
1532 2137 1585 2161 106.
1692 2137 1807 2162 Viduata
1821 2136 1939 2168 lumine,
1960 2139 2042 2164 Orcux
2060 2139 2104 2167 sil.
2121 2149 2142 2173 3,
2156 2144 2212 2168 601.

1153 2169 1262 2195 Vndosa
1276 2179 1372 2202 regna,
1394 2170 1519 2196 Nazidum
1542 2171 1615 2196 Idem
1630 2178 1653 2202 5,
1670 2178 1705 2196 21.
1907 2170 1926 2208 ἢ
1956 2182 1966 2204 3
2009 2176 2212 2212 l‘'erborumfor—

1150 2206 1228 2229 midae
1241 2214 1248 2228 :
1287 2205 1369 2231 Abuti
1385 2214 1466 2238 regno
1481 2211 1507 2230 et
1523 2205 1628 2230 licentia
1642 2206 1673 2231 ad
1689 2205 1795 2235 omnia,
1811 2206 1865 2233 vid.
1887 2213 2032 2236 ABVTOR.
2143 2213 2212 2239 Affe-

1151 2238 1222 2265 &arc
1235 2248 1347 2272 regnum
1367 2239 1447 2266 Ouid.
1465 2240 1527 2265 Met.
1547 2248 1566 2271 i,
1582 2249 1630 2269 152.
1723 2242 1855 2275 Appetere
1868 2252 1994 2277 regnum:
2031 2245 2086 2272 Cic.
2100 2257 2148 2282 pro
2159 2249 2210 2275 Mi-

2040 2282 2113 2309 Idem
2128 2285 2182 2311 ch
2202 2302 2211 2307 -

1150 2307 1218 2333 neel.
1234 2310 1265 2339 56
1295 2309 1324 2334 C.
1346 2309 1400 2335 Ser.
1423 2309 1506 2336 Ahala
1527 2310 1568 2344 Sp.
1586 2311 1715 2338 Maelium
1730 2322 1842 2348 regnum
1855 2314 2030 2350 Appetcntem
2043 2324 2069 2344 ct
2080 2294 2211 2354 occupaife

1148 2342 1284 2369 volentem
1298 2344 1445 2371 interemit.
1518 2347 1549 2372 In
1564 2347 1720 2375 seruitutem
1735 2349 1836 2376 Cadere
1848 2350 1881 2377 de
1896 2361 1990 2387 regno,
1998 2363 2078 2388 graue
2094 2356 2131 2382 est
2151 2356 2209 2383 Seri.

1147 2377 1240 2404 Theb.
1258 2385 1353 2419 v..598.
1426 2381 1562 2416 Capesscre
1577 2392 1656 2418 regna
1679 2386 1754 2420 Virg.
1768 2387 1833 2412 Aen.
1851 2393 1874 2419 8,
1890 2397 1948 2423 507.
2059 2391 2209 2420 Concutere

1147 2422 1226 2454 regna
1240 2414 1312 2441 Iouis
1333 2416 1420 2455 Senec.
1438 2418 1529 2444 Medea
1544 2427 1580 2445 10.
1655 2421 1800 2448 Considere
1816 2424 1902 2457 regnis
1916 2424 1996 2451 vultis
2009 2432 2035 2452 et
2047 2426 2090 2453 his
2104 2437 2208 2455 mecum

1146 2458 1247 2483 pariter
1262 2452 1271 2477 3
1308 2452 1383 2486 Virg.
1406 2454 1468 2479 Aenv
1487 2463 1507 2486 1,
1523 2457 1577 2487 516.
1688 2458 1870 2485 Contribuere
1883 2460 1911 2486 in
1924 2470 2021 2496 regna,
2058 2463 2209 2491 Decernere

1145 2495 1257 2520 regnum
1267 2507 1274 2518 ‚
1310 2486 1449 2516 Deducere
1463 2490 1580 2525 aliquem
1596 2500 1628 2518 ex
1642 2501 1742 2527 regno,
1765 2495 1818 2520 md.
1832 2495 1873 2521 hh.
1889 2505 1933 2523 υυ.
2017 2498 2073 2525 Cic.
2092 2499 2206 2536 Philipp.

1146 2530 1169 2550 2.
1187 2527 1218 2556 87
1236 2532 1256 2548 c.
1270 2532 1303 2557 34
1324 2524 1363 2551 Ad
1380 2525 1535 2565 Lupercalia
1551 2528 1581 2553 C.
1595 2529 1699 2556 Caesari
1714 2530 1847 2557 memori
1863 2539 1990 2567 perpetuo
2004 2534 2041 2560 M.
2058 2536 2207 2564 Antonium

1145 2558 1289 2585 Consulem
1305 2560 1397 2595 Populi
1413 2562 1478 2588 iuffii
1494 2571 1605 2597 regnum
1620 2565 1761 2599 Detulisse,
1782 2567 1921 2594 Caesarem
1936 2570 1974 2596 vti
1987 2571 2107 2598 noluisse.
2155 2573 2208 2599 Dc-

1146 2594 1254 2621 trudere
1268 2596 1367 2630 superis
1381 2599 1468 2632 regnis
1482 2599 1593 2635 Iouem,
1612 2603 1631 2627 i.
1646 2602 1717 2628 Caelo
1740 2602 1924 2637 Virg.Aen.6‚
1941 2610 1992 2638 584.
2065 2607 2207 2636 Diuiditur

1172 2667 1177 2671 .
1313 2669 1318 2672 ²
1685 2638 1755 2665 Dare
1771 2646 1795 2665 et
1809 2639 1937 2667 Adimerc
1952 2651 2048 2676 regna,
2074 2649 2207 2672 contraria

1145 2666 1202 2693 Cic.
1217 2676 1265 2701 pro
1279 2669 1377 2695 Milon.
1396 2678 1441 2704 74.
1536 2671 1677 2699 Dominari
1691 2683 1775 2709 regno
1790 2677 1878 2710 capaci
1897 2676 1946 2703 Scn
1974 2678 2054 2705 Herc.
2070 2680 2131 2706 Fur.
2147 2681 2165 2707 s.
2181 2690 2206 2714 9.

1144 2703 1271 2737 Ereptum
1285 2704 1418 2733 Censurae
1432 2715 1554 2741 regnum,
1579 2711 1598 2735 i.
1608 2709 1790 2746 Magistratus,
1798 2720 1844 2746 quo
1857 2715 2051 2749 intemperanter
2065 2716 2135 2742 abuti
2148 2721 2206 2752 quis

1270 2776 1275 2781 .
1491 2744 1620 2771 Exercere
1633 2754 1744 2780 regnum
1766 2747 1832 2773 Plin.
1850 2756 1888 2781 10,
1903 2757 1936 2775 21.
2012 2751 2130 2779 Foedant
2145 2762 2205 2780 mea

1144 2783 1224 2809 regna
1237 2777 1289 2802 suis
1302 2778 1388 2804 ruinis
1409 2779 1453 2805 Sil.
1470 2788 1504 2811 15,
1519 2785 1570 2811 538.
1644 2782 1744 2809 Gerere
1758 2783 1888 2810 indescrta
1902 2794 1981 2819 regna
1995 2787 2103 2820 peffiore
2119 2788 2203 2815 Ouid.

1442 2815 1540 2842 Cerere
1555 2824 1635 2850 regna
1650 2817 1762 2852 superba
1781 2819 1890 2846 Tibull.
1907 2830 1926 2853 1,
1942 2830 1966 2853 9,
1981 2828 2021 2851 80-
2095 2824 2204 2851 Habere

1143 2855 1239 2881 regna,
1259 2850 1374 2884 Regnare
1393 2851 1468 2885 Virg.
1488 2854 1552 2878 Aen.
1566 2861 1586 2884 1,
1600 2861 1653 2885 350.
1732 2854 1805 2881 Ideni
1819 2857 1884 2882 Aen.
1900 2859 1926 2889 6,
1940 2859 1989 2890 566
2011 2857 2124 2885 Gnosius
2140 2859 2203 2887 haec

1143 2882 1340 2911 Rhadamantus
1354 2885 1434 2913 habet
1447 2886 1580 2914 durissima
1602 2897 1691 2923 regna.
1802 2892 1957 2926 impendere
1977 2902 2087 2928 regnum
2101 2901 2203 2927 totum,

2032 1819 2214 1846 Lamentabile

1953 1852 2077 1880 Liberale
2090 1864 2214 1890 regnum,

1971 2929 2101 2957 Induccre
2112 2940 2203 2966 regem

1957 2966 2096 3001 Insurgerc
2114 2968 2203 3001 regnis

1631 2998 1792 3033 Intercipcre
1806 3009 1917 3034 regnum
1927 3020 1936 3031 ‚
1972 3000 2025 3027 nid.
2038 3007 2063 3028 hv.
2078 3013 2102 3029 υ.
2160 3005 2202 3029 Ιη-

1141 3027 1238 3054 vadere
1263 3037 1372 3063 regnum
1397 3031 1506 3062 aliquod
1541 3033 1624 3059 Ouid.
1640 3034 1705 3060 fast.
1721 3043 1743 3066 3,
1758 3043 1806 3067 551.
1925 3037 2024 3063 Locare
2039 3038 2155 3072 aliquem
2173 3039 2201 3066 in

1143 3070 1216 3104 parte
1232 3066 1307 3104 regni
1328 3066 1406 3093 Virg.
1422 3068 1487 3094 Aen.
1502 3079 1531 3102 4,
1548 3076 1602 3102 371.
1701 3071 1756 3097 Cic.
1773 3071 1889 3106 Philipp.
1903 3080 1926 3104 5,
1943 3080 1970 3106 17
1984 3082 2005 3098 c.
2020 3077 2036 3099 6
2057 3073 2153 3108 Neque
2169 3075 2201 3108 ii,

1142 3108 1189 3134 qui
1203 3100 1311 3135 regibus
1325 3102 1424 3129 exatffls
1438 3112 1549 3138 regnum
1563 3113 1692 3139 occupare
1709 3106 1864 3133 voluerunt.
1937 3109 2037 3142 Optare
2051 3109 2139 3136 locum
2160 3120 2199 3138 re·

1141 3144 1212 3169 gno,
1249 3137 1302 3163 vid.
1329 3143 1426 3166 οΡΤο.
1501 3141 1658 3168 Permittcre
1673 3151 1784 3175 regnum
1800 3143 1879 3169 alicui
1903 3145 1969 3170 Hor.
1985 3144 2064 3172 Serm.
2082 3154 2099 3177 1,
2113 3154 2136 3179 3,
2151 3155 2200 3180 123.

1140 3172 1296 3199 Permittere
1311 3183 1422 3208 regnum
1437 3175 1519 3202 alicui
1534 3177 1562 3202 in
1578 3177 1682 3211 aliquos
1703 3179 1772 3204 Hor.
1788 3179 1879 3205 Carni.
1894 3189 1922 3212 4,
1931 3188 1991 3213 4,2.
2064 3182 2200 3209 Pollutuin

1139 3216 1251 3241 regnum
1287 3210 1412 3245 sanguine
1450 3211 1495 3238 Sil.
1513 3220 1532 3242 1,
1547 3221 1583 3239 22.
1616 3214 1649 3239 al.
1671 3214 1804 3241 Crimine.
1895 3215 2024 3243 Poffidere
2039 3225 2119 3252 regna
2140 3219 2199 3245 Sen.

1140 3243 1219 3271 Herc.
1236 3245 1298 3273 Fur.
1311 3255 1336 3279 9.
1409 3247 1477 3274 Ter.
1494 3248 1567 3274 Adel.
1584 3257 1605 3281 2,
1620 3257 1639 3281 1,
1653 3258 1691 3276 21.
1766 3250 1881 3277 Prodere
1893 3260 1972 3285 regna
1985 3252 2097 3279 alicuius
2115 3254 2199 3282 Ouid.

1139 3279 1203 3307 Met.
1216 3290 1238 3313 7,
1256 3286 1292 3313 38.
1357 3282 1458 3310 Pulsata
1472 3284 1581 3318 gemino
1596 3286 1663 3311 mari
1680 3294 1759 3319 regna
1775 3287 1877 3320 Pelopis
1897 3287 1954 3313 sen.
1969 3288 2120 3316 Hermi-*un
2136 3291 2197 3323 s.13.

1140 3316 1206 3342 Puifi
1219 3317 1308 3351 regnis
1330 3318 1406 3354 Virg.
1422 3320 1486 3347 Aen.
1500 3327 1525 3354 7,
1542 3329 1593 3355 217.
1666 3321 1766 3356 Regere
1780 3331 1890 3356 regnum
1913 3323 1995 3350 Ouid.
2010 3325 2075 3352 Met.
2089 3333 2122 3358 11,
2135 3334 2197 3361 270.

1771 3358 1876 3384 Sancire
1889 3367 1999 3392 regnum
2026 3360 2118 3388 Tacit.
2128 3362 2197 3388 Hist.

1140 3395 1163 3420 ς,
1178 3397 1202 3415 2.
1273 3390 1370 3417 Sortiri
1385 3400 1464 3425 regna
1478 3392 1537 3419 vini
1551 3392 1610 3419 talis
1632 3393 1699 3419 Hor.
1714 3393 1801 3420 Carni.
1818 3401 1836 3423 1,
1849 3403 1877 3426 4,
1892 3398 1927 3423 18.

1140 3424 1270 3459 Porphyr.
1284 3426 1315 3452 ad
1331 3427 1547 3461 magisteriorum
1562 3429 1687 3455 conuiuia
1703 3430 1825 3463 pertinet.

1143 2955 1171 2981 in
1193 2964 1320 2990 regnum,

1357 2959 1497 2986 Institucre
1516 2969 1645 2995 regnum,
1683 2962 1735 2988 iad.
1749 2964 1790 2989 hh,
1805 2973 1838 2990 oo

2010 3397 2085 3428 Hoc,
2108 3398 2197 3433 inquit

1868 3429 1925 3456 Vid.
1941 3435 2048 3460 TALVS
2065 3440 2115 3468 pro
2128 3434 2194 3460 tudo.

1142 3461 1235 3497 Nempe
1251 3464 1275 3486 is
1289 3470 1300 3487 e
1312 3466 1443 3495 conuiuis,
1462 3467 1503 3490 cui
1516 3466 1566 3491 tale
1580 3474 1682 3499 regnum
1692 3467 1761 3498 μνη)
1776 3463 1916 3506 obtigisti&
1935 3468 2000 3503 leges
2018 3468 2116 3497 bibendi
2124 3469 2196 3505 fere-

1835 3502 1986 3529 Huiusmodi
1999 3514 2095 3541 regem,
2116 3505 2194 3532 Arbi-

1844 3537 1918 3573 Conj.
1933 3539 2003 3574 Lips.
2013 3540 2193 3568 ivaat-..tnm

1353 3571 1409 3597 Cic.
1425 3572 1476 3597 Att.
1492 3580 1517 3606 7,
1531 3580 1565 3606 27
1585 3571 1642 3598 Nisi
1656 3580 1699 3597 eos
1715 3572 1812 3598 timere
1825 3579 1915 3608 putas.
1931 3583 1964 3601 ne
1977 3576 2024 3602 sub
2038 3585 2120 3610 regno
2135 3577 2194 3609 lint,

1137 3647 1187 3672 gna
1227 3640 1332 3667 Lucret.
1365 3651 1386 3675 ς,
1417 3651 1485 3678 ¹¹27·
1559 3643 1670 3669 Tenere
1686 3643 1780 3670 iniusta
1802 3653 1881 3679 regna
1922 3646 2005 3673 Ouid.
2021 3612 2193 3683 13}anngss

1137 3675 1262 3710 Torpent
1276 3685 1354 3711 regna
1383 3678 1458 3712 Virg.
1473 3679 1571 3713 Georg.
1587 3687 1604 3708 i,
1619 3687 1670 3711 ¹²4·
1760 3679 1885 3708 Trahere
1899 3682 1932 3708 ad
1946 3682 2078 3709 auxilium
2093 3684 2191 3717 septem

1577 3714 1655 3749 Viget
1669 3723 1779 3749 regnum
1794 3717 1912 3744 consiliis
1944 3719 2011 3752 Virg
2034 3720 2100 3746 Aen.
2113 3728 2136 3750 2,
2152 3725 2188 3750 88.

1139 3575 1171 3599 ις,
1186 3576 1221 3601 ις,
1233 3577 1257 3595 2·

1137 3782 1190 3815 est,
1211 3791 1235 3810 et
1251 3784 1317 3811 serri
1330 3785 1406 3811 nullo
1421 3785 1498 3819 paeto
1513 3785 1596 3819 potest
1617 3787 1673 3812 Cic.
1690 3787 1744 3813 Att.
1759 3797 1784 3819 2,
1800 3796 1832 3814 12.
1906 3788 2032 3817 Abuteris
2045 3790 2077 3817 ad
2097 3791 2189 3817 omnia

2063 3827 2189 3861 Ereptum

1663 3859 1798 3893 Regnum,
1822 3861 1851 3886 In
1866 3869 1911 3895 quo
1925 3865 1980 3896 quis
1994 3865 2098 3892 eminet,
2118 3870 2146 3888 vt
2159 3865 2188 3887 in

1471 3892 1528 3920 Cic.
1544 3893 1598 3922 Ait.
1612 3901 1633 3928 1,
1648 3902 1659 3921 1
1684 3895 1825 3930 Aquilium
1839 3905 1894 3923 non
1907 3895 2119 3931 arbitrabamur,
2141 3897 2188 3930 qui

1434 3928 1458 3955 R
2077 3932 2187 3968 denegat
