2434 4156
551 79 824 141 QVE

781 169 858 203 Apul.
873 170 950 202 Apol.
963 177 987 202 p.
1002 176 1063 202 274,
1079 174 1107 202 17
1127 167 1170 192 Ne
1184 167 1218 192 fic

175 104 211 143 3¹

179 186 278 213 poenae
304 171 435 202 contemni
457 180 511 199 non
532 173 606 206 quita
620 171 664 198 cll.

180 213 285 248 quidem
299 210 386 243 quitus
398 207 433 234 est
449 218 454 234 :
488 211 506 236 i,
528 211 616 243 quiuis.
654 205 707 232 vid.
723 205 792 231 Cort.
804 205 837 230 ad
851 206 908 229 Sall.
924 206 979 237 lug.
996 212 1030 234 31,
1050 208 1072 232 8.

217 255 267 281 Qv
277 253 291 271 E
306 251 322 267 x
338 249 359 268 T
374 250 414 270 [A
424 250 468 275 M,
486 251 536 279 pro
550 244 702 273 Potentiam,
721 247 813 266 veteres
826 238 959 274 aliquando
967 235 1091 272 scrifffiffi·
1112 235 1221 269 Siponti-

179 293 223 308 nm
236 284 281 306 ait.
326 278 380 314 Ipse
393 278 494 306 viderit.

216 319 511 351 qvencssnvs,
533 315 845 350 oxvrncr‘rviss
867 310 1148 345 erncxcvs,
1167 303 1221 329 vid.

195 357 204 373 )
217 357 234 375 Υ
247 355 259 373 ιζ
271 354 289 374 R
299 354 316 375 C
324 355 344 374 V
354 356 377 376 S.

184 357 374 420 χ(ζνιῖκιῑν
385 392 413 414 s,
432 383 469 408 sis.
491 382 510 408 f.
547 379 637 414 [δμὶς]
674 380 755 405 Gemit.
772 376 865 411 querci
887 375 982 401 I'allad.
997 376 1076 401 Mart.
1091 380 1124 406 7,
1138 375 1163 399 6.
1199 379 1224 398 et

179 424 200 449 8,
212 427 235 445 2.
273 420 424 455 Glandifera
436 417 526 447 arbor,
545 413 659 452 cr'gallue
667 414 748 448 fri-as
758 432 766 444 ,
783 419 806 437 et
819 413 882 446 visci
895 413 982 436 nutrix
993 427 1002 439 ‚
1019 416 1042 434 ct
1061 407 1089 434 ob
1108 417 1221 434 coronam

178 457 283 481 ciuicam
294 456 393 481 nobilis.
427 453 483 479 Cic.
498 450 530 476 dc
546 450 639 484 Legib.
658 458 677 479 1,
693 457 716 474 12
738 450 858 479 (Luc-rcus
873 445 1027 479 glandifera.
1134 443 1223 469 Festus

179 490 278 522 Paulli,
302 492 420 523 Quercus
441 487 538 513 dicitur
558 486 628 519 quod
650 484 676 509 id
701 491 781 516 gemis
795 481 898 506 arboris
912 488 991 513 graue
1006 479 1051 509 lit,
1071 486 1101 503 ac
1113 477 1224 504 durum:

951 515 1138 547 Qierqueram
1152 513 1225 539 enim

1026 549 1094 574 Haec
1111 548 1223 575 Paullus.

955 583 1029 617 Virg.
1045 583 1143 617 Georg.
1152 592 1173 614 5,,
1181 592 1225 615 337.

180 530 237 552 tum
251 526 330 552 etiam
344 526 372 552 in
387 524 519 557 ingentem
533 521 625 546 euadat
647 516 859 552 amplitudincm.

179 560 313 596 (febrim)
334 567 440 594 grauem
464 564 489 582 et
509 564 629 589 maguam
653 553 760 588 quidam
779 555 869 586 putant
889 548 952 575 dici.

178 596 246 623 Festi
259 597 333 631 ipsius
346 597 462 629 reliquias
477 591 578 622 damus,
595 598 651 615 voce
674 592 881 622 QVERCERVS.

178 632 268 658 Sicubi
295 638 385 664 magna
410 628 483 654 Iouis
508 626 619 660 antiquo
632 623 731 650 robore
746 630 857 656 quercus
893 621 1012 653 Ingentes
1026 618 1113 645 tendat
1127 627 1224 644 ramos.

177 667 275 695 Nescio
290 667 352 701 quid
366 666 397 691 de
412 671 509 697 quercu
530 660 715 694 exsculpseram
725 678 733 690 ,
753 657 824 692 quod
838 656 977 682 videretur
990 654 1074 680 limile
1094 654 1225 680 fimulacri

179 703 233 729 Cic.
250 703 303 728 Att.
321 709 353 733 13,
368 705 407 729 28.
426 699 454 723 de
466 696 566 732 epistola
578 706 630 722 cum
643 704 703 721 cura
716 702 739 720 et
751 694 833 720 labore
842 692 952 728 scripta.
1047 689 1126 716 A'e'ria
1147 689 1224 723 Virg.

178 739 243 764 Aen.
257 747 277 769 3,
291 740 347 766 680.
373 739 390 760 ι’,
411 735 463 759 alta
495 735 522 758 in
552 736 632 757 aerem
662 728 753 756 ereHa.
826 727 930 754 Annosa
949 725 1024 759 Virg.
1038 727 1102 751 Aen.
1121 735 1150 758 4,
1164 733 1224 757 441.

179 774 302 804 Auritae,
322 771 372 797 uid.
386 769 509 799 Animus,
528 770 555 793 in
575 772 688 793 Avnis.
760 764 878 790 Decidua
897 762 979 788 Ouid.
994 762 1058 788 Met.
1075 766 1098 793 8,
1113 766 1169 795 758.
1191 762 1224 786 al.

179 809 272 835 Deioa.
343 807 416 831 Dura
436 804 508 837 Virg.
523 802 576 829 Ecl.
592 812 621 835 4,
634 810 675 834 3ο.
747 799 865 827 Fatidica
884 798 971 824 Senec.
986 798 1065 823 Herc.
1080 798 1140 823 Oet.
1160 797 1178 822 s.
1193 805 1224 822 ιι.

178 844 304 870 Geminae
318 841 493 873 consurgunt,
510 838 565 864 vid.
586 842 774 865 CONSVRGO.
882 833 1039 859 Glandifera
1061 832 1143 859 Ouid.
1159 833 1224 858 Met.

181 888 216 910 iz,
234 884 278 908 518.
385 876 478 910 Ingens
498 875 572 908 Virg.
586 875 652 901 Aen,
666 881 698 904 11,
711 880 732 904 ς.
841 869 954 904 Rigidae
971 875 1072 895 motant
1087 868 1222 894 cacumina

179 915 251 947 Virg.
266 912 317 938 l-Icl.
331 913 357 943 6,
372 916 408 940 28.
478 910 554 936 Sacra
577 909 650 936 Idem
665 908 731 934 ibid.
746 915 772 941 7,
786 913 819 938 13.
891 904 1018 931 Sublimis
1039 905 1135 930 Lucan.
1146 913 1164 936 1,
1175 906 1224 935 136.

177 950 278 975 'sactae
293 947 324 973 de
337 947 409 973 caelo
429 945 506 980 Virg.
522 945 575 972 Ecl.
591 954 612 977 1,
626 952 662 979 17.
734 943 825 969 Torta
839 949 938 975 quercu
952 940 1091 966 redimitus
1107 947 1138 965 tex
1162 947 1226 973 pora

178 984 247 1010 {deni
268 984 364 1017 Georg.
387 991 407 1014 ι,
420 990 478 1014 349.
654 976 674 1014 ff
697 987 710 1003 2
747 979 867 1011 Qiercus
888 976 988 1002 videtur
1010 983 1083 1001 ettam
1108 978 1179 1011 nigri
1197 975 1224 1009 s.

170 1019 234 1055 pulli
249 1020 338 1045 coloris
352 1027 435 1043 nomen
449 1015 493 1050 effe
517 1015 613 1042 Catull.
628 1013 743 1048 Epithal.
756 1015 773 1039 s.
788 1015 829 1045 63,
846 1019 896 1045 307
915 1014 942 1037 in
953 1010 1057 1046 piHura
1072 1012 1224 1037 Parcarum:

328 1054 378 1080 His
392 1061 486 1087 corpus
500 1051 642 1077 tremulum
657 1048 832 1083 completi‘oens
845 1048 964 1081 vndique
985 1055 1108 1081 quercus,

329 1088 449 1115 Candida
464 1095 594 1121 purpurea
607 1094 686 1120 quam
699 1086 780 1117 Tyro
794 1084 941 1109 incinxerat
954 1091 1015 1109 ora:

329 1125 362 1151 At
375 1125 452 1150 roseo
465 1123 560 1149 niueae
573 1121 720 1148 relidebant
734 1119 833 1146 vertice
847 1119 937 1145 vittae.

173 1160 215 1187 Si.-
234 1169 264 1186 εκ
284 1160 359 1187 MSS.
379 1159 445 1186 rofre
465 1157 613 1191 constitutus
631 1156 664 1189 est
677 1156 717 1182 ille
731 1158 799 1182 Iocus
810 1158 839 1181 ab
855 1157 888 1190 IJ.
908 1152 1003 1188 lsoffio,
1024 1159 1047 1178 et
1059 1158 1177 1188 quantum
1190 1151 1225 1177 ad

172 1195 254 1228 Tyro
270 1197 391 1222 Salmonei
396 1195 480 1230 filiam
493 1191 559 1220 νεὲῗε
572 1194 717 1227 explicatus.

166 1237 239 1267 puto.
311 1233 430 1264 Quercus
443 1230 532 1255 coloris
544 1229 586 1254 hic
599 1237 684 1253 nomen
698 1225 732 1260 est
741 1246 749 1259 ,
762 1227 858 1261 pullam
876 1227 963 1258 vestem
978 1228 1103 1250 induens.
1141 1225 1222 1249 Huzur

173 1267 271 1294 arboris
291 1267 366 1292 Galla
386 1269 436 1292 iam
455 1266 513 1290 ollm
525 1264 558 1290 ad
572 1266 654 1290 Ianam
669 1264 812 1299 tingendam
826 1262 954 1291 adhibita,
972 1260 1046 1296 forle
1060 1261 1133 1285 ctiam
1147 1261 1222 1293 r'inus

416 1302 453 1327 De
467 1300 538 1326 Galla
551 1299 641 1334 d1fl‘rte
655 1296 841 1333 Theophrastus
857 1296 923 1329 H1st.
939 1298 1023 1322 Plam.
1036 1305 1060 1327 3,
1073 1305 1090 1330 9
1120 1296 1184 1330 φέρει
1196 1291 1222 1319 δὲ

978 1332 1011 1358 171
1024 1334 1104 1367 igitur
1120 1338 1224 1360 murex5

172 1304 237 1339 ligni
249 1301 344 1334 astulae.

173 1338 216 1372 xta)
229 1338 309 1373 ἑτέραν
321 1336 363 1366 τήν
377 1337 494 1370 μέλαιναν
515 1332 637 1369 [κηκίδα]
653 1335 667 1366 ᾗ
682 1333 715 1360 ταὶ
729 1335 779 1368 3221oe
798 1332 918 1365 [dein-ram.

173 1382 281 1405 coccus,
296 1372 463 1404 conchylium
492 1377 539 1406 pro
575 1370 697 1396 coloribus
708 1376 854 1404 ponuntur,
873 1372 911 1395 ita
935 1368 1064 1400 Quercus.

173 1416 252 1435 aute-m
272 1407 349 1442 vestes
370 1407 455 1434 Parcis
474 1406 568 1438 tribui,
595 1408 684 1431 mirum
704 1414 752 1430 non
770 1404 814 1437 est,
833 1404 919 1430 noetis
934 1412 956 1429 et
971 1402 1172 1437 crebifiliabus‚
1193 1407 1223 1426 vt

171 1448 209 1471 ait
223 1448 296 1470 etiam
313 1444 368 1470 Cic.
383 1444 414 1469 de
430 1443 492 1469 Nat.
508 1442 586 1467 Deor.
601 1450 622 1472 3,
636 1449 673 1473 44
689 1448 710 1465 c.
727 1446 769 1473 17:
803 1448 909 1474 quasque
921 1439 1060 1473 inferorum
1069 1436 1222 1470 parte-msa-

171 1484 240 1507 cinnt
256 1482 351 1506 Poetae.
394 1479 450 1506 Viti.
465 1479 526 1504 Stat.
541 1475 633 1503 Theb.
649 1481 671 1507 8,
686 1484 724 1508 119
739 1481 762 1500 ει
770 1483 820 1507 191.
893 1474 960 1499 Hinc
975 1473 1038 1498 idem
1053 1471 1114 1496 Stat.
1129 1471 1222 1496 Theb.

172 1519 197 1546 6,
213 1519 261 1551 376
283 1516 322 1541 Sic
338 1515 410 1541 Iouis
424 1513 553 1548 imperia,
572 1518 597 1538 et
619 1511 710 1546 nigrae
729 1510 839 1536 voluere
859 1509 970 1535 sorores.
1043 1505 1090 1533 Sed
1103 1514 1146 1530 nec
1157 1504 1224 1539 dtffi-

1250 313 1264 339 5

1248 489 1276 507 10

1242 848 1277 866 20

1244 1019 1271 1043 23

788 1191 836 1218 Sed
856 1192 884 1216 dc
905 1198 1016 1223 quercus
1032 1191 1110 1214 ramis
1123 1188 1222 1223 jalJiam
1239 1201 1270 1224 30

1135 1366 1221 1392 Pullas
1241 1381 1269 1406 35

170 1551 310 1578 mutandum
333 1558 429 1582 tamen,
450 1557 578 1585 qucrneam
601 1556 716 1576 coronam
741 1546 820 1572 tribui
843 1546 952 1570 Hecatae
974 1552 989 1569 a
1003 1542 1133 1577 Sophocle,
1153 1549 1222 1575 quem
1233 1552 1270 1577 40

170 1588 255 1615 Ιαιιιίιιι
268 1588 332 1614 Scai.
344 1587 377 1612 ad
394 1587 502 1613 l'arron.
516 1583 544 1610 tle
557 1585 585 1609 L.
599 1584 628 1608 L.
637 1590 665 1618 p.
680 1588 731 1611 108.

210 1631 261 1662 (ρ’
274 1629 290 1648 Ε
303 1630 320 1648 a
332 1630 352 1648 N
365 1629 383 1648 v
392 1629 404 1648 s
413 1641 421 1654 ,
441 1630 455 1647 a
464 1640 470 1651 ,
488 1629 541 1645 um.
582 1618 640 1644 Adi.
677 1616 801 1652 [δρυίνός]
839 1614 912 1650 Qod
924 1611 957 1646 est
970 1623 999 1639 ex
1012 1621 1110 1648 quercu.
1147 1610 1223 1645 Virg.

172 1660 269 1693 Georg.
283 1667 301 1689 i,
317 1666 362 1690 3ος
382 1657 432 1684 Sed
446 1663 532 1682 tamen
544 1660 568 1680 et
583 1662 694 1688 quernas
708 1653 822 1687 glandes.
894 1650 960 1676 Plin.
975 1657 998 1681 3,
1012 1658 1025 1681 5
1084 1655 1168 1673 uerno
1183 1646 1224 1672 fo-

171 1696 210 1721 lio
229 1694 371 1721 allimilata.
443 1693 550 1718 Corona
563 1698 660 1723 querna
681 1688 764 1715 Ouid.
777 1686 843 1713 Fast.
860 1693 879 1716 1,
894 1687 952 1717 614.
1042 1683 1127 1718 Stipes
1148 1681 1224 1708 Idem

171 1731 237 1758 Fast.
252 1742 272 1762 4,
289 1738 334 1762 331.
405 1728 502 1754 Vimen
532 1726 606 1759 Virg.
624 1725 689 1750 Aen.
705 1732 739 1756 ιι,
752 1726 791 1755 65.

211 1770 449 1803 QVERNEVS,
475 1771 504 1793 a,
535 1770 589 1787 um.
629 1760 689 1786 Adi.
727 1757 849 1793 [δρύινος]
887 1755 963 1782 Idem.
1002 1753 1135 1780 Columel.
1156 1755 1188 1785 6,
1207 1761 1220 1785 3

171 1804 301 1829 Probatur
314 1801 427 1826 maxime
441 1799 527 1825 vlmea
542 1797 632 1828 frons,
652 1795 707 1830 post
721 1795 858 1824 fraxinea,
877 1798 903 1818 et
921 1791 954 1816 ab
969 1790 1016 1816 hac
1031 1790 1170 1825 populnea,
1184 1789 1221 1814 vl-

170 1839 249 1864 timae
265 1838 321 1863 sunt
336 1836 449 1870 ilignea,
468 1841 493 1861 et
513 1841 644 1867 qucrnea,
663 1837 688 1857 et
711 1830 808 1856 laurea.
917 1826 991 1853 Idem
1008 1834 1035 1859 9,
1048 1834 1059 1852 1
1078 1827 1221 1858 Qierneac

170 1874 270 1909 glandis
284 1878 310 1898 ct
323 1872 446 1905 iligneae.
518 1871 558 1895 Sic
572 1869 639 1894 Cato
654 1876 675 1893 c.
690 1874 712 1898 ς.

209 1915 261 1944 Qv
273 1915 340 1934 [Rc
350 1914 366 1933 r:
377 1913 398 1933 v
408 1913 421 1931 s
431 1926 439 1938 ‚
455 1914 485 1936 a,
503 1913 558 1930 um.
580 1902 639 1928 Adi.
678 1901 753 1927 Idem.
789 1898 897 1925 Seruius
911 1900 938 1924 in
952 1898 1017 1923 Aen.
1026 1899 1051 1929 6,
1064 1904 1115 1932 772
1136 1898 1223 1930 Quer-
1234 1913 1268 1939 50

172 1955 244 1973 ccam
257 1952 383 1970 coronam
396 1940 560 1975 accipiebant
578 1939 624 1974 qui
642 1938 669 1963 in
684 1936 755 1963 bello
771 1935 858 1961 ciuem
872 1934 1020 1961 seruass'ent.

209 1987 261 2017 QV
274 1986 289 2005 E
301 1986 319 2005 R
328 1986 345 2005 C
355 1977 364 2004 i
374 1984 392 2005 C
406 1986 425 2004 v
435 1985 447 2004 s
457 1996 465 2010 ‚
482 1985 496 2002 a
505 1995 512 2007 ‚
533 1984 587 2001 nm.
628 1973 686 2000 Adi.
727 1971 802 1998 Idem.
838 1970 907 1996 Suet.
916 1970 945 1995 in
958 1969 1042 2002 Calig.
1051 1976 1072 1994 c.
1082 1975 1110 1999 19
1132 1966 1224 1993 Primo

171 2017 215 2043 die
229 2015 363 2050 phalerato
378 2022 448 2048 equo
469 2011 646 2046 inlignisque,
667 2008 791 2043 quercica
811 2014 911 2032 corona
931 2010 957 2031 et
980 2010 1051 2032 cetra
1074 2010 1100 2029 et
1125 2002 1225 2037 gladio,

171 2060 303 2086 aureaque
315 2048 463 2082 chlamyde.

211 2094 264 2126 QV
276 2093 292 2113 E
303 2094 321 2113 R
331 2093 347 2113 c
356 2092 375 2110 V
387 2092 402 2110 L
411 2087 461 2111 ᾸΝ
471 2090 491 2110 v
502 2089 515 2108 S
524 2102 531 2113 ‚
552 2090 565 2108 a
576 2100 582 2112 ‚
603 2089 657 2107 um.
697 2078 758 2105 Adi.
794 2077 862 2104 Plin.
877 2078 915 2108 16,
930 2085 956 2101 ιο
975 2074 1032 2102 Vbi
1046 2074 1119 2101 lucus
1132 2074 1225 2108 fageus

171 2124 241 2155 fnit,
262 2128 336 2157 porta
349 2120 516 2155 querculana.
554 2119 659 2154 Legitur
673 2122 696 2141 ει
705 2113 939 2148 Qerquetulana‚
957 2113 1000 2137 vbi
1013 2111 1066 2137 vid.

209 2166 259 2197 Qv
271 2165 313 2184 ER
325 2158 480 2186 cisi-viu,
503 2154 543 2180 uel
567 2158 674 2191 QVER
687 2156 741 2188 qv
753 2151 829 2176 ἐΤν
841 2155 883 2180 Μ,
903 2148 922 2173 i.
958 2156 984 2173 n.
1023 2143 1143 2181 [δρνμᾶς]
1179 2146 1225 2171 Lo-

169 2204 213 2222 cus
220 2195 262 2221 vbi
270 2192 437 2228 consttaesunt
444 2199 554 2226 quercus.
563 2190 639 2215 Varr.
648 2187 679 2213 de
689 2188 719 2212 R.
728 2186 758 2211 R.
770 2194 790 2218 ι,
801 2186 829 2210 16
838 2184 865 2210 Si
873 2183 945 2210 enim
953 2182 985 2209 ad
993 2183 1107 2208 limitem
1115 2188 1223 2214 querce-

170 2237 228 2258 tum
248 2230 326 2256 habet
335 2249 342 2261 ,
362 2237 416 2254 non
437 2226 510 2261 poffis
528 2224 600 2251 reete
629 2221 770 2249 secundum
794 2229 853 2246 eam
886 2219 978 2245 siluam
1010 2219 1096 2245 serere
1125 2215 1221 2242 oleam.

172 2267 302 2301 Qierccta
316 2264 431 2299 Gargani
444 2263 567 2289 laborant
588 2260 656 2286 Hor.
669 2260 758 2285 Carm.
774 2265 796 2287 2,
810 2265 837 2289 9,
849 2262 875 2289 7.
1030 2288 1035 2292 Ι

209 2299 467 2331 ονιῑιιαιῖιινς,
485 2298 524 2324 vel
545 2292 797 2332 QVERQVFTRV
813 2298 844 2325 s,
863 2298 894 2321 a,
914 2287 1048 2315 nm.Ad1.

172 2327 292 2365 Pofflmus
302 2339 412 2372 primum
425 2334 498 2360 verba
513 2332 580 2359 Festi
591 2352 599 2364 ,
620 2337 648 2357 vt
661 2339 726 2356 nnnc
740 2336 813 2364 opera
826 2330 937 2352 uirorum
951 2323 1080 2350 doftorum
1094 2325 1209 2359 leguntur
1218 2332 1225 2345 .-

173 2377 358 2407 Qierqneram
369 2371 482 2400 febrem,
499 2377 607 2403 grauem
622 2372 648 2393 et
662 2373 793 2400 magnam.
829 2362 901 2389 Nam
914 2360 1024 2394 quidam
1038 2367 1166 2399 quercum
1179 2357 1225 2391 (s.

171 2418 186 2436 a
202 2412 316 2443 quercu)
338 2407 436 2434 dietam
451 2405 561 2434 volunt,
581 2402 653 2437 quod
667 2402 695 2428 id
709 2409 791 2436 genus
804 2398 909 2424 arboris
924 2405 983 2423 cuin
996 2404 1078 2429 graue
1091 2396 1121 2420 lit
1133 2403 1162 2419 ac
1178 2395 1225 2418 clu-

173 2454 231 2471 rum
242 2465 250 2476 ‚
270 2450 326 2470 tuni
339 2443 419 2470 etiam
432 2443 461 2467 in
473 2441 608 2474 ingentem
621 2438 715 2464 euadat
734 2435 912 2462 altitudinem.
985 2431 1111 2458 Aurelius
1136 2436 1223 2455 autem

172 2481 277 2515 Opilius
292 2479 417 2514 frigidam
430 2478 466 2503 ait
479 2476 549 2506 dici,
569 2480 595 2500 et
614 2483 673 2500 cum
693 2472 808 2499 horrore
827 2474 993 2496 trementem.
1064 2467 1155 2492 Santra
1168 2473 1227 2491 eam

172 2526 203 2543 ex
220 2517 321 2542 Graeco
336 2514 458 2546 deducit,
476 2512 523 2545 qui
538 2517 682 2537 tremorem
697 2505 830 2534 eiusmodi
843 2505 962 2539 κέρκοερον
976 2503 1076 2529 dicunt.
1096 2538 1099 2541 Ι
1117 2537 1121 2540 .
1150 2500 1226 2527 Vnde

172 2553 239 2579 dicit
251 2553 332 2577 etiarn
346 2559 467 2578 carcerem
480 2548 584 2574 Plautus
597 2547 625 2572 in
638 2544 801 2572 Friuolaria.
872 2542 896 2566 Is
916 2538 986 2566 mihi
1005 2544 1061 2564 erat
1074 2537 1136 2564 bilis
1150 2545 1227 2570 quer-

173 2596 255 2622 quera
269 2586 347 2614 tuffis.
391 2585 510 2612 Lucilius
524 2583 596 2609 libro
633 2601 639 2607 .
679 2601 685 2607 .
722 2600 728 2605 .
766 2577 865 2604 laetans
879 2585 921 2602 me
939 2582 966 2601 vt
979 2574 1063 2600 febris
1077 2581 1226 2607 querquera

174 2629 255 2650 terret
271 2634 276 2648 :
313 2621 396 2654 alibi,

174 2661 242 2687 llaec
259 2657 356 2691 astus,
377 2656 480 2683 Rcines.
496 2654 566 2689 Epist
591 2660 617 2686 55
631 2662 656 2687 p.
670 2656 716 2684 508
737 2652 926 2683 Qierquerum
941 2655 1038 2673 tantum
1052 2646 1131 2672 morbi
1144 2644 1228 2671 comil-

172 2698 278 2726 tioncm,
304 2694 448 2729 praesertim
461 2691 563 2728 febris,
576 2689 706 2725 signs-licat
740 2702 785 2706 —
823 2685 960 2720 K“.?'‘⁰“‘6⁵‘¹⁹
981 2682 1014 2715 est
1034 2689 1153 2713 tremere,
1179 2688 1229 2708 tre-

174 2734 258 2757 nicmio
273 2730 362 2765 anzm:
381 2728 464 2760 cdere,
486 2727 555 2753 nobis
576 2723 749 2758 (Germanis)
769 2721 886 2757 cpcmhejz
900 2720 931 2744 τέ
945 2728 963 2744 n
976 2719 1110 2748 ttamen,
1129 2716 1193 2752 quod
1205 2722 1230 2741 et

172 2767 316 2801 mfnofvyffw
337 2772 381 2791 etc.
434 2763 504 2790 Gell.
518 2771 562 2794 ιο,
578 2770 597 2793 1,
612 2762 642 2786 26
663 2760 704 2785 An
717 2765 745 2784 tu
761 2758 831 2784 forte
845 2756 969 2782 morbum
983 2754 1110 2788 appellari
1124 2753 1168 2779 hic
1181 2760 1229 2784 pu-

174 2810 212 2829 tas
226 2803 435 2835 aegrotationem
448 2808 507 2825 cum
523 2798 594 2824 febri
607 2795 700 2823 rabida
715 2795 763 2828 (al.
779 2792 889 2827 rapida)
903 2798 928 2817 ct
942 2798 1077 2824 querceta.
1112 2824 1116 2827 .

176 2837 253 2873 Apol.
268 2846 293 2871 p.
309 2843 368 2870 297,
383 2844 412 2868 14
432 2835 501 2861 Poll'e
516 2834 605 2859 dicitis
621 2831 651 2858 ad
666 2839 706 2856 res
714 2832 846 2856 Venereas
862 2829 946 2854 sumta
959 2827 990 2851 de
1010 2825 1078 2850 inari
1093 2824 1184 2858 spuria
1203 2827 1229 2847 et

165 2874 272 2910 fascina
281 2892 289 2905 ,
309 2878 417 2907 propter
431 2871 571 2896 nominum
585 2865 796 2894 fimilitudinem.
833 2863 889 2896 Qui
903 2862 991 2888 minus
1003 2859 1077 2894 possit
1089 2867 1120 2884 ex
1133 2858 1228 2883 eodem

175 2910 254 2936 litore
266 2909 373 2934 calculus
387 2908 418 2933 ad
432 2905 558 2937 vesicam,
575 2903 635 2936 hyla
649 2902 680 2928 ad
694 2901 987 2929 testanientum,cancer
1002 2895 1034 2922 ad
1048 2895 1135 2921 vicera
1145 2913 1152 2925 ,
1170 2895 1228 2928 alga

174 2945 205 2972 ad
220 2943 414 2978 querqueram?
486 2941 585 2967 Alludtt
597 2939 653 2973 alga
667 2937 701 2963 ad
711 2938 810 2963 verbnm
823 2935 918 2968 algere.
991 2930 1228 2968 Querquerasint.

174 2981 274 3011 febris)
289 2979 320 3011 αἱ
335 2976 432 3012 ασσςΠῖο
445 2976 543 3010 algoris
556 2977 731 3010 veljr1g0r1s.
805 2972 932 2997 Caeterum
944 2969 1037 3004 legitur
1051 2970 1124 2992 ctiam
1190 3001 1193 3004 ῃ

177 3024 288 3051 querum
302 3022 325 3041 ct
338 3016 512 3047 Qiercernm.
606 3010 726 3036 Pricaeus
740 3017 763 3042 p.
777 3015 809 3039 42
831 3008 1019 3039 Qicrqnerum
1034 3002 1118 3032 dedit,
1138 3008 1161 3026 et
1169 3004 1226 3036 Jer-

174 3062 180 3076 1
192 3062 255 3078 mrem
262 3051 286 3086 s.
303 3050 415 3076 ardorem
427 3052 625 3083 interpretatur,
643 3048 682 3071 cui
696 3049 817 3078 repugnet
824 3044 924 3078 ι[σώζει
938 3040 994 3073 alga
1005 3059 1014 3071 ,
1032 3047 1093 3074 quae
1108 3047 1133 3063 U!
1152 3039 1227 3062 nomi-

176 3091 214 3114 ris
238 3087 356 3121 algidum
379 3084 497 3120 quiddam
515 3083 540 3119 s.
555 3081 686 3118 frigidum
698 3079 837 3115 significet.
909 3076 956 3103 Sed
971 3075 1096 3110 refellitur
1109 3082 1162 3098 cum
1175 3073 1227 3104 his,

175 3133 233 3157 quac
247 3133 257 3149 e
273 3121 337 3154 Festo
352 3120 480 3151 dedimus,
501 3126 552 3144 tum
566 3119 665 3144 Minue.
679 3115 734 3142 Fel.
748 3123 786 3146 12,
798 3122 810 3145 3
832 3112 881 3138 Tu
918 3126 963 3131 —
999 3119 1082 3143 quum
1098 3116 1226 3143 querque-

177 3168 207 3184 ro
226 3157 341 3192 quateris
362 3157 428 3189 (hoc
439 3156 503 3191 sane
518 3155 631 3190 j‘rtgvrii
654 3151 709 3186 est)
729 3159 812 3184 quum
830 3146 952 3174 febribus
965 3147 1066 3176 vteris,
1083 3154 1166 3179 quum
1180 3144 1226 3170 do-

177 3195 231 3220 lore
254 3194 390 3222 laceraris,
408 3200 462 3217 non
486 3196 541 3216 tum
566 3188 747 3215 conditionem
773 3192 847 3211 tuam
867 3183 969 3209 sentis?
1043 3183 1227 3216 Nonnunquam

177 3232 283 3255 [crcera
295 3231 386 3264 legitur
402 3237 408 3252 .·
446 3226 498 3253 vid.
514 3226 634 3251 Kcuchcn.
647 3223 681 3250 ad
693 3223 826 3249 Sammon.
841 3227 904 3254 907.

217 3270 267 3301 (ιν
284 3271 324 3289 iza
339 3271 354 3290 ε
367 3271 425 3295 in,
448 3262 502 3288 vid.
526 3268 578 3296 Qv
591 3267 605 3286 13
616 3266 701 3286 ROR.

215 3306 266 3337 ‘¹0'
277 3307 291 3325 1
301 3306 319 3325 ιι
331 3306 350 3324 Ν
366 3305 384 3324 ν
398 3307 426 3331 s,
454 3297 508 3324 vill.
532 3304 585 3333 Qy
596 3302 612 3322 E
622 3303 639 3322 R
652 3301 668 3320 c
681 3300 727 3321 vs.

1085 2287 1098 2320 [
1106 2287 1224 2321 πέμψω]

216 3341 265 3372 ‘'Q‘'
279 3333 294 3360 Γ,
306 3341 391 3365 νιοιι,
419 3334 488 3366 eris,
515 3332 619 3367 questus
653 3331 725 3361 sum,
754 3327 842 3362 queri.
880 3325 1057 3361 [μέμφομαι]
1094 3322 1228 3363 Significat
1240 3343 1275 3368 90
1297 3328 1395 3361 Georg,
1411 3336 1428 3358 ι,
1443 3333 1497 3361 378·

181 3371 193 3395 l
204 3372 338 3399 annulari,
354 3372 393 3394 orl
405 3377 468 3396 certe
481 3369 577 3405 aliqiin!
590 3367 633 3399 libi
653 3363 775 3397 melfium
792 3362 851 3397 effe,
871 3362 955 3389 verbis
974 3361 1096 3387 indicare.
1170 3360 1227 3386 Cic.

183 3406 254 3431 lain.
270 3414 289 3435 1,
304 3413 319 3436 9
340 3405 413 3437 Qiid
426 3406 508 3431 multa
524 3406 531 3431 Ξ
569 3403 672 3438 questus
684 3401 720 3427 est
734 3401 860 3434 grauiter.
932 3398 1005 3424 Caes.
1021 3396 1085 3422 Bell.
1101 3396 1229 3428 Gall.8,4

183 3440 311 3473 bituriges
326 3439 357 3465 ad
371 3448 431 3465 enm
446 3440 541 3474 legatos
554 3440 681 3469 mittunt,
702 3436 832 3462 auxilium
846 3434 958 3467 petitum
979 3439 1070 3459 contra
1091 3432 1230 3463 Carnutes,

181 3484 246 3511 quos
260 3475 372 3501 intulissc
385 3474 483 3500 bellum
498 3475 545 3501 libi
559 3474 747 3509 querebantur.
842 3470 992 3504 Metaphora
1002 3468 1134 3504 frequenta
1160 3468 1229 3492 Aues

183 3517 329 3545 queruntur
345 3510 372 3535 in
386 3509 455 3535 siluis
478 3511 543 3535 Hor.
558 3510 638 3544 lspod.
655 3518 676 3541 2,
691 3510 734 3535 26.

181 3547 339 3573 animalium
355 3554 446 3576 voces,
466 3551 646 3579 praeterquam
660 3543 793 3573 hominm,
813 3541 949 3575 querclam
965 3539 1095 3566 dicebant.
1134 3541 1230 3574 Inpri-

183 3592 230 3608 mis
250 3591 307 3608 vcro
327 3589 388 3607 aucs
410 3580 486 3614 queri
502 3580 626 3606 (ittuntur.
667 3582 696 3606 V.
711 3589 736 3616 g.
758 3577 840 3605 Ouid.
857 3578 921 3603 Her.
937 3585 975 3608 10,
990 3581 1003 3605 8
1029 3576 1151 3609 Tempus
1164 3580 1230 3607 erat,

181 3619 266 3644 vitrea
280 3625 333 3650 quo
347 3616 463 3650 primum
475 3622 544 3641 terra
556 3617 648 3648 pruina
662 3616 797 3650 Spargitur
806 3633 813 3646 ,
832 3620 857 3639 et
870 3613 954 3639 teetae
968 3611 1064 3638 fronde
1079 3617 1228 3646 queruntur

181 3661 250 3680 aues.
323 3653 363 3678 Sic
376 3651 441 3677 Fast.
455 3660 482 3684 4,
496 3653 539 3676 166
563 3650 664 3676 ‘laetae
680 3660 740 3678 rore
756 3655 903 3685 queruntur
917 3657 986 3675 anes,
1076 3649 1105 3673 Et
1126 3648 1184 3673 Am.
1204 3655 1226 3679 3,

183 3697 203 3721 ι,
218 3698 236 3722 4
255 3687 286 3713 Et
299 3686 379 3713 latere
389 3694 421 3712 ex
434 3687 508 3712 omni
524 3685 599 3712 dulce
614 3693 760 3719 queruntur
772 3694 843 3712 aueS.
885 3685 943 3711 Vni.
964 3689 1125 3719 QVERELA.

182 3726 265 3761 magis
274 3730 376 3757 proprie
392 3722 468 3747 Bubo
482 3722 536 3747 visa
551 3723 623 3754 saepe
637 3722 712 3754 queri
728 3721 803 3747 ferali
818 3721 935 3747 carmine
961 3721 1037 3753 Virg.
1054 3720 1118 3744 Aen.
1132 3721 1227 3751 4,463.

184 3761 239 3786 Orc
253 3763 381 3784 tremente
395 3757 470 3789 queri
490 3758 557 3783 Hor.
572 3757 654 3790 Epod.
669 3764 691 3788 ς,
706 3764 737 3782 11.
758 3757 785 3782 cie
798 3763 929 3782 morituro.
1002 3755 1165 3789 Norzfimpcr
1179 3763 1229 3780 ma-

564 3793 594 3817 V.
608 3801 632 3826 g.
650 3791 731 3818 Ouid.
744 3792 862 3829 ex-Pont.
877 3801 906 3825 4,
920 3799 959 3824 14,
969 3799 978 3816 1
999 3792 1087 3823 Quem
1103 3791 1158 3815 sum
1172 3798 1228 3814 mo-

181 3805 256 3830 gnum
273 3792 523 3827 dolorem-lignificat.

1154 3826 1226 3857 Que-

179 3831 214 3856 do
229 3828 346 3856 carmine
360 3827 464 3860 questus
505 3827 569 3853 Non
582 3833 671 3860 aptum
686 3835 804 3852 numeris
819 3835 916 3852 nomen
931 3826 1028 3851 habere
1043 3825 1118 3850 meis.

179 3873 241 3897 ror,
257 3873 312 3890 cum
325 3862 483 3897 Accujizeiuo.
520 3863 579 3888 Hoc
594 3863 708 3888 maiores
722 3861 805 3886 nostri
818 3862 901 3893 questi
917 3862 988 3892 sunt,
1009 3860 1059 3885 hoc
1074 3869 1121 3885 nos
1136 3860 1224 3899 queri-
1236 3874 1279 3898 105
1297 3861 1421 3890 Tandem
1436 3867 1463 3887 vt
1478 3866 1530 3885 vox
1545 3858 1654 3885 moestas
1667 3858 1754 3891 potuit
1772 3860 1891 3893 proferre
1912 3855 2039 3890 querelas,

180 3909 257 3933 mur,
276 3899 326 3925 hoc
340 3897 439 3933 posteri
450 3904 612 3931 querentur,
633 3897 738 3924 euersos
753 3897 801 3922 else
815 3904 917 3929 morea,
936 3903 1046 3930 regnare
1063 3895 1223 3929 nequitiam,

1239 1732 1273 1759 43

1243 2095 1271 2121 55

1240 2264 1275 2287 60

1243 2444 1274 2475 ὅς
1295 2436 1343 2461 else
1358 2434 1440 2469 poffit.

423 2622 579 2653 Qicrquera
604 2617 776 2650 consequitur
806 2613 905 2644 febris,
931 2611 1078 2645 capitisque
1110 2609 1227 2635 dolores.
1244 2620 1279 2649 70
1296 2614 1328 2640 Ῑῃ
1343 2613 1459 2648 querelis
1472 2619 1560 2642 mens,
1581 2610 1634 2636 vid.
1654 2617 1689 2636 ιΝ
1707 2608 1940 2643 Praepofitionem.

1147 2785 1227 2820 Apul·
1245 2799 1275 2826 75
1295 2789 1455 2816 animus-um
1470 2797 1564 2815 vocem
1578 2794 1763 2822 praeterquam
1776 2787 1910 2819 hominis,
1928 2788 2062 2822 querelam
2077 2786 2208 2814 dicebant.

1142 2968 1228 2997 Qicr—
1247 2977 1278 3002 80
1296 2978 1430 3005 cygnorum
1460 2968 1567 2994 Lucret.
1588 2977 1617 3000 4,
1643 2974 1691 2999 55¹-

1244 3159 1272 3186 85
1293 3157 1352 3174 mea
1364 3148 1399 3174 est
1425 3146 1507 3174 Ouid.
1522 3156 1552 3173 ex
1566 3147 1651 3173 Ponto
1660 3157 1687 3180 4,
1702 3155 1726 3178 3,
1739 3155 1779 3172 22.
1808 3144 1925 3172 Moestae
1946 3145 2026 3172 Ouid.
2040 3146 2104 3171 Met.
2120 3155 2140 3176 3,
2155 3153 2210 3177 239.

808 3505 965 3532 Vel-Schol·
986 3505 1095 3530 Veteres
1108 3504 1229 3529 0¹1¹¹¹l1¹¹1¹
1246 3512 1277 3538 95
1299 3507 1372 3533 mina
1391 3507 1465 3533 saeua
1480 3505 1600 3541 querelas
1618 3504 1717 3530 Lucan.
1731 3510 1756 3534 2,
1770 3511 1816 3535 44.

1181 3682 1229 3709 ΕΒΑ
1242 3695 1288 3713 100
1299 3685 1440 3713 Incendere
1455 3683 1569 3720 querelis
1586 3681 1661 3715 Virg.
1676 3681 1741 3706 Aen.
1755 3689 1783 3713 4,
1795 3683 1852 3712 360,

1261 667 1270 673 ·
1292 658 1363 690 quod
1377 658 1483 691 scribit,
1506 663 1593 688 secum
1607 663 1733 689 Tullium
1746 670 1771 689 et
1784 662 1906 690 Seruium
1920 662 2022 697 quessos
2035 664 2098 694 esse,
2119 670 2163 689 etc.

1286 166 1315 193 in
1334 165 1450 192 deterius
1470 173 1511 192 res
1528 165 1670 196 humanas,
1689 169 1715 189 et
1739 163 1767 188 in
1781 170 1859 190 omne
1873 160 1945 191 nefas
1958 164 2013 191 labi
2034 165 2091 191 Sen.
2105 164 2138 191 de
2152 163 2243 192 Benef.
2256 172 2276 194 1,
2288 173 2326 192 io.

1286 206 1304 228 ι’.
1318 209 1420 237 propter
1437 201 1490 241 fiac.
1562 201 1617 226 Cic.
1636 202 1668 226 dc
1683 199 1789 225 Amicii.
1802 205 1833 232 73
1854 201 1976 233 Qiorum
1988 201 2109 235 plerique
2123 210 2168 227 aut
2181 206 2329 234 queruntur

1290 239 1392 271 semper
1407 236 1526 270 aliquid,
1545 243 1588 262 aut
1600 237 1680 262 etiam
1694 234 1863 268 exprobrant.
1948 237 2021 262 Caes.
2036 237 2099 263 Bell.
2114 236 2181 262 Gall.
2195 245 2214 268 ι,
2226 244 2257 268 39
2277 235 2330 261 Ab·

1293 273 1343 299 diti
1357 273 1384 299 in
1399 273 1590 304 tabernaculis,
1610 278 1654 298 aut
1669 272 1742 296 suun:
1757 269 1855 296 facium
1867 272 2062 306 querebantur,
2080 280 2125 298 aut
2138 281 2197 298 cum
2217 271 2332 297 familia-

1289 308 1364 335 ribus
1378 309 1429 334 suis
1443 317 1582 335 commune
1596 307 1743 342 periculum
1755 304 1952 333 miserabantur.
2025 308 2081 334 Cic.
2096 309 2148 333 Att.
2165 313 2209 337 5‚8
2228 307 2330 333 Romae

1290 351 1439 378 acceperam
1460 345 1564 376 literas,
1580 343 1707 370 Milonem
1728 350 1815 367 meum
1836 342 1910 375 queri
1929 352 1975 377 per
1990 343 2079 370 literas
2094 343 2222 370 iniuriam
2235 350 2330 368 meam.

1292 379 1370 404 Fetus
1389 380 1491 406 amissos
1512 381 1632 414 queritur
1652 378 1797 405 Philomela
1828 377 1903 409 Virg.
1923 379 2125 412 Georg.4,5i2..
2232 377 2288 404 Ibat
2301 384 2331 403 vt

1292 414 1399 440 Oceano
1414 422 1569 448 quereretur
1582 414 1658 441 Facta
1670 415 1761 440 mariti
1786 413 1866 440 Ouid.
1881 413 1944 439 Fast.
1959 422 1982 447 5,
1997 423 2046 446 ²33·
2121 413 2207 446 Qeri
2218 422 2271 438 cum
2283 414 2331 438 ali-

1291 457 1335 482 quo
1343 448 1473 490 fignificat
1486 450 1652 486 Equslulare.
1690 449 1770 483 Qiod
1785 449 1802 475 si
1817 448 1964 476 humaniter
1977 458 2080 475 mecum
2102 448 2224 483 questus,
2245 447 2331 474 liben-

1291 488 1331 509 ter
1344 487 1395 510 tibi
1408 494 1451 511 me
1465 491 1490 511 et
1502 487 1579 512 facile
1592 486 1737 520 purgafl'em
1760 485 1815 511 Cic.
1831 485 1901 510 Fam.
1917 493 1939 515 7,
1954 492 1994 519 27.
2099 484 2172 517 Qud
2186 483 2237 515 est,
2257 482 2331 517 quod

1292 524 1351 544 cum
1363 520 1471 546 fortuna
1485 523 1561 554 queri
1576 521 1672 556 pellitis
1719 520 1816 554 Sulpic.
1838 520 1870 546 ad
1882 520 1936 545 Cic.
1949 519 2020 546 Fam.
2035 529 2062 551 4,
2076 528 2097 553 ς.
2192 519 2231 545 Id.
2251 518 2332 546 Acad-

1291 559 1318 583 4,
1330 557 1356 581 81
1376 555 1471 589 Neque
1483 562 1536 582 tam
1550 563 1707 592 quereretur
1720 565 1780 582 cum
1794 556 1843 582 deo
1858 555 1929 590 quod
1945 564 2036 589 parum
2050 556 2127 590 longe
2136 574 2144 587 ,
2165 563 2244 590 quam
2258 554 2331 589 quod

1291 586 1384 615 falsum
1396 590 1508 630 videret.
1622 591 1698 618 Idem
1709 593 1762 618 Att.
1778 594 1803 624 6,
1816 599 1833 626 7
1853 590 1967 618 Mirifice
1988 592 2173 618 conturbatum
2194 590 2252 616 vidi
2270 598 2333 624 pue-

1291 630 1368 653 rum,
1383 623 1524 652 lacrimans
1548 635 1650 653 mecum
1676 627 1711 654 est
1732 627 1844 663 questus.
1948 625 2037 653 Eidem
2051 636 2087 659 io,
2103 635 2116 658 3
2141 626 2228 653 Facile
2243 625 2332 659 patior

2282 89 2326 128 32

1317 693 1321 697 ,
1421 694 1426 699 ι
2249 661 2332 687 Sallu-

1292 692 1355 718 stius
1370 693 1447 721 Catil.
1461 705 1482 722 c.
1496 705 1523 729 5²
1540 697 1619 731 Saepe
1633 698 1665 724 de
1678 699 1800 731 luxuria,
1817 699 1850 724 dc
1865 699 1978 724 auaritia
1990 697 2139 724 nostrorum
2153 697 2254 723 ciuium
2269 705 2334 731 que-

1293 727 1344 754 stus
1358 727 1402 754 est·
1479 732 1551 758 Caes.
1564 733 1627 759 Bell.
1642 734 1709 761 Gall.
1724 744 1751 768 4,
1766 740 1779 764 8
1805 735 1914 768 Licere,
1935 734 1952 759 li
1968 733 2062 764 velint,
2083 734 2111 760 in
2125 733 2258 759 Vbiorum
2273 732 2333 758 tini-

1293 762 1341 789 bus
1355 763 1487 792 confldere
1501 777 1507 793 2
1542 776 1658 809 quorum
1675 769 1724 796 lint
1746 770 1825 804 legati
1839 769 1907 804 apud
1921 770 1963 802 se,
1983 776 2007 795 et
2020 769 2051 795 de
2065 768 2211 795 Sueuorum
2224 767 2334 794 iniuriis

1294 806 1449 833 querantur.
1542 804 1625 829 euius
1638 805 1752 843 maxime
1765 807 1906 837 intererat,
1926 805 2060 831 neminem
2074 804 2105 830 de
2119 804 2169 831 diis
2183 803 2261 839 queri
2275 804 2335 829 Sen.

1294 834 1325 860 ild
1341 835 1424 862 Marc.
1438 844 1460 861 c·
1474 843 1507 868 15-
1612 839 1668 866 Cic.
1682 841 1753 867 Fam.
1769 849 1787 873 1,
1800 850 1816 873 9
1851 841 1937 868 Multa
1955 841 1986 867 dc
2007 849 2064 866 mea
2085 841 2210 866 sententia
2228 838 2335 874 questus

1294 870 1330 896 est
1344 871 1447 911 Cacsar.
1483 905 1488 910 .
1534 906 1539 911 ¹
1553 872 1628 901 Idem
1638 875 1715 914 Verr.
1728 884 1756 907 3,
1771 879 1813 909 ¹56
1850 877 1875 903 Is
1893 877 1962 903 mihi
1982 877 2060 902 etiam
2075 876 2211 910 queritur,
2232 874 2306 910 quod
2319 882 2336 900 a

1293 907 1371 931 nobis
1387 907 1423 934 IX
1435 905 1502 932 Solis
1515 905 1607 935 diebus
1618 918 1705 943 prima
1717 912 1788 938 aetio
1802 912 1842 938 sui
1854 912 1949 939 iudicii
1964 911 2092 938 transacta
2106 911 2134 937 su
2150 922 2155 937 :
2190 910 2251 936 illud
2265 909 2336 936 mihi

1293 941 1402 967 abundat
1415 941 1525 974 effecius
1537 943 1618 979 causa.
1697 980 1703 985 ὓ
1724 947 1809 979 Queri
1822 948 1898 982 super
1911 957 1940 975 re
1953 948 2043 984 aliqua
2064 948 2129 972 Hor.
2143 945 2218 980 Epist.
2226 955 2252 978 2,
2260 954 2285 978 2,
2293 954 2335 978 24·

1296 977 1374 1019 Apud
1399 986 1475 1004 aures
1495 977 1606 1017 deorum
1629 988 1706 1014 queri
1727 983 1759 1007 de
1779 982 1868 1018 aliqua
1880 992 1909 1009 re
1930 984 1998 1010 Vell.
2013 992 2034 1014 2,
2049 991 2098 1013 130,
2113 991 2132 1013 3.
2169 982 2221 1007 vid.
2234 981 2267 1006 ad
2279 982 2304 1007 b.
2317 982 2337 1007 1.
2351 999 2355 1001 -

1294 1012 1382 1047 chnfi
1453 1014 1516 1039 Aur.
1530 1014 1600 1040 Vie‘t.
1613 1015 1645 1040 de
1659 1015 1731 1055 V'iris
1745 1016 1839 1044 illustr.
1858 1026 1882 1051 ις
1912 1020 1974 1052 Quo
1993 1012 2100 1052 cognito
2121 1017 2189 1052 apud
2206 1016 2337 1051 Populum

1293 1049 1398 1088 questus
1417 1048 1491 1089 quod
1505 1048 1537 1074 de
1549 1049 1574 1074 se
1587 1050 1639 1076 tale
1652 1051 1754 1086 aliquid
1766 1053 1918 1080 timuissent.
2023 1053 2206 1086 Qerebatur‚
2226 1053 2268 1085 se,
2279 1058 2338 1078 tum

1292 1093 1375 1120 quum
1389 1084 1435 1110 illa
1450 1086 1542 1110 Videre
1554 1085 1692 1119 coepilset,
1709 1087 1841 1123 exstingui
1866 1089 1922 1115 Cic.
1934 1090 2016 1116 Tusc.
2029 1099 2050 1122 3,
2064 1092 2105 1122 69.

1317 1128 1348 1160 e)
1357 1127 1430 1146 VER
1441 1126 1458 1146 E
1472 1126 1492 1144 N
1503 1127 1532 1152 s,
1571 1121 1648 1148 entis.
1688 1122 1781 1162 Paart'ic.
1803 1124 2011 1160 [μεμφόμενος]
2052 1127 2102 1158 Vt,
2122 1124 2207 1151 Multa
2221 1130 2335 1158 querens

1289 1156 1364 1190 Virg.
1379 1157 1476 1189 Georg.
1490 1165 1518 1189 4,
1532 1164 1589 1188 320.
1696 1157 1806 1197 Fidibus
1820 1167 1931 1194 querens
1950 1162 2018 1188 Hor.
2036 1162 2125 1188 Carm.
2148 1169 2173 1192 2,
2188 1168 2221 1191 13,
2237 1166 2277 1191 24.

1327 1198 1375 1231 qv
1386 1199 1401 1218 E
1414 1198 1427 1218 s
1438 1198 1460 1218 Τ
1469 1198 1488 1217 V
1498 1198 1510 1217 S
1518 1211 1527 1223 ,
1555 1200 1568 1217 a
1578 1211 1585 1222 ‚
1612 1200 1671 1217 um.
1708 1193 1801 1220 Partic.
1837 1194 2034 1230 [μεμψάμενος]
2068 1196 2206 1223 Saeculum
2219 1193 2334 1226 Pyrrhae

1287 1227 1368 1254 Noua
1382 1227 1616 1268 monstra-questae
1626 1228 1703 1267 flor.
1718 1228 1829 1262 Od.1,2,
1842 1232 1868 1257 6.
1903 1232 1956 1257 vid.
1970 1233 2055 1259 Burni.
2068 1232 2102 1258 ad
2114 1233 2218 1258 Petron.
2234 1239 2255 1255 c.
2270 1238 2297 1261 91
2310 1238 2337 1263 p.

1288 1272 1347 1296 44¹·
1455 1263 1538 1289 Ouid.
1553 1263 1585 1289 ad
1600 1264 1721 1289 L1u.166
1741 1265 1849 1300 Oraque
1869 1266 2048 1302 nequidquam
2071 1276 2118 1302 per
2139 1267 2220 1293 modo
2245 1265 2335 1299 questa

1290 1300 1383 1324 tluunt.
1478 1298 1565 1339 ‘Idem
1580 1300 1642 1325 Met.
1660 1307 1697 1329 ιο,
1711 1302 1745 1334 76
1763 1301 1816 1327 Effe
1840 1301 1902 1328 deos
1923 1302 2003 1329 Erebi
2023 1303 2140 1330 crudeles
2165 1301 2286 1337 questus,
2307 1300 2337 1326 in

1288 1334 1368 1360 altam
1403 1333 1434 1359 Se
1448 1340 1544 1368 recipit
1557 1334 1713 1369 Rhodopen.
1783 1336 1852 1362 Add.
1867 1337 1936 1365 Ibid.
1950 1340 2025 1365 ν.6ι.

1291 1379 1293 1383 ⁷
1326 1375 1401 1408 QVE
1411 1376 1423 1409 s
1434 1374 1483 1395 Tv
1493 1377 1522 1401 s,
1542 1368 1581 1395 us.
1604 1379 1639 1397 m.
1677 1370 1810 1405 [μέμψις]
1846 1373 1970 1404 Qerendt
1984 1371 2066 1400 aaz...
2101 1373 2338 1408 Virg.Aen.4‚5;3

1288 1405 1394 1431 Tantos
1409 1403 1454 1430 illa
1469 1405 1517 1430 sno
1531 1406 1671 1438 rumpebat
1684 1405 1791 1438 peE’torc
1804 1406 1918 1440 questus.
2022 1408 2096 1432 Idem
2113 1408 2211 1441 Georg.
2243 1417 2262 1440 4
2299 1414 2338 1440 εις

1289 1454 1348 1480 -1
1370 1440 1401 1465 Et
1421 1440 1528 1466 moestis
1542 1440 1592 1466 late
1606 1440 1664 1465 loca
1678 1440 1813 1473 questibus
1828 1440 1936 1473 implet,
1955 1437 2134 1473 dephilomela.
2238 1428 2294 1466 Εἰς,
2307 1442 2340 1466 de

1290 1474 1380 1500 Finib.
1396 1483 1422 1507 2,
1440 1484 1478 1509 94
1498 1475 1579 1508 Quod
1598 1476 1717 1506 eiulatu,
1735 1475 1846 1509 questu,
1865 1474 1981 1508 gemitu,
2000 1481 2046 1500 etc.
2084 1481 2113 1498 ex
2133 1473 2216 1498 Poeta.
2309 1477 2340 1500 Et

1290 1517 1340 1542 pro
1354 1510 1448 1542 Qiint.
1463 1513 1500 1544 64
1512 1520 1534 1536 c.
1550 1519 1581 1541 3ο
1599 1511 1655 1543 Qu
1669 1510 1785 1544 denique
1801 1509 1916 1545 questus,
1924 1509 1971 1544 qui
1986 1517 2095 1536 moeror
2105 1506 2201 1541 dignus
2215 1507 2343 1541 inueniri,

1290 1551 1336 1570 etc.
1409 1545 1527 1571 Acerbus
1541 1545 1646 1578 questus
1665 1546 1752 1572 Valet.
1768 1546 1867 1579 Argon.
1883 1554 1903 1578 5,
1918 1548 1974 1577 623.
2066 1544 2157 1569 Aniles
2188 1543 2267 1570 Ouid.
2275 1544 2339 1571 Met.

1291 1588 1317 1612 9,
1330 1581 1391 1619 2765
1509 1579 1610 1620 Creber
1630 1580 1722 1606 Tacit.
1743 1582 1811 1607 Ann.
1836 1589 1859 1612 3,
1904 1600 1910 1606 .
2018 1579 2108 1605 Ρίξὶιιε
2133 1578 2219 1606 Catul.
2238 1581 2285 1610 60,
2298 1582 2338 1611 3⁶·

1291 1615 1403 1655 Flebilis
1421 1614 1515 1641 Claud.
1528 1624 1556 1641 in
1570 1615 1640 1642 Ruff.
1654 1624 1674 1648 1,
1688 1622 1740 1650 ¹²7-
1847 1615 1944 1642 Moesti
1974 1614 2020 1641 Sil.
2035 1624 2070 1647 13,
2084 1619 2138 1647 258.
2244 1614 2338 1641 Secreti

1290 1651 1384 1691 Tacit.
1398 1651 1467 1690 Arm.
1480 1659 1504 1683 3,
1518 1659 1556 1686 17.
1680 1651 1760 1678 Verba
1775 1661 1782 1675 :
1819 1650 1880 1677 Stat.
1893 1649 1985 1677 Theb.
2000 1659 2032 1682 ιι,
2048 1654 2101 1685 646
2133 1648 2276 1683 Qnestibus
2298 1649 2341 1676 ab·

1291 1687 1383 1712 sumtis
1396 1686 1496 1713 tristem
1509 1687 1562 1713 iam
1576 1686 1679 1713 soluere
1699 1686 1800 1712 nodum
1836 1687 1977 1721 Coeperat.
2094 1687 2179 1719 Agere
2201 1685 2252 1711 iras
2269 1685 2340 1711 vanis

1290 1721 1433 1756 questubus
1442 1742 1450 1754 ,
1469 1724 1586 1749 Exci-cere
1608 1725 1663 1749 iras
1678 1722 1740 1758 suar
1753 1722 1920 1748 tantummodo
1934 1721 2017 1748 verbis
2029 1728 2053 1747 et
2066 1720 2283 1749 lamentationibus
2288 1719 2342 1753 fine

1288 1756 1379 1790 effeflu
1398 1758 1487 1784 Senec.
1496 1758 1634 1790 Thyests.
1643 1766 1664 1789 3.
1770 1758 1849 1785 Ciere
1861 1758 1963 1785 flebiles
1976 1757 2080 1791 questus
2100 1757 2175 1783 Idem
2188 1756 2280 1783 Theb.
2293 1756 2342 1782 sa.

1290 1794 1373 1833 Edere
1386 1793 1492 1828 questus
1511 1794 1593 1821 Ouid.
1606 1795 1671 1821 Met.
1685 1802 1712 1826 4,
1725 1798 1780 1828 587.
1885 1793 2025 1820 Effundere
2038 1793 2142 1828 questus
2156 1793 2264 1828 pectore
2284 1791 2343 1818 Vir-

1290 1829 1337 1864 gil.
1352 1830 1418 1855 Aen.
1433 1837 1456 1862 ς,
1470 1835 1528 1864 780.
1633 1829 1740 1856 Effundi
1754 1830 1783 1855 in
1796 1830 1918 1864 questus,
1936 1829 2072 1862 lacrimas,
2092 1834 2156 1855 vota
2176 1828 2266 1856 Tacit.
2276 1828 2343 1853 Ann.

1292 1874 1313 1906 1,
1328 1872 1354 1899 7.
1472 1865 1604 1892 Exaudite
1617 1865 1704 1892 tristes
1724 1865 1829 1900 questus
1851 1866 1939 1892 Senec.
1954 1864 2050 1891 oetan.
2064 1866 2083 1891 s.
2099 1873 2118 1891 1.
2212 1865 2344 1890 Exonerat

1292 1903 1326 1927 lie
1340 1900 1405 1927 dura
1418 1900 1476 1927 suos
1487 1902 1616 1935 patientia
1629 1901 1735 1936 questus
1754 1901 1851 1928 Lucan.
1867 1910 1892 1935 9,
1906 1907 1956 1931 881.
2043 1901 2167 1928 Fundere
2180 1900 2269 1926 inanes
2284 1907 2347 1933 que-

1292 1937 1345 1976 stus
1378 1936 1472 1963 Claud.
1487 1937 1520 1963 de
1534 1938 1739 1972 Rapt.Proserp.
1754 1945 1777 1969 2,
1792 1940 1838 1970 46.
1933 1936 2047 1971 Implere
2078 1937 2181 1963 caelum
2212 1934 2346 1971 questibus

1291 1974 1367 2006 Virg.
1384 1973 1448 1998 Aen.
1466 1981 1491 2005 9,
1504 1979 1566 2007 480.
1674 1972 1771 2007 Implet
1799 1972 1905 1999 moestis
1933 1973 1985 1999 late
2004 1972 2062 1998 loca
2087 1972 2223 2007 questibus
2247 1970 2346 2004 Virgil.

1292 2009 1390 2048 Georg.
1404 2017 1431 2040 4,
1444 2016 1494 2041 515.
1602 2009 1763 2043 Opprimere
1777 2008 1881 2043 questus
1903 2009 1992 2035 Senec.
2005 2008 2112 2034 Troad.
2128 2010 2152 2034 6.
2237 2008 2346 2033 Parcere

1292 2043 1427 2078 questibus
1446 2043 1521 2071 Idem
1536 2045 1615 2072 Herc.
1624 2045 1684 2071 Oet.
1700 2047 1736 2071 16.
1804 2045 1937 2079 Rumpere
1951 2044 2054 2080 questus
2068 2043 2178 2079 pee’tore
2194 2044 2270 2077 Virg.
2279 2043 2346 2069 Aen.

1292 2089 1318 2113 4,
1333 2087 1384 2112 553.
1492 2095 1537 2101 --
1574 2081 1664 2107 inanes
1683 2080 1777 2107 Claud.
1792 2080 1821 2107 in
1835 2078 1933 2107 Ruffin.
1948 2089 1974 2113 2,
1988 2088 2050 2113 249.
2156 2080 2290 2113 Rumpere
2306 2078 2348 2106 in·

1292 2116 1398 2151 expleto
1412 2115 1504 2150 questu
1518 2116 1626 2151 peetora
1650 2116 1712 2143 Stat.
1729 2116 1794 2143 Silu.
1809 2124 1832 2148 3,
1845 2125 1868 2149 3,
1881 2121 1902 2146 8.
2020 2115 2115 2142 Sedare
2130 2115 2233 2151 questus
2257 2115 2347 2141 Senec.

1291 2153 1371 2178 Herc.
1388 2152 1448 2178 Oet.
1463 2153 1481 2177 s.
1497 2161 1535 2185 14.
1645 2152 1777 2186 seponere
1791 2152 1895 2186 questus
1926 2151 1998 2178 Idem
2005 2151 2115 2186 Hippol.
2128 2160 2155 2185 4.
2263 2150 2347 2177 Tune

1292 2188 1395 2221 questus
1410 2194 1518 2213 tenuere
1532 2188 1591 2213 suos
1611 2187 1707 2212 Lucan.
1723 2195 1748 2217 2,
1761 2195 1801 2212 20.
1910 2187 2033 2213 Voluunt
2053 2188 2147 2214 tacitos
2165 2192 2240 2212 muto
2260 2186 2288 2212 in
2302 2194 2348 2220 pe-

1293 2223 1367 2248 &ore
1381 2223 1487 2257 questus
1512 2223 1609 2249 Lucan.
1625 2230 1645 2254 1,
1659 2229 1722 2256 247.

1328 2264 1376 2295 qv
1387 2265 1402 2283 Ε
1414 2264 1434 2283 ιι
1446 2257 1457 2284 f
1469 2264 1490 2284 T
1502 2264 1520 2283 o
1530 2265 1558 2284 R.
1604 2258 1747 2292 Frequent.

1289 2298 1341 2319 tor.
1356 2301 1381 2318 v.
1398 2301 1423 2317 v.

1320 2334 1377 2367 ,s'xv
1386 2333 1428 2353 ER
1439 2327 1455 2352 ἑ
1465 2333 1482 2352 L
1495 2333 1515 2352 Α
1526 2345 1534 2357 ,
1554 2334 1594 2352 ae.
1615 2326 1634 2366 ξ.
1650 2327 1661 2357 [
1669 2326 1780 2359 μέμψις,
1798 2326 1910 2365 postumii]
1946 2328 2117 2362 Querimonia,
2131 2325 2248 2362 querendi
2262 2325 2344 2353 netur.

1291 2363 1350 2389 cic.
1363 2362 1395 2389 de
1408 2361 1509 2389 Sene&
1524 2369 1541 2396 7
1554 2370 1595 2393 c.3
1615 2364 1694 2395 baepe
1709 2362 1782 2388 enim
1796 2363 1909 2388 interfui
1921 2362 2036 2396 querelis
2049 2371 2171 2388 meorum
2183 2362 2343 2396 aequalium.

1295 2399 1369 2425 Idem
1383 2399 1453 2425 Fam.
1469 2406 1545 2430 11,12
1578 2397 1626 2423 Sed
1645 2403 1733 2423 tamen
1753 2396 1949 2430 prouidendum
1970 2397 2014 2428 fit,
2032 2406 2065 2423 ne
2085 2406 2135 2431 qua
2156 2397 2221 2423 iusta
2236 2397 2343 2432 querela

1512 2433 1589 2459 Plena
1601 2432 1768 2466 querelarum
1781 2431 1891 2466 epistola
1912 2433 1967 2458 Cic.
1981 2434 2017 2466 Q
2031 2434 2113 2459 Fratr.
2128 2429 2178 2464 3,’8
2185 2439 2228 2468 pr.
2269 2433 2343 2460 Idem

1295 2472 1367 2497 Fam.
1381 2479 1403 2502 2,
1418 2477 1442 2503 15
1456 2469 1537 2502 Qut?
1544 2469 1572 2495 in
1585 2468 1640 2494 illis
1654 2467 1707 2493 fuit
1721 2473 1824 2501 praeter
1841 2467 1975 2501 querelam
1994 2473 2145 2501 temporum
2158 2469 2167 2493 ἓ
2202 2470 2221 2494 ι’.
2246 2468 2273 2494 de
2286 2474 2346 2494 eem-

1289 2509 1364 2542 poris
1376 2506 1451 2532 huius
1463 2506 1544 2531 malis.
1636 2503 1691 2531 Cic.
1707 2512 1756 2537 pro
1769 2503 1858 2528 Deiot.
1872 2510 1889 2534 9
1903 2511 1924 2528 c.
1939 2510 1952 2534 3
1973 2503 2132 2536 Qianqnam
2146 2504 2189 2528 cui
2203 2503 2262 2529 sunt
2275 2504 2348 2530 inau-

1296 2543 1368 2568 ditae
1382 2551 1442 2568 cnm
1457 2541 1585 2567 Deiotaro
1599 2539 1724 2573 querelae
1738 2544 1798 2564 tuae
1814 2538 1823 2563 ἓ
1857 2545 1993 2572 nunquam
2012 2544 2040 2563 tu
2069 2538 2146 2564 illum
2175 2539 2296 2564 accusasti
2317 2545 2347 2565 vt

1296 2577 1398 2604 hostem
1415 2584 1460 2604 etc.
1556 2575 1659 2600 Rustica
1670 2573 1775 2600 iudicio
1791 2572 1878 2599 nostra
1892 2573 2000 2607 querela
2013 2579 2060 2600 tuo
2080 2573 2162 2599 Ouid.
2172 2573 2249 2608 Epist.
2264 2582 2346 2609 ¹7³12·

1562 2645 1566 2649 Ι
2049 2610 2118 2640 Cum
2139 2617 2190 2643 qua
2210 2610 2279 2636 vixit
2294 2609 2347 2635 fine

1296 2650 1348 2676 vlla
1362 2647 1470 2683 querela
1487 2647 1618 2679 Inscriptr.
1639 2645 1667 2671 de
1680 2645 1831 2681 coniugibus.
1868 2645 1919 2670 vicl.
1935 2643 1999 2678 Vnff
2011 2643 2094 2677 lvfiit.
2106 2646 2179 2671 Orat.
2188 2654 2209 2676 1,
2218 2649 2242 2676 6,
2255 2655 2270 2672 2
2282 2651 2347 2671 extr.

1296 2685 1362 2711 Colu.
1389 2683 1422 2709 ad
1445 2681 1523 2716 Apul.
1539 2681 1609 2707 rior.
1625 2690 1637 2706 2
1651 2690 1675 2715 p.
1692 2686 1744 2710 180.
1814 2681 1856 2707 Sic
1869 2681 1946 2715 Virg.
1958 2683 2023 2706 Aen.
2037 2690 2065 2713 4,
2080 2683 2137 2712 360.
2294 2678 2315 2716 ff
2331 2689 2348 2706 2

1301 2720 1335 2747 Vt
1355 2720 1380 2745 V
1378 2718 1458 2745 erbum
1473 2725 1587 2751 queror,
1607 2720 1645 2743 ita
1664 2719 1738 2743 etiam
1760 2717 1805 2743 hoc
1817 2725 1903 2742 nomen
1917 2716 1951 2742 ati
1963 2725 2034 2742 voces
2047 2717 2191 2742 animalium
2200 2735 2208 2747 ‚
2228 2722 2251 2742 ee
2264 2716 2349 2742 modu-

1295 2753 1447 2786 losanuficos
1461 2752 1584 2788 refertur.
1640 2753 1699 2779 Vet.
1714 2751 1800 2778 Schol.
1815 2752 1883 2779 Hor.
1895 2752 1976 2786 Epod.
1991 2760 2016 2783 α,
2030 2754 2064 2777 26
2101 2752 2211 2778 Veteres
2225 2752 2347 2778 omnium

2263 2787 2349 2815 Chor-

1811 2255 1911 2292 quidam
1945 2255 2007 2283 libri
2044 2255 2134 2283 habent
2166 2262 2217 2292 pro
2253 2255 2347 2289 Quiri-

1297 2826 1443 2859 darnmque
1458 2825 1533 2850 sonos
1548 2823 1623 2855 lieri,
1641 2823 1783 2858 dulcesque
1797 2823 1918 2857 querelas
1937 2824 2041 2850 Lucret.
2055 2832 2083 2856 4,
2098 2828 2148 2853 588.
2256 2823 2345 2850 Tibia

1297 2870 1361 2896 quas
1394 2861 1497 2890 fundit,
1518 2859 1609 2893 digitis
1635 2859 1735 2893 pulsata
1753 2865 1902 2885 canentum.
1975 2859 2048 2885 Idem
2062 2860 2089 2884 de
2103 2859 2182 2884 eadem
2202 2867 2228 2885 re
2245 2868 2272 2890 5,
2294 2865 2347 2892 1383

1296 2898 1360 2923 Inde
1373 2896 1526 2923 minutatim
1542 2895 1629 2921 dulces
1642 2894 1760 2921 didicere
1774 2895 1904 2929 querelas.
2009 2895 2123 2921 Disceffu
2141 2895 2245 2929 mugire
2264 2894 2347 2921 boues

1296 2939 1375 2967 atque
1389 2942 1468 2958 omne
1481 2931 1596 2966 querelis
1634 2930 1744 2965 Impleri
1764 2939 1856 2956 nemus
1881 2930 1957 2964 Virg.
1972 2930 2036 2957 Aen.
2049 2936 2072 2963 S,
2089 2937 2138 2963 εις.
2231 2931 2348 2965 Liquida

1765 2968 1803 2993 De
1816 2967 1886 2993 ranis
1914 2967 1988 3001 Virg.
2005 2967 2101 3001 Georg.
2117 2975 2136 2998 1,
2149 2971 2204 3000 378.
2277 2967 2346 2993 Add.

1296 3004 1388 3030 Claud.
1404 3003 1516 3038 Epithal.
1533 3003 1629 3029 Pallad.
1643 3009 1669 3029 et
1683 3003 1792 3029 Serenae
1804 3012 1829 3028 v.
1846 3007 1897 3032 108·
2003 3002 2075 3029 Falsa
2087 3003 2159 3028 enim
2173 3002 2209 3028 est
2227 3000 2346 3038 querela,
2377 3019 2379 3021 -

1299 3048 1345 3066 etc.
1366 3039 1499 3073 Quinctil.
1514 3048 1531 3070 1,
1548 3048 1565 3065 1.
1674 3038 1814 3065 Femineae
1840 3039 1901 3065 Stat.
1916 3037 2007 3064 Theb.
2022 3047 2060 3070 10,
2074 3041 2123 3068 561.
2240 3038 2347 3064 Grauis-

1295 3076 1356 3102 sima
1376 3077 1432 3102 Cic.
1447 3084 1495 3110 pro
1508 3073 1626 3101 Marcell.
1640 3082 1669 3100 21
1685 3083 1706 3100 c.
1719 3082 1736 3109 7
1746 3082 1790 3110 pr.
1895 3075 2012 3106 inertes,
2031 3073 2084 3099 vid.
2101 3080 2202 3100 mnas.
2277 3074 2347 3100 Infe-

1293 3112 1346 3138 stae
1367 3113 1471 3138 Lucret.
1485 3114 1511 3145 6,
1527 3119 1560 3143 ις.
1626 3111 1792 3142 Inueterata,
1812 3109 1866 3135 vid.
1886 3115 2071 3136 ΙΝνΕΤΕιιο.
2152 3109 2219 3135 Iusta
2235 3109 2342 3145 querela

2248 3145 2342 3171 Molles

1293 3184 1361 3210 Hor.
1371 3185 1459 3211 Carni.
1468 3192 1492 3212 Ζ,
1502 3192 1526 3215 9,
1537 3189 1570 3213 18.
1609 3182 1741 3217 Supplices
1750 3181 1848 3208 Tibul.
1859 3189 1869 3207 ι
1878 3200 1885 3212 ,
1893 3190 1918 3214 4,
1927 3189 1964 3215 71.
2059 3179 2078 3218 fl
2092 3189 2104 3212 3
2116 3182 2194 3207 Verba
2203 3188 2225 3206 et
2233 3182 2338 3207 Parrici-

1290 3224 1346 3256 pia.
1369 3218 1679 3253 Abruptae‚Abscinderc
1688 3218 1815 3253 querelas,
1824 3216 1959 3243 Adhibere
1966 3215 2222 3251 querelas,uz'd.stlll.
2258 3215 2341 3240 Assur-

1295 3264 1357 3290 gere
1389 3255 1459 3282 haud
1490 3255 1565 3281 iustis
1598 3254 1714 3290 querelis
1741 3254 1817 3287 Virg.
1833 3254 1897 3278 Aen.
1912 3261 1952 3284 10,
1963 3260 2008 3286 94.
2125 3252 2224 3278 Audire
2236 3249 2342 3275 miseras

1297 3291 1377 3318 Ouid.
1393 3293 1457 3318 Met.
1472 3299 1493 3322 2,
1506 3299 1563 3323 342.
1635 3289 1763 3316 Cecinere
1775 3288 1910 3324 querelam
1925 3290 1952 3313 in
1966 3287 2033 3312 limo
2046 3293 2163 3314 veterem
2174 3293 2249 3313 ranae
2262 3284 2341 3318 Virg.

1602 3326 1774 3360 Compescere
1785 3324 1905 3360 querelas
1923 3323 2027 3349 Lucret.
2042 3332 2064 3356 3,
2072 3326 2133 3358 967.
2200 3319 2341 3354 Complere

1821 3360 1910 3386 Delata
1924 3358 1960 3384 est
1975 3359 2030 3393 regi
2046 3358 2151 3394 querela
2162 3365 2176 3382 a
2190 3355 2341 3389 parentibus

1762 3396 1868 3422 Defert-i
1888 3394 1994 3430 querela
2008 3396 2094 3428 potnit
2106 3393 2135 3420 ad
2148 3398 2342 3426 competentem

1299 3435 1415 3462 iudicem
1436 3434 1538 3461 Paullus
1555 3434 1581 3459 in
1596 3433 1612 3459 l.
1627 3433 1653 3459 Si
1666 3431 1699 3458 ab
1713 3430 1816 3458 arbitro
1830 3431 1860 3458 D.
1871 3430 1927 3465 Q1i
1940 3431 2063 3457 satisdare
2074 3432 2172 3462 cogant.
2245 3427 2341 3462 Deplo-

2007 3463 2145 3493 Effiindunt
2160 3461 2237 3488 iustas
2253 3464 2281 3489 in
2294 3472 2341 3489 nu-

1298 3480 1357 3498 rare
1370 3471 1489 3506 querelas
1498 3469 1621 3496 solebant
1648 3469 1704 3494 Cic.
1718 3467 1750 3493 de
1765 3467 1927 3528 Sem&.7.E
1965 3502 1971 3527 l
1990 3507 1999 3528 t
2048 3500 2067 3526 st
2087 3498 2161 3524 annis
2186 3498 2205 3524 st
2317 3499 2325 3525 l

1929 3510 2046 3537 xpeae
2177 3508 2181 3523 1
2209 3507 2343 3534 aqnerea

1778 3538 1936 3571 Expromam
1949 3538 2040 3564 multas
2052 3540 2138 3561 mente
2151 3535 2271 3569 querelas
2292 3535 2341 3561 Ca-

1711 3573 1803 3608 Figere
1816 3574 1937 3608 querelas
1951 3574 2018 3600 intra
2032 3571 2057 3596 se
2082 3571 2172 3596 quen.
2185 3570 2235 3596 Sat.
2249 3578 2282 3603 9,
2300 3578 2341 3602 94.

1297 3363 1412 3398 querelis
1426 3372 1518 3389 nemus
1538 3361 1612 3388 Idem
1627 3371 1650 3394 2,
1662 3365 1713 3394 358.

1298 3408 1442 3433 puerorum
1458 3398 1549 3424 lustin.
1565 3407 1586 3430 1,
1599 3405 1621 3430 ς,
1635 3405 1659 3423 2.

1300 3543 1353 3569 tuis
1372 3543 1451 3569 Ouid.
1466 3543 1558 3568 Amor.
1572 3550 1597 3573 2,
1612 3542 1638 3572 6,
1651 3545 1673 3569 8.

1299 3579 1346 3605 tul.
1362 3579 1461 3613 Argon.
1475 3579 1492 3606 s.
1508 3580 1551 3610 62,
1565 3584 1620 3607 223.

1299 3615 1355 3641 Cic.
1372 3615 1442 3641 Fam.
1460 3622 1497 3645 ιο,
1511 3619 1540 3643 28
1577 3612 1610 3637 Vt
1631 3608 1745 3636 vestrum
1766 3608 1833 3635 illud
1853 3610 1976 3636 diuinum
1989 3607 2016 3633 in
2029 3605 2229 3639 Rempublicam
2243 3605 2341 3632 benefi-

1882 3647 1967 3675 lacere
1978 3641 2095 3676 querelas
2111 3650 2167 3672 ore,
2174 3641 2227 3667 vid.
2237 3647 2341 3668 IACIO.

1940 3676 2039 3706 Inceffit
2052 3676 2130 3703 turba
2145 3678 2261 3712 querelis
2287 3678 2340 3703 Lu-

1299 3726 1354 3748 can.
1368 3729 1389 3754 ς,
1404 3724 1458 3750 681.
1545 3717 1646 3744 Incusat
1660 3716 1713 3741 fata
1727 3716 1841 3750 querelis
1866 3717 1926 3744 Stat.
1939 3712 2024 3740 Achil.
2038 3721 2057 3743 1,
2071 3720 2130 3745 439.
2224 3714 2343 3746 Interpo-

1299 3766 1362 3784 uere
1374 3755 1510 3791 querelas,
1530 3753 1583 3779 vid.
1599 3757 1809 3778 lN'I'ERPONo.
1915 3749 1995 3776 Mitto
2012 3755 2114 3774 veteres
2128 3748 2247 3783 querelas
2279 3748 2342 3774 Stat.

1298 3791 1388 3819 Theb.
1405 3800 1442 3822 12,
1457 3798 1507 3821 30¹-
1604 3788 1697 3813 Parere
1709 3788 1829 3821 querelas
1858 3787 1943 3813 Senec.
1964 3782 2058 3811 Medea
2072 3784 2090 3810 s.
2105 3792 2129 3810 2.
2220 3785 2344 3810 Proferre

1297 3827 1417 3862 querelas
1431 3823 1555 3851 extremis
1571 3822 1693 3848 medullis
1714 3823 1808 3849 Catull.
1824 3826 1921 3856 Argon.
1934 3822 1978 3852 62,
1993 3828 2041 3851 130.
2150 3820 2246 3845 Lucan.
2261 3829 2283 3851 ς,
2297 3822 2343 3854 761

2119 3855 2223 3882 Pulsate
2241 3855 2342 3883 nabidis

2226 3890 2339 3927 querelis

1298 3651 1369 3677 cium
1384 3649 1542 3676 nonnullam
1556 3647 1650 3673 habeat
1665 3644 1809 3680 querelam.
