2434 4156
0 933 7 961 ι

0 966 5 1011 ἒ

0 1011 6 1150 l

364 126 434 170 875
764 117 808 159 T
883 116 916 158 R
1001 115 1039 157 Ο
1775 110 1819 151 Τ
1925 112 1955 153 R
2033 103 2116 153 'V
2372 123 2426 176 ,875

370 206 485 235 infantes
500 206 627 234 vberibm
646 206 758 234 aluntur.
809 206 944 234 Secundum
957 203 1005 238 ista
1023 201 1079 238 efflet
1097 200 1244 236 expendere
1261 199 1402 236 ηοφῆματι
1456 200 1495 237 fit
1507 210 1591 229 cauum
1601 198 1716 237 quiddam
1732 208 1786 226 cum
1804 198 1946 226 manubrio.-
1964 201 2028 236 quod
2044 201 2122 237 ipfitm
2139 207 2229 236 quoque
2244 207 2328 227 cauum
2338 202 2364 228 ἔνι
2374 198 2392 232 ὐ
2416 221 2419 227 .
2433 190 2434 194 “

371 243 516 278 idem,quod
528 242 664 278 impendere
676 246 703 270 in
716 244 866 269 nutricatum
874 242 898 278 s
906 243 1068 267 nutrimenta.
1463 237 1510 264 bac
1523 238 1599 264 trulla
1606 235 1692 272 fuistin
1713 244 1767 261 mox
1781 234 1916 261 uidebimus
1935 239 1962 261 in
1975 243 2159 264 TRVLLEVM.
2195 237 2262 263 Hor.
2270 236 2348 263 Serm.
2360 246 2366 264 ς
2414 256 2416 260 .

411 284 432 304 Τ
442 285 460 304 R
469 285 488 305 o
498 284 512 303 P
526 285 545 303 Η
556 285 596 305 1v
606 284 645 311 M,
663 278 682 305 i.
702 287 728 304 n.
749 279 896 305 ornamenti
907 285 983 312 genus
995 274 1060 309 apud
1067 272 1203 305 Psychaesa
1217 271 1347 299 Tritonia
1359 271 1402 297 da·
1463 273 1519 305 Qu
1531 273 1706 299 Veientanum
1719 270 1789 296 festis
1804 275 1894 304 potare
1909 270 2000 297 diebus
2081 273 2213 306 Campana
2233 270 2322 297 solitus
2332 276 2377 299 ‚tn
2407 280 2410 282 “

372 319 429 342 turn
436 313 530 349 scribit
543 314 686 341 Martianus
700 313 804 347 Capella
821 322 838 338 1.
893 311 941 339 Sed
953 313 991 336 ita
1008 308 1074 334 dedit
1089 309 1158 334 illum
1171 308 1247 334 Iocum
1263 308 1364 334 Grotius
1372 312 1400 341 p.
1464 309 1484 334 i.
1500 307 1589 335 FiHili
1599 309 1692 343 poculo.
1729 306 1839 332 Ferreae
1855 305 1950 331 trullae
1965 305 2027 332 Liu.
2036 313 2064 340 7,
2079 315 2111 333 11.
2147 309 2184 334 De
2206 306 2304 333 Trulla
2314 312 2359 340 pro
2376 319 2377 322 =
2409 317 2411 320 ·

369 355 456 383 3extr.
509 349 640 376 Tritonia
652 349 730 376 etiam
744 347 866 378 interula,
881 345 996 373 resoluto
1008 343 1119 374 vicinio,
1137 342 1311 378 strophioque
1322 342 1402 369 instar
1427 342 1442 369 5
1461 345 1552 376 patina
1570 343 1621 369 vid.
1644 341 1738 377 Remes.
1758 341 1819 367 Var.
1833 341 1863 367 L.
1877 341 1905 366 L.
1925 349 1948 373 5,
1962 347 1990 374 17
2005 350 2030 375 p.
2043 344 2101 374 634.
2179 340 2305 369 Murrhea
2323 340 2367 367 Pii,
2397 355 2407 365 ι

373 386 538 411 flammarum
551 393 566 411 e
585 393 663 412 cocco
683 398 772 404 ---
796 382 929 415 virginem
948 379 1026 413 virgo
1046 378 1172 404 contexit.
1464 377 1572 411 Trulla,
1585 379 1746 404 caementarii
1760 374 1952 408 instrumentum,
1971 384 2018 410 quo
2031 375 2108 411 fabri
2125 380 2231 403 murarii
2249 378 2275 402 in
2286 360 2405 403 tectorii*

411 426 434 446 T
446 426 464 446 R
473 426 492 447 ο
500 425 515 446 P
523 426 543 446 Η
551 427 571 447 o
581 426 600 446 Ν
612 427 650 446 1v
659 419 709 452 s,i.
717 428 751 445 m.
765 416 915 451 [Τροφόνιος]
927 415 986 441 Cum
995 413 1124 448 Agamede
1135 413 1248 449 templum
1261 411 1403 448 aedificauit
1462 411 1504 438 dis
1516 420 1539 439 et
1551 416 1686 449 generatim
1698 416 1725 438 in
1735 418 1835 438 arenata
1849 412 1890 438 vel
1899 412 1965 437 calce
1978 413 2107 438 caementis
2124 411 2261 438 adiicienda
2279 416 2369 438 vtuntui

372 456 503 490 Apollini.
517 462 562 482 etc.
585 455 638 482 vid,
659 457 844 481 AGAMEDES.
898 452 1023 477 Caeterum
1035 449 1112 475 nobile
1119 448 1179 484 fuit
1191 449 1315 475 oraculum
1328 448 1403 474 Tro·
1465 448 1521 474 Cat.
1533 448 1564 475 R.
1577 449 1607 476 R.
1622 458 1644 475 e.
1661 457 1681 474 11
1701 454 1724 473 et
1738 455 1771 477 13.
1805 446 1911 473 Colum.
1928 454 2005 479 9,12.
2034 446 2101 472 Plin.
2120 455 2154 478 37,
2173 452 2194 477 8.
2228 445 2322 473 Pallad.
2341 454 2360 479 1,

372 490 469 526 phonii
482 493 509 517 in
525 491 631 517 Lebadia
638 491 759 518 Boeotiae,
766 490 794 513 in
805 495 851 522 quo
862 488 942 512 tantis
953 484 1090 512 terroribus
1102 482 1272 518 afficiebantur
1285 482 1403 518 consulto·
1465 488 1535 509 tron.
1543 492 1564 510 c.
1573 491 1602 518 75
1613 484 1656 510 vbi
1662 483 1730 518 conf.
1739 484 1849 516 Interpp.
1858 485 1889 508 it.
1895 483 1970 508 Alex.
1979 482 2009 508 ab
2016 483 2089 508 Alex.
2099 482 2158 507 Gen.
2166 483 2199 508 D.
2207 489 2280 514 3,20.
2314 482 2370 508 Dem

373 535 430 557 res,
448 533 477 553 vt
489 528 583 561 reliquo
597 532 701 559 tempore
707 526 774 549 vitae
782 523 920 557 pallerent,
951 529 981 547 ac
991 518 1075 553 tristes
1088 519 1169 553 fillent.
1223 521 1271 546 Res
1284 519 1404 545 Graecula
1417 524 1447 543 10
1464 518 1546 552 Rojin.
1558 526 1579 551 ς,
1593 526 1622 550 30
1646 528 1671 553 p,
1684 527 1736 551 539·
1808 517 1924 549 Τῃιῃᾶ,
1944 518 1981 543 Va
1984 527 1996 542 s
2011 515 2043 550 ψ
2056 516 2122 552 apud
2135 517 2261 543 Catonem
2274 515 2305 542 de
2317 516 2347 543 R,
2360 517 2369 543 ι

372 569 446 596 quam
454 559 509 596 pqsl
523 560 646 596 Erasmum
659 562 686 584 in
698 557 818 593 Adae-iis,
837 557 971 592 explic-uuit
983 555 1075 591 copiose
1087 558 1213 591 Antonius
1231 564 1282 581 van
1295 555 1359 580 Dale
1374 553 1403 579 de
1465 562 1511 589 quo
1529 553 1557 579 de
1568 553 1646 587 fitula
1662 563 1749 590 aquam
1767 552 1927 584 hauriebant,
1947 559 1969 578 et
1988 551 2018 578 de
2038 552 2123 578 ahenis
2141 557 2185 578 aut
2203 551 2289 577 labris.
2323 551 2360 578 Sic

374 597 493 624 Oraculu·
504 605 526 623 c.
539 602 563 625 8.
583 596 624 620 vbi
631 594 777 629 praesertim
790 592 978 627 descriptionem
986 592 1120 628 Pausaniae
1132 591 1291 626 persequitur
1305 596 1329 615 et
1345 590 1403 615 illu·
1468 588 1577 615 Turneb.
1588 595 1611 615 et
1616 589 1693 625 fauet
1704 597 1754 615 tum
1763 588 1861 624 formo,
1876 594 1926 614 tum
1938 587 2016 614 Gloff.
2029 588 2088 615 Vet.
2101 586 2220 622 inquibus
2232 585 2371 621 ζωμήρυσις.

364 630 448 666 strat.
483 629 757 664 Trophoniimeminit
770 634 793 653 et
801 628 856 653 Cic.
864 627 896 653 de
904 627 965 653 Nat.
973 626 1004 653 D.
1012 634 1034 658 3,
1041 628 1072 657 56
1092 625 1166 653 Alter
1172 625 1345 657 (Mercurius)
1353 625 1404 650 Va·
1461 634 1543 660 ρνςρος
1556 632 1667 657 vocatur,
1680 632 1809 659 verumque
1822 632 1907 650 nomen
1920 623 1949 648 ‹1b
1962 622 2096 649 hauriendo
2109 625 2163 649 iure
2175 621 2277 648 dicium.
2317 621 2348 648 T

373 668 451 694 lentis
465 673 489 692 et
502 664 659 692 Phoronidis
671 663 752 695 filius,
764 663 812 696 qui
825 662 872 689 sub
886 662 963 689 terris
979 661 1090 688 habetur
1103 662 1152 696 (al.
1164 661 1244 689 habet
1256 664 1274 687 i.
1290 660 1403 693 habitat)
1463 665 1580 694 gregatas
1591 668 1650 694 apes
1661 661 1802 686 recondere
1816 660 1879 685 iubet
1892 658 1998 685 Colum.
2010 666 2035 690 9,
2048 667 2112 690 12,3.
2167 659 2198 684 In
2211 662 2330 691 apparatu
2346 656 2370 684 be

372 703 442 730 idem
460 699 645 734 Trophonius.
682 698 754 725 Idem
768 697 800 724 de
813 697 904 724 Diuiu.
921 706 942 730 1,
961 704 999 731 74
1018 698 1161 732 Qumque
1177 697 1270 723 eodem
1284 701 1403 736 tempore
1422 701 1446 728 ις
1462 695 1563 722 ardenti
1575 698 1690 722 materiae
1700 694 1860 722 cominendae
1873 701 1965 728 aptum.
1996 694 2057 721 Liu.
2074 701 2113 728 37,
2128 701 2151 719 11
2171 693 2294 731 Qrinque
2305 696 2356 718 tant
2382 686 2390 718 ‘1

2377 395 2412 496 ss·

2379 503 2401 559 ,s

2380 546 2395 568 r.

369 737 438 773 apud
452 735 593 762 Lebadiam
607 733 771 768 Trophonio
787 742 828 760 res
841 733 932 759 diuina
944 732 1032 765 ficret,
1060 733 1141 767 gallos
1159 732 1315 768 gallinaceos
1328 740 1356 757 1n
1369 738 1403 757 eo
1463 729 1524 756 diae
1536 738 1613 756 naues
1631 745 1676 750 --
1694 730 1852 765 effugerunt,
1870 735 1973 756 terrore
1986 729 2106 755 flammae
2114 728 2234 755 micanus
2242 727 2285 753 via
2293 726 2340 752 fibi
2349 726 2373 754 in
2387 759 2390 761 .

371 774 432 800 loco
447 771 478 797 sic
490 770 585 796 assidue
596 777 687 796 canere
699 769 819 804 coepisse,
838 774 867 796 vt
879 768 948 795 nihil
962 769 1176 795 intermitterent.
1462 766 1543 792 sertas
1555 774 1634 792 naues
1652 765 1729 793 fa&a.
1764 766 1856 792 Contis
1869 766 1940 791 enim
1954 764 2024 790 binis
2041 773 2055 791 a
2075 772 2154 798 prora
2171 761 2362 797 prominentibu
2386 763 2389 771 ²

409 814 432 833 T
444 812 462 831 R
475 813 493 832 o
502 812 516 830 Ρ
525 811 546 831 Η
556 811 575 831 o
585 812 607 831 N
616 812 625 831 1
633 811 655 831 A
665 811 714 831 Nv
723 812 747 837 s,
755 813 837 836 a,um.
863 804 920 830 Cic.
929 804 983 830 Att.
991 806 1017 836 6,
1025 813 1036 829 2
1058 804 1185 831 Narratio
1192 801 1398 836 Trophoniana.
1459 800 1552 827 ferreis
1563 801 1674 827 multum
1687 809 1839 836 conceptum
1853 801 1940 835 ignem
1954 809 2015 834 prae
2027 800 2052 826 se
2065 799 2211 833 portabant.
2362 822 2363 826 ,
2383 824 2389 835 ⁶

408 848 431 868 Τ
441 848 459 867 R
468 847 510 867 ΟΡ
522 847 530 866 Ι
542 847 565 872 s,
572 840 603 867 is.
622 840 642 866 f.
657 840 767 876 [tyanis]
792 839 898 866 Videtur
911 837 953 872 ‘ffi
964 842 1052 866 vinum
1065 839 1275 874 vappa,fugiem,
1282 845 1306 863 et
1318 840 1345 862 in
1358 836 1398 862 de·
1497 843 1519 863 T
1529 843 1547 862 R
1558 842 1579 862 V
1592 843 1608 862 L
1618 844 1635 863 L
1644 843 1660 863 E
1669 843 1690 864 v
1699 843 1736 869 M,
1748 839 1789 863 vel
1811 843 1833 864 'r
1845 843 1863 863 R
1872 844 1893 863 V
1904 842 1920 862 L
1931 842 1948 862 L
1958 842 1966 861 1
1977 843 1997 862 V
2007 842 2042 869 Μ,
2056 835 2075 861 i.
2096 843 2121 861 n.
2157 835 2300 868 [χέρνιβον,
2323 831 2370 865 ξιςὸ
2384 864 2386 866 ¹

367 880 446 906 terius
460 875 556 911 uersum
567 885 583 902 a
593 877 680 911 τρέπω,
697 876 794 911 τροπὶας
813 876 878 901 alias
898 881 1012 902 vocatur.
1072 874 1188 902 Martial.
1202 882 1239 904 12,
1251 878 1279 904 84
1303 872 1322 898 F
1324 880 1400 898 umo-
1412 872 1444 891 20
1458 871 1517 898 Lat.
1534 872 1601 906 Gr.]
1641 873 1700 902 Vas,
1714 876 1742 898 in
1756 881 1801 907 quo
1813 881 1897 899 manux
1906 874 2066 907 perluuntur.
2106 871 2183 898 Varr.
2198 869 2229 895 de
2242 868 2297 894 Vit.
2308 867 2387 903 Pop„

365 915 408 940 sae
427 912 496 938 feret
509 911 563 946 ipse
575 911 665 946 tropin
677 910 709 937 de
721 910 795 938 faece
815 910 930 946 lagenae,
1023 910 1129 937 Frontis
1148 915 1174 936 et
1192 909 1334 935 humorem
1347 907 1400 934 col·
1461 908 1497 934 l.1
1516 908 1607 941 Itaque
1620 915 1649 933 ea
1664 907 1711 933 fibi
1725 908 1806 933 modo
1819 916 1916 943 ponere
1928 916 1955 933 ac
1969 905 2133 940 suspendere,
2150 913 2215 940 quae
2228 903 2325 931 vtilitas
2337 908 2367 938 po

363 948 429 983 liget
444 956 526 982 vsque
539 954 608 973 tuae.
1460 943 1599 975 trulleum,
1620 943 1811 975 matellionem,
1836 943 1952 977 pelluim,
1973 942 2143 971 nafflernam,
2158 947 2202 966 etc.
2272 938 2334 965 Eius
2349 947 2364 966 v

406 989 428 1009 'r
440 990 459 1010 R
468 989 510 1009 ΟΡ
519 989 538 1009 0
547 988 564 1008 L
574 989 593 1009 o
603 988 624 1008 G
633 988 684 1014 ῙΑ,
701 990 740 1009 ae.
759 981 779 1008 f.
809 981 980 1016 [τροπολογία]
1009 981 1114 1018 Figura,
1122 978 1244 1016 firmoad
1253 977 1400 1005 emendatio·
1459 986 1543 1012 aquae
1558 978 1687 1004 manalem
1700 987 1832 1009 vocamus,
1840 979 1909 1012 quod
1924 987 1954 1004 ea
1967 986 2033 1011 aqua
2048 978 2076 1003 in
2089 976 2213 1003 trulleum
2227 974 2379 1002 effundatur-t

364 1028 419 1046 nem
437 1027 531 1045 morum
549 1017 682 1053 dirigitur.
717 1016 828 1044 Hieron.
837 1017 916 1051 Epist.
926 1025 968 1049 1‚9
982 1017 1038 1042 s.ad
1047 1016 1190 1043 Hedibiam
1204 1017 1271 1040 circa
1280 1013 1331 1049 fin.
1343 1013 1397 1049 sol.
1459 1013 1572 1041 Manalis
1585 1014 1651 1048 lapis
1664 1014 1807 1047 appellatur
1825 1014 1853 1039 in
1872 1013 2067 1048 pontificalibus
2089 1012 2176 1043 libris,
2203 1011 2251 1046 qui
2272 1018 2333 1036 tunc
2363 1023 2365 1032 v

365 1053 526 1087 693.Froben.
534 1053 650 1087 Triplex
658 1053 686 1079 in
693 1052 868 1080 cordenostro
875 1052 1016 1087 descriptio
1027 1058 1052 1078 et
1061 1052 1150 1086 regula
1159 1050 1344 1083 scripturarum
1353 1049 1398 1075 est.
1412 1053 1443 1079 25
1458 1058 1520 1076 cum
1542 1049 1648 1084 pluuiae
1662 1055 1828 1083 exoptantur.
1899 1051 1966 1075 Haec
1978 1049 2050 1076 Non.
2065 1057 2098 1079 ις,
2112 1056 2150 1080 32..
2251 1044 2343 1072 Trull
2352 1046 2372 1078 ’ζ

365 1090 470 1122 Prima,
490 1094 519 1116 vt
531 1088 707 1123 intelligamus
724 1097 766 1115 eas
779 1088 851 1115 iuxta
872 1088 1024 1115 historiam:
1038 1087 1147 1113 secunda
1167 1086 1240 1112 iuxta
1252 1084 1398 1119 tropologi-
1457 1084 1554 1112 trullae
1566 1085 1659 1117 simile,
1671 1084 1718 1111 nisi
1732 1085 1802 1119 quod
1817 1093 1910 1119 aquam
1924 1084 1999 1111 latius
2014 1084 2139 1117 concipit,
2147 1088 2173 1109 et
2185 1081 2257 1116 quod
2271 1088 2373 1107 manu·-

364 1134 424 1153 am:
441 1125 519 1151 tertia
531 1125 603 1151 iuxta
616 1124 816 1158 intelligentiam
829 1124 1002 1158 spiritualem.
1153 1122 1183 1148 In
1197 1120 1345 1155 tropologia
1364 1120 1396 1146 de
1457 1129 1521 1148 vum
1543 1129 1598 1146 non
1619 1120 1665 1153 est,
1684 1120 1731 1147 nifi
1752 1120 1856 1147 vinaria
1872 1120 1951 1146 trulla
1963 1119 2059 1147 accessit
2078 1120 2154 1145 Varr.
2168 1117 2200 1144 de
2213 1117 2243 1144 L.
2259 1117 2288 1143 L.
2302 1121 2376 1152 a‚25

364 1161 444 1188 litera
457 1160 489 1186 ad
505 1160 607 1187 maiora
618 1160 807 1194 consurgimus,
826 1165 851 1186 et
865 1158 995 1194 quidquid
1009 1158 1038 1184 in
1049 1157 1135 1192 priori
1148 1156 1247 1191 populo
1260 1155 1397 1182 carnaliter
1457 1157 1522 1192 Ergo
1537 1156 1661 1183 trulleum
1674 1156 1790 1182 lauandis
1801 1156 1911 1181 manibus
1922 1158 2004 1190 primo
2011 1158 2091 1181 minus
2105 1160 2159 1181 erat
2170 1160 2229 1179 trua
2243 1150 2374 1187 culinari'fl

364 1196 465 1224 facium
477 1195 523 1228 est,
535 1196 608 1222 iuxta
620 1195 747 1222 moralem
760 1195 964 1230 interpretamur
975 1195 1080 1226 locum,
1100 1198 1127 1220 et
1139 1192 1171 1220 ad
1182 1192 1287 1219 animae
1295 1190 1398 1218 nostrae
1452 1192 1536 1229 sario,
1559 1194 1636 1217 maius
1659 1192 1738 1218 trulla
1758 1192 1801 1217 issa
1820 1191 1928 1226 obscena,
1940 1194 2009 1217 cuius
2019 1189 2199 1220 manubrium,
2212 1195 2240 1214 ut
2252 1186 2323 1214 hodic
2335 1181 2374 1225 tls

360 1232 539 1260 emolumenta
560 1231 749 1258 conuertimus.
1415 1232 1448 1258 30
1457 1228 1531 1263 plane
1543 1226 1618 1261 vafis,
1630 1235 1723 1253 cauum
1730 1225 1818 1263 suiſjb,
1830 1227 1871 1253 htc
1884 1227 1950 1252 locus
1962 1226 2037 1252 docet.
2072 1227 2187 1260 Exceptio
2199 1233 2215 1249 a
2232 1224 2342 1250 Varrone
2358 1225 2372 1259 ,ᾗ

403 1274 425 1294 Τ
436 1275 455 1294 R
464 1274 484 1294 Ο
495 1273 562 1294 POL
574 1273 594 1293 0
608 1272 628 1293 G
638 1265 674 1293 ic
684 1273 704 1292 v
713 1273 737 1299 s,
755 1274 778 1298 a,
798 1275 852 1293 um.
871 1265 932 1293 Adi.
959 1263 1047 1291 Sidon.
1062 1263 1141 1299 Epist.
1158 1271 1187 1297 9,
1202 1272 1215 1295 3
1230 1260 1400 1298 Tropologi-
1459 1263 1528 1289 dicat
1548 1266 1621 1288 etiam
1640 1263 1702 1289 illud
1720 1263 1845 1289 trulleum
1866 1262 1976 1288 manibus
1988 1261 2103 1288 lauandu·
2114 1270 2163 1287 non
2176 1267 2297 1295 nunquam
2311 1261 2371 1291 ais-12

364 1311 424 1331 cum
438 1311 519 1337 genus
537 1307 563 1329 et
579 1302 729 1336 figuratum.
1458 1297 1631 1333 appendicula,
1645 1308 1716 1333 quam
1731 1298 1772 1325 hic
1784 1297 1890 1324 trullam
1907 1297 2036 1324 vinariam
2048 1303 2130 1327 vocat,
2139 1302 2187 1331 per
2198 1303 2269 1329 quam
2280 1293 2369 1330 defu-s

401 1345 424 1365 'r
434 1345 453 1365 R
462 1345 481 1364 ο
490 1344 533 1364 Po
543 1344 556 1362 ι
567 1343 634 1364 OGI
643 1343 694 1364 cE.
713 1336 779 1363 Adu.
797 1336 910 1363 Hieron.
925 1335 954 1362 in
970 1334 1062 1363 Ezech.
1077 1336 1117 1368 26,
1129 1342 1157 1367 19
1172 1343 1197 1368 p.
1217 1341 1279 1368 4¹0·
1451 1334 1534 1371 fluere
1544 1332 1726 1370 poſjeescilicet
1738 1342 1802 1369 aqua
1808 1332 1922 1369 sordida,
1936 1342 1984 1359 non
1997 1332 2077 1368 euerso
2089 1338 2141 1358 toto
2155 1331 2250 1357 trulleo.
2364 1350 2377 1366 ¹.

399 1379 421 1399 Τ
432 1379 502 1399 ROP
514 1378 536 1398 v
547 1378 569 1403 s,
589 1372 610 1398 i:
629 1381 665 1399 m.
705 1372 822 1412 [τρόπος]
860 1373 921 1398 Dici
936 1370 1016 1406 potest
1036 1370 1138 1402 Modus,
1150 1370 1249 1405 figura,
1268 1366 1398 1401 conuerflo.
1495 1375 1599 1396 TRVL
1611 1376 1627 1395 L
1640 1375 1655 1394 E
1667 1376 1687 1394 v
1699 1376 1728 1401 s,
1748 1369 1766 1395 i.
1783 1377 1818 1395 m.
1857 1368 1931 1395 Idem.
1967 1368 2033 1395 Plin.
2045 1376 2083 1400 34,
2096 1375 2112 1394 2
2137 1367 2206 1393 Vasa
2224 1364 2319 1392 Corint
2353 1381 2368 1386 ψ»

360 1408 405 1437 Est
417 1408 501 1435 dieiio
513 1408 635 1435 translata
647 1416 662 1434 a
675 1406 863 1441 figmficatione
876 1407 986 1441 propria
1002 1406 1034 1433 ad
1047 1414 1101 1432 non
1114 1405 1259 1440 propriam,
1274 1403 1316 1429 sed
1330 1403 1397 1429 simi·
1419 1409 1519 1436 35runt
1531 1405 1558 1430 iu
1573 1404 1692 1432 trulleos.
1785 1403 1854 1431 Add.
1867 1403 1967 1430 Arnob.
1978 1412 1994 1430 2
2008 1412 2032 1437 p.
2047 1405 2085 1436 56.
2356 1398 2360 1403 ⁴

360 1445 432 1477 lem,
448 1449 555 1471 ornatus
568 1443 754 1470 necessitatisue
772 1443 859 1469 causa:
881 1443 956 1468 cuius
969 1442 1064 1476 species
1077 1442 1134 1467 sunt
1145 1439 1314 1474 metaphora,
1331 1445 1397 1465 cata·
1497 1446 1518 1465 Τ
1529 1446 1544 1465 R
1558 1447 1578 1466 ν
1588 1447 1604 1466 L
1614 1447 1630 1466 L
1640 1446 1688 1472 10,
1707 1439 1776 1467 onis.
1803 1448 1839 1468 m.
1877 1439 1953 1468 Idem.
1988 1439 2054 1467 Plin.
2084 1437 2171 1465 Valet.
2205 1445 2229 1470 3,
2257 1439 2286 1469 38
2352 1464 2364 1470 ,

359 1480 464 1512 chresis,
477 1478 629 1514 metalepsis,
642 1478 814 1511 metonymia,
826 1484 871 1506 etc.
889 1478 987 1504 Donat.
1055 1478 1086 1503 Et
1100 1476 1217 1511 definitur
1231 1485 1246 1502 a
1266 1474 1399 1508 Qinem.
1455 1475 1622 1504 trullionem.
2256 1481 2260 1487 ·
2351 1467 2373 1509 23³

361 1521 386 1548 8,
400 1518 414 1541 6
444 1515 529 1542 Verbi
544 1515 586 1541 vel
601 1514 727 1541 sermonis
739 1522 752 1540 a
766 1513 872 1548 propria
884 1512 1073 1548 significatione
1084 1511 1116 1538 ad
1129 1512 1209 1538 aliam
1226 1520 1284 1537 cum
1299 1511 1398 1537 virtute
1494 1518 1516 1537 T
1525 1518 1543 1537 R
1553 1519 1574 1538 ν
1585 1517 1601 1537 L
1611 1519 1627 1538 L
1636 1518 1646 1538 1
1655 1519 1668 1538 s
1677 1517 1689 1537 3
1699 1517 1730 1543 o,
1743 1514 1796 1538 are.
1835 1510 1923 1537 TrulIa
1935 1509 2042 1546 gypfiem
2056 1508 2177 1535 inducere.
2210 1507 2318 1534 Vitruu.
2329 1512 2376 1540 7,,

358 1550 482 1578 mutatio.
517 1550 639 1585 AdVirg.
648 1550 712 1576 Aen.
722 1553 792 1584 1‚169
813 1548 994 1583 Horreutique
1007 1553 1093 1574 atrum
1105 1556 1197 1574 nemus
1209 1547 1331 1573 imminet
1343 1555 1401 1573 vm-
1460 1548 1501 1574 nis
1514 1547 1650 1582 explicatis
1665 1547 1776 1581 parietes
1790 1554 1869 1580 quam
1882 1547 2022 1580 asperrime
2034 1545 2204 1571 trullissentur
2216 1553 2222 1569 z
2256 1541 2364 1577 posteat

358 1586 416 1614 bra.
452 1587 523 1612 Seru.
559 1586 655 1612 Atrum
667 1594 770 1617 nemus,
782 1591 873 1619 tropus
887 1584 922 1610 est
937 1593 942 1608 :
979 1592 1025 1618 per
1043 1590 1139 1616 atrum,
1151 1584 1257 1617 nigrum
1272 1582 1444 1613 ostenditt40
1460 1592 1507 1617 pra
1521 1583 1703 1609 trullissatione
1711 1582 1888 1609 subarescente
1902 1581 2083 1608 deformentur
2090 1579 2249 1607 directiones
2263 1574 2366 1607 arenati.

357 1631 407 1657 per
424 1622 530 1657 nigrum
548 1620 715 1648 vmbrosum:
735 1628 782 1655 per
794 1620 947 1647 vmbrosum
963 1619 1085 1649 densum,
1099 1619 1125 1645 id
1138 1618 1174 1644 est
1194 1617 1333 1645 frondibus
1347 1618 1399 1651 plc-
1418 1631 1420 1633 ·
1460 1618 1534 1646 Idem
1550 1625 1573 1651 ς,
1590 1627 1627 1646 ιο,
1733 1618 1850 1644 Inferior
1863 1626 1920 1652 pars
1935 1617 1997 1644 testa
2010 1625 2070 1643 cum
2085 1616 2153 1642 calce
2166 1614 2319 1642 trullissetur
2337 1611 2366 1640 V'

360 1666 434 1684 num.
471 1657 527 1683 Cic.
541 1656 572 1682 de
586 1657 657 1683 Clar.
673 1657 744 1682 Orat.
761 1657 795 1688 69
803 1665 823 1681 c.
838 1664 863 1687 17
881 1655 979 1682 Ornari
993 1655 1142 1681 orationem
1157 1653 1251 1680 Graeci
1265 1659 1365 1688 putant,
1378 1652 1396 1678 fi
1496 1659 1517 1680 'r
1526 1661 1546 1680 R
1559 1660 1577 1679 v
1588 1661 1604 1681 L
1614 1661 1630 1680 L
1640 1660 1650 1679 1
1659 1659 1693 1679 33
1704 1659 1756 1680 AT
1766 1660 1776 1679 1
1787 1659 1819 1686 0,
1837 1654 1904 1681 onis.
1935 1653 1955 1680 f.
1991 1652 2097 1679 Vitruu.
2130 1651 2160 1678 in
2189 1650 2240 1677 loc.
2270 1648 2340 1675 citat.
2352 1647 2374 1675 ,ί

361 1692 505 1721 verborum
520 1691 747 1718 immutationibus
761 1696 883 1726 vtantur,
900 1699 966 1725 quos
982 1689 1111 1724 appellant
1129 1689 1226 1725 τρόπεις,
1245 1696 1291 1715 etc.
1327 1688 1395 1715 Add.
1459 1695 1482 1716 T
1493 1696 1511 1716 R
1524 1695 1569 1715 VL
1581 1696 1597 1715 L
1609 1696 1618 1715 1
1631 1695 1644 1715 s
1657 1695 1671 1715 s
1684 1695 1713 1715 o.

360 1728 417 1756 Cic.
430 1727 462 1753 de
477 1728 549 1753 Orat.
562 1735 575 1759 3
589 1736 612 1754 c.
631 1732 666 1759 38·
703 1725 831 1760 Quinffll.
842 1734 868 1759 9,
881 1734 901 1751 1.
935 1726 1014 1752 Mart.
1029 1724 1156 1759 Capelsa6
1169 1733 1194 1758 p.
1208 1732 1256 1756 231.
1275 1727 1294 1751 i.
1307 1724 1396 1751 Rheto-
1492 1731 1514 1751 T
1522 1731 1540 1750 R
1551 1731 1569 1750 ν
1578 1731 1641 1751 C11)
1650 1731 1679 1756 o,
1694 1731 1715 1750 T
1723 1731 1742 1750 R
1750 1731 1771 1750 v
1779 1731 1796 1751 c
1805 1730 1825 1749 v
1835 1729 1852 1750 t.
1861 1731 1878 1750 E
1887 1731 1909 1750 N
1919 1729 1941 1749 'r
1952 1729 1974 1750 v
1985 1729 2009 1756 s,
2022 1722 2076 1750 vid.
2085 1728 2184 1750 Tva.
2358 1737 2365 1750 -.

356 1773 398 1792 res
409 1763 550 1790 pithoeani.
1149 1781 1151 1789 .
1404 1768 1440 1795 45
1493 1765 1597 1786 TRvD
1606 1766 1634 1789 ο,
1648 1759 1675 1791 si,
1690 1759 1755 1792 sum,
1768 1760 1820 1786 ere.
1857 1758 1939 1791 [ds-ius,
1948 1757 2021 1789 ὦθέω,
2034 1757 2155 1793 chiaus]
2196 1756 2320 1783 Violentia
2335 1768 2340 1776 ι
2365 1768 2374 1775 ,.

397 1797 546 1825 TRoPiC
559 1803 581 1824 v
592 1804 616 1829 3,
624 1805 648 1829 a,
656 1806 711 1823 um.
731 1795 792 1823 Adi.
812 1795 880 1822 Gell.
894 1803 965 1829 ¹3‚²4
983 1795 1105 1829 Tropica
1119 1793 1230 1829 quadam
1244 1793 1327 1828 figura
1339 1802 1396 1819 mu-
1451 1794 1550 1831 pellere.
1607 1794 1766 1821 Plaut.Asin.
1781 1803 1804 1827 3,
1819 1802 1878 1826 1‚3o
1902 1794 1962 1821 Nae
1977 1794 2022 1820 ille
2034 1793 2133 1820 ecastor
2147 1793 2207 1819 hinc
2221 1790 2341 1818 trudetur
2350 1788 2364 1820 fl,

359 1835 488 1862 tationem
501 1833 625 1860 vocabuli
638 1833 732 1860 facere.
801 1829 822 1868 fl
836 1840 853 1858 2.
864 1829 1104 1867 ApudAstronamos
1112 1830 1174 1865 fiant
1183 1829 1395 1863 CirculiTropi·
1455 1839 1606 1858 erumarum
1625 1830 1705 1856 foras.
1802 1831 1866 1863 Q10
1885 1838 1921 1856 ne
1937 1829 2090 1861 trudamur,
2107 1828 2147 1855 dii
2166 1827 2329 1855 immortales
2348 1837 2367 1849 .›

357 1870 458 1905 ci,quot
464 1878 518 1895 cum
525 1871 634 1905 attingit
643 1867 967 1904 Sol‚curfi1mfi‹ummueat‚
981 1873 1003 1892 et
1011 1869 1155 1892 reuertitur.
1191 1865 1236 1892 Ad
1242 1865 1393 1897 Tropicum
1455 1873 1518 1892 nent
1536 1866 1593 1893 Cic.
1602 1864 1634 1892 de
1646 1865 1823 1899 Arusp.Resp.
1835 1867 1872 1891 61.
1965 1864 2161 1891 Trudebantur
2175 1865 2202 1890 in
2217 1863 2340 1898 paludem
2366 1876 2369 1882 ·

360 1905 449 1932 cancri
460 1904 497 1940 fit
523 1902 661 1936 Solstm‘um
684 1901 801 1936 aestiuum
817 1913 825 1933 ;
859 1902 893 1928 ad
911 1902 1063 1936 Tropicum
1083 1901 1239 1933 Capricorni
1260 1899 1396 1931 Safinium
1457 1910 1477 1931 1,
1490 1904 1530 1934 63,
1544 1910 1566 1933 3.
1672 1900 1728 1926 Cic.
1742 1901 1825 1927 Tusc.
1835 1909 1855 1930 1,
1869 1909 1892 1932 71
1911 1900 1942 1926 Et
1956 1909 2015 1926 cum
2029 1908 2109 1934 paene
2122 1900 2150 1926 in
2163 1908 2241 1926 manu
2255 1899 2308 1925 iam
2322 1901 2368 1924 mo'

357 1940 491 1975 hiemales.
505 1939 598 1966 bruma.
634 1938 727 1965 Manil.
741 1947 762 1969 3,
774 1939 825 1964 620
844 1938 919 1970 Qae
932 1937 1033 1975 tropica
1049 1935 1195 1969 appellant,
1214 1935 1286 1967 quod
1300 1935 1328 1961 in
1342 1934 1396 1961 illis
1410 1939 1443 1965 50
1455 1937 1523 1963 illud
1537 1940 1636 1963 teneret
1648 1935 1889 1970 poculum,locutus
1902 1935 1938 1962 ita
1951 1936 1997 1968 est,
2008 1941 2036 1963 vt
2051 1943 2104 1960 non
2118 1935 2149 1961 ad
2163 1942 2275 1962 mortem
2290 1932 2385 1969 trudi„

358 1982 473 2010 quatuor
485 1974 547 2000 anni
616 1973 756 2007 Tempora
770 1977 911 1999 vertuntur
924 1971 1011 2006 signis,
1018 1971 1155 2005 nodosque
1168 1971 1312 1996 resoluunt.
1337 1969 1395 1996 Vid.
1456 1971 1485 1998 in
1499 1971 1602 1998 eaelum
1616 1971 1753 1999 videretur
1769 1969 1914 1997 ascendere.
2021 1971 2094 1997 Idem
2108 1971 2161 1997 Att.
2174 1981 2203 2006 4,
2215 1980 2225 2002 3
2249 1969 2298 1996 Ille
2311 1977 2368 1996 omn

357 2009 477 2039 Macrob.
493 2010 520 2035 in
534 2009 624 2037 Somn.
635 2008 701 2042 Scip.
717 2017 734 2041 1,
750 2015 783 2036 15.
805 2014 829 2033 et
842 2015 868 2039 2,
888 2014 923 2036 ις.
1119 2004 1139 2041 ff
1158 2013 1170 2037 3
1208 2005 1333 2032 Pecuniae
1352 2013 1396 2031 cu·
1456 2007 1531 2034 cibus
1546 2015 1604 2033 cum
1619 2007 1644 2032 se
1658 2014 1711 2032 non
1723 2005 1753 2031 ad
1768 2006 1906 2037 iudicium,
1920 2005 1962 2032 sed
1975 2005 2008 2032 ad
2020 2005 2176 2040 supplicium
2194 2006 2311 2042 praesens
2327 2010 2376 2031 tru

357 2047 452 2082 piditas
465 2045 530 2071 haec
544 2044 644 2079 tropica
665 2043 778 2070 instituit
792 2044 896 2069 Petron.
910 2051 932 2068 c.
940 2046 977 2072 88.
987 2044 1005 2067 i.
1013 2040 1153 2076 conuersum
1165 2050 1247 2067 rerum
1253 2040 1359 2076 faciem.
1455 2048 1506 2075 ret,
1518 2051 1608 2069 omnes
1622 2041 1759 2073 Catilinas,
1773 2040 1899 2068 Acidinos
1912 2042 1998 2076 postea
2013 2040 2140 2068 reddidit.
2254 2039 2363 2067 Fallacia

398 2088 419 2108 T
433 2087 452 2107 R
463 2086 580 2108 0P1cE.
610 2079 679 2106 Adu.
704 2078 812 2113 August.
827 2078 860 2105 de
872 2079 938 2105 Gen.
951 2076 984 2104 ad
999 2077 1040 2103 lit.
1054 2087 1078 2109 4,
1091 2085 1108 2109 9
1126 2076 1223 2103 Maluit
1237 2077 1339 2111 tropice
1354 2075 1393 2102 lo·
1455 2087 1497 2105 am
1511 2077 1595 2105 trudit
1628 2078 1699 2105 Ter.
1712 2077 1791 2104 Andr.
1806 2086 1834 2110 4,
1850 2086 1873 2111 ς,
1885 2086 1927 2108 40·
2033 2076 2171 2104 Truditur
2186 2076 2240 2103 dies
2252 2076 2295 2103 die
2320 2076 2387 2103 Hor·

356 2117 415 2154 qui,
427 2120 445 2143 i.
453 2123 500 2152 per
513 2117 621 2151 Tropum
634 2115 791 2142 rhetoricum.
1409 2117 1438 2144 55
1454 2123 1477 2146 2,
1492 2119 1526 2146 18,
1544 2122 1574 2147 ις.
1681 2112 1809 2140 Trudere
1822 2112 1951 2144 tenebras,
1965 2115 1982 2140 i.
1996 2112 2109 2140 Obiicere
2130 2112 2290 2147 Plaut.Epid.
2302 2120 2322 2145 3,
2333 2119 2376 2145 4,,

393 2160 416 2180 Τ
424 2159 443 2178 R
451 2159 470 2179 o
479 2159 501 2179 3.
523 2150 616 2187 [Τρώς]
635 2151 689 2176 Rex
703 2150 820 2182 Troiae,
832 2151 915 2184 inquit
921 2148 1036 2179 Seruius,
1049 2147 1208 2180 Ganymedis
1221 2152 1304 2182 pater,
1316 2155 1330 2173 a
1338 2154 1393 2181 quo
1451 2149 1565 2177 cudere.

357 2188 448 2216 Troia
464 2187 542 2213 dicia.
616 2186 690 2220 Virg.
710 2186 808 2219 Georg.
822 2194 842 2217 3,
855 2186 884 2216 36
920 2199 965 2204 -—
984 2183 1157 2216 demissaeque
1174 2183 1207 2210 ab
1224 2184 1289 2210 Ioue
1309 2183 1392 2217 gentis
1492 2191 1515 2212 'r
1525 2192 1545 2212 R
1554 2191 1574 2211 v
1583 2190 1659 2211 DEN
1670 2189 1698 2216 s,
1711 2183 1787 2211 entis.
1807 2185 1875 2211 Part.
1911 2183 1959 2211 Sed
1972 2183 2069 2211 frustra
2081 2183 2229 2220 oppositum
2241 2181 2366 2210 trudente·
2386 2192 2398 2200 Δ

357 2224 486 2254 Nomina,
499 2223 628 2256 Trosque
647 2230 738 2256 parens
748 2227 773 2248 et
790 2220 909 2252 Troiae,
924 2218 1054 2252 Cynthius
1071 2219 1172 2246 audior.
1265 2219 1341 2246 Tros
1359 2224 1394 2245 et·
1454 2227 1572 2248 montem
1592 2220 1772 2254 Virg,G20rg‚
1787 2229 1814 2253 3,
1829 2228 1879 2254 373·
2390 2223 2393 2239 .
2415 2213 2421 2221 “

357 2263 407 2287 ia».-
418 2263 522 2293 pomtur
532 2266 580 2293 pro
587 2257 703 2289 Troius,
714 2256 745 2283 de
758 2255 987 2292 quosubTRom.
1492 2263 1515 2283 T
1530 2263 1547 2282 R
1562 2263 1583 2282 ν
1597 2262 1610 2282 3
1623 2264 1645 2282 ν
1655 2263 1710 2288 za,
1724 2264 1778 2282 um.
1799 2256 1893 2282 Partic.
1928 2254 2019 2284 Tacit.
2028 2254 2095 2282 Hist.
2103 2263 2127 2288 5,
2140 2262 2182 2288 25,
2194 2261 2208 2288 ς
2240 2254 2272 2281 In
2298 2260 2364 2281 arma
2403 2259 2405 2270 ³
2420 2253 2424 2261 ’

396 2300 418 2321 T
433 2301 450 2320 R
462 2300 481 2320 ο
493 2301 506 2320 3
517 2301 529 2320 3
539 2291 717 2326 ῢινΜ,ἰ.ιι.
732 2291 896 2328 [Τρόσσελον]
911 2290 1046 2326 Oppidum
1054 2290 1172 2318 Tusciae
1185 2290 1250 2317 citra
1257 2289 1393 2316 Volsinios
1411 2292 1447 2318 60
1454 2292 1567 2321 Rufinus
1582 2291 1612 2318 ad
1628 2291 1769 2325 discrimen
1784 2292 1870 2319 trusus
1885 2290 2009 2318 vltimum
2030 2291 2163 2319 Ammian.
2175 2299 2212 2324 14,
2224 2298 2262 2318 10.
2303 2287 2353 2316 vid.
2394 2298 2407 2309 .=

357 2331 416 2366 pass.
432 2337 473 2357 lx.
493 2336 526 2356 M.
542 2328 612 2364 quod
627 2338 686 2355 cum
698 2327 750 2354 sine
762 2327 879 2363 peditum
890 2326 1045 2354 adiumento
1058 2327 1162 2362 equites
1175 2326 1296 2361 cepissent
1309 2325 1395 2352 Tros·
1453 2329 1487 2357 ad
1499 2327 1622 2355 Artemid.
1634 2334 1661 2362 p.
1678 2330 1717 2354 σο,

358 2366 410 2394 suli
423 2365 489 2391 dieii
500 2365 557 2391 sunt
572 2363 638 2391 Plin.
652 2372 687 2396 33,
706 2371 732 2390 2.
1491 2370 1513 2390 T
1522 2370 1541 2390 R
1552 2370 1572 2388 v
1584 2371 1596 2390 s
1606 2369 1635 2395 o,
1648 2366 1701 2389 are.
1737 2363 1798 2389 Vox
1810 2361 1920 2388 obscena
1933 2361 2002 2395 apud
2015 2361 2112 2389 Catuli.
2126 2369 2163 2394 57,
2175 2363 2201 2388 6.
2392 2372 2393 2378 ¹

399 2407 421 2427 T
432 2407 451 2426 R
461 2406 479 2427 ο
488 2408 500 2426 3
509 2406 521 2425 3
530 2399 552 2426 xi
561 2407 573 2425 ι
585 2406 607 2426 ν
619 2405 647 2431 s,
663 2400 681 2426 i.
704 2408 738 2428 m,
763 2398 885 2425 Trossuli
897 2397 963 2424 dieti
978 2398 1035 2423 sunt
1047 2397 1163 2431 Equites,
1180 2397 1251 2431 quod
1265 2396 1393 2431 oppidum
1493 2406 1516 2426 Τ
1527 2406 1547 2426 R
1559 2406 1575 2424 ν
1587 2398 1648 2425 3ῑΤ
1658 2405 1692 2430 o,
1712 2401 1765 2425 are.
1793 2399 1961 2432 Frequentat.
1997 2396 2106 2425 Phaedr.
2119 2397 2182 2425 Fab.
2196 2405 2223 2430 2,
2234 2399 2275 2430 7‚8
2289 2393 2379 2426 Iflffl'ql
2390 2396 2424 2416 ‘²

360 2437 514 2464 Tuscorum
532 2435 689 2462 Trossulum
709 2435 760 2460 sine
773 2442 853 2468 opera
866 2433 984 2467 peditum
995 2434 1111 2465 ceperint
1140 2433 1237 2460 Festus.
1262 2433 1329 2458 Pers.
1342 2432 1393 2458 Sat.
1453 2435 1514 2462 dem
1527 2435 1600 2461 ferro
1615 2434 1718 2459 mulum
1731 2433 1860 2460 trufitant.
2270 2453 2275 2460 .
2319 2431 2325 2440 ¹

358 2480 381 2504 ι,
397 2476 422 2501 81
458 2485 503 2491 —
518 2470 586 2498 vnde
597 2470 666 2496 istud
680 2469 800 2500 dedecus,
819 2468 847 2493 in
861 2475 916 2501 quo
1004 2467 1146 2493 Troffulus
1165 2469 1275 2493 exsultat
1283 2467 1332 2492 tibi
1347 2475 1393 2499 per
1407 2471 1438 2502 σς
1489 2476 1570 2496 TRv
1583 2475 1596 2495 s
1608 2468 1679 2496 ΑΤῖ
1689 2475 1725 2494 LI
1739 2475 1766 2501 s,
1779 2478 1802 2496 e.
1823 2468 1882 2495 Adi.
1919 2468 2016 2504 [ὤς-ἂς]
2051 2467 2125 2504 Qud
2135 2466 2262 2495 truditur:
2279 2468 2322 2496 vt,
2361 2461 2380 2517 ⁰‹'
2393 2470 2420 2516 ᾗ

358 2506 481 2534 subsellia
493 2506 584 2532 laeuis.
645 2505 694 2531 Vbi
705 2504 858 2539 Casaubonus
869 2502 949 2533 dicit,
975 2501 1115 2527 Trossulos
1130 2503 1205 2536 vulgo
1219 2505 1322 2538 vocari,
1341 2503 1394 2534 Qui
1454 2505 1546 2534 satius,
1558 2507 1576 2530 i,
1585 2505 1655 2529 Mola
1668 2503 1880 2538 manum-fastum}
1891 2504 2003 2530 mansbm
2015 2505 2142 2535 trudatur,
2155 2503 2184 2530 id
2196 2499 2225 2536 2st
2233 2498 2340 2536 pellatur·
2378 2530 2380 2533 Υ

360 2543 428 2568 cultu
449 2548 471 2567 et
490 2547 541 2567 toto
555 2543 625 2567 vitae
642 2548 728 2574 genere
747 2540 849 2564 caeteris
868 2535 994 2571 praeliare
1012 2537 1111 2561 vellent.
1167 2538 1197 2575 ¹²2¹
1211 2536 1277 2574 sane
1285 2536 1324 2567 ‚stc
1337 2535 1394 2559 Sen.
1453 2546 1465 2568 3
1487 2538 1531 2563 Ob
1545 2537 1722 2570 quaerendum
1736 2537 1838 2563 vicium
1851 2538 1881 2563 ad
1896 2538 2106 2572 circumagendas
2119 2539 2212 2571 molas,
2225 2542 2288 2569 quae
2301 2531 2377 2559 trusat
2393 2518 2411 2576 τ

360 2576 440 2611 Epist.
454 2578 484 2606 86
493 2582 537 2610 pr.
572 2574 645 2607 Qud
660 2574 740 2607 ergo?
762 2572 833 2598 idem
846 2572 953 2604 faciam,
974 2570 1046 2604 quod
1065 2570 1203 2602 Troffim,
1225 2576 1251 2596 et
1270 2569 1394 2595 iuuenes?
1454 2572 1594 2606 pellantur,
1609 2579 1716 2604 operam
1730 2571 1822 2603 pistori
1835 2571 1946 2599 locasset.
1981 2573 2010 2597 dc
2023 2574 2119 2598 Plauto.
2226 2573 2292 2597 Cato
2308 2566 2340 2593 de
2351 2565 2381 2592 R.
2395 2592 2397 2594 ,

360 2618 443 2646 nempe
457 2611 556 2647 diJcere.
592 2612 622 2636 Et
636 2609 713 2643 Epist.
727 2615 758 2643 87
768 2617 792 2642 p.
809 2615 854 2642 374
889 2607 947 2633 Cum
966 2605 1064 2639 dixrstet
1083 2605 1110 2632 de
1126 2606 1251 2641 Scipione,
1278 2603 1396 2630 canterio
1455 2615 1481 2640 4,
1516 2613 1540 2633 et
1555 2614 1612 2638 1¹⁵4
1637 2605 1721 2631 Molas
1734 2604 1854 2631 asinarias
1868 2612 1893 2631 et
1905 2606 2035 2631 trusatiles
2047 2606 2184 2639 separatim
2201 2606 2376 2630 commemorat.
2394 2598 2397 2603 '

360 2646 522 2679 vehebatur,
541 2651 566 2672 et
579 2644 732 2680 hippoperis
746 2643 853 2678 quidem
867 2641 1004 2675 impositiS,
1018 2647 1047 2669 vt
1062 2641 1147 2667 secum
1161 2641 1236 2667 vtilia
1250 2639 1395 2675 (utensilia)
1403 2645 1440 2672 70
1491 2647 1513 2666 ‘r
1524 2648 1543 2667 R
1556 2647 1574 2665 v
1585 2647 1604 2666 D
1614 2647 1660 2672 Es,
1674 2640 1704 2666 is,
1740 2639 1869 2675 [ῶς-ἥρων]
1906 2638 2068 2671 instrumenti
2084 2647 2169 2674 genus,
2182 2647 2228 2672 quo
2250 2636 2347 2672 aliquid
2368 2641 2381 2662 tl

361 2688 492 2718 portaret:
513 2680 600 2713 addit,
620 2681 644 2707 O
660 2688 737 2713 quam
753 2687 875 2714 cuperem
887 2678 929 2704 illi
943 2686 1012 2703 nunc
1026 2685 1165 2703 occurrere
1179 2676 1293 2710 aliquem
1306 2684 1337 2701 ex
1353 2675 1394 2701 his
1454 2676 1546 2703 Tacit.
1562 2676 1654 2707 Ann.3,
1670 2677 1715 2709 46,
1728 2684 1741 2707 7
1779 2675 1894 2708 Quidam
1910 2674 2030 2701 trudibus
2040 2680 2082 2700 aut
2096 2674 2176 2700 furcis
2192 2673 2303 2699 inertem
2317 2670 2382 2698 mole

361 2717 476 2745 trossulis
492 2716 520 2742 in
532 2716 577 2744 via
590 2715 731 2746 diuitibus,
746 2720 792 2740 etc.
847 2713 921 2749 Cous.
936 2713 995 2739 Vet.
1013 2711 1149 2738 Scholiast.
1170 2712 1238 2738 Pers.
1253 2719 1274 2736 c.
1290 2711 1306 2736 l.
1344 2711 1395 2737 sa!—
1455 2713 1579 2743 sternere,
1600 2711 1628 2737 de
1648 2710 1768 2736 militibux
1786 2710 1910 2736 Gallorum
1928 2709 2120 2744 ferratisfirmo
2133 2706 2183 2740 est,
2201 2707 2303 2734 additur
2323 2707 2383 2734 Iacei

361 2753 422 2789 mas.
436 2752 470 2778 ad
488 2750 622 2785 Lamprid.
637 2748 777 2777 Commod.
790 2758 815 2783 p.
829 2756 881 2781 114.
915 2747 982 2774 Plin.
996 2755 1030 2779 33,
1045 2756 1056 2772 2
1070 2746 1099 2772 de
1118 2747 1240 2781 equitibus
1258 2747 1328 2773 Rom.
1346 2746 1394 2771 Ce-
1455 2747 1529 2773 nullo
1541 2746 1572 2772 ad
1586 2745 1770 2779 resurgendum
1783 2745 1852 2777 nisu,
1865 2744 1935 2778 quasi
1948 2745 2080 2771 exanimes
2094 2743 2287 2778 linquebantur.

362 2789 430 2815 {eres
445 2786 491 2813 sub
510 2786 635 2818 Romulo,
645 2785 804 2820 regibusque
818 2782 940 2818 appellati
953 2783 1020 2812 sunt,
1033 2780 1127 2807 deinde
1134 2781 1297 2813 flexumines‚
1310 2781 1397 2813 postca
1491 2788 1568 2808 TRv
1577 2787 1593 2806 E
1604 2787 1624 2805 N
1636 2786 1657 2806 T
1668 2787 1687 2804 V
1697 2787 1733 2812 M,
1744 2780 1760 2807 i.
1776 2789 1802 2806 n.
1839 2781 2009 2814 [Terin-mv]
2047 2780 2149 2806 fluuius
2161 2780 2314 2811 Picenarum,
2326 2783 2350 2804 et

362 2824 473 2854 trossuli,
490 2831 549 2848 cum
563 2822 690 2856 oppidum
706 2820 733 2846 in
747 2819 845 2847 Tuscis
859 2819 924 2845 citra
936 2816 1067 2844 Volsinios
1084 2817 1198 2851 passuum
1212 2817 1248 2844 IX
1261 2815 1329 2842 mill.
1368 2815 1396 2841 si-
1403 2822 1435 2851 75
1454 2815 1509 2843 dem
1521 2818 1628 2842 nominis
1641 2816 1774 2841 Ptolemaeo
1788 2824 1818 2847 3,
1833 2825 1854 2841 1.
1902 2814 1961 2841 Vid.
1977 2814 2042 2841 Plin.
2055 2822 2077 2847 3,
2091 2822 2125 2846 13.
2374 2811 2375 2814 ’

362 2867 396 2886 ne
410 2859 465 2885 vllo
481 2858 597 2891 peditum
612 2857 764 2883 adiumento
777 2854 912 2889 cepissent,
927 2854 982 2880 eius
997 2853 1123 2880 vocabuli
1138 2852 1172 2886 (i.
1179 2852 1302 2886 nominis)
1315 2851 1395 2885 idque
1492 2859 1514 2879 T
1525 2858 1543 2878 R
1557 2859 1576 2877 v
1586 2858 1603 2878 Ε
1614 2858 1633 2876 N
1645 2857 1666 2876 'r
1678 2857 1686 2875 1
1698 2857 1719 2876 N
1730 2857 1750 2876 ν
1762 2856 1789 2883 3,
1800 2859 1823 2883 a,
1830 2859 1884 2877 um.
1904 2850 1965 2879 Adi.
2001 2849 2047 2876 Sil.
2055 2855 2077 2882 8,
2085 2858 2127 2882 434
2153 2848 2372 2884 QiiqueTruen
2400 2851 2403 2853 '

364 2894 469 2921 durauit
481 2893 549 2920 vltra
562 2891 755 2920 C.Gracchum.
769 2890 860 2917 Iunius
873 2894 951 2920 certe,
966 2888 1012 2923 qui
1026 2888 1058 2914 ab
1071 2888 1188 2915 amicitia
1203 2888 1259 2914 eius
1267 2887 1394 2913 Graccha-
1455 2892 1517 2915 vant
1530 2896 1588 2913 cum
1602 2886 1713 2912 flumine
1729 2892 1823 2913 turres,
2397 2880 2401 2888 “

364 2939 413 2956 nus
433 2929 574 2964 appellatus
588 2928 633 2958 est,
647 2927 771 2961 scriptum
784 2925 892 2960 reliquit
905 2924 946 2950 his
961 2923 1066 2952 verbis:
1083 2923 1155 2958 Qud
1165 2923 1200 2950 ad
1215 2922 1343 2958 equestrem
1355 2932 1394 2949 or·
1492 2929 1513 2949 T
1522 2930 1541 2951 R
1550 2930 1568 2948 v
1578 2929 1594 2948 L
1604 2929 1620 2948 L
1629 2929 1661 2953 Α,
1675 2920 1728 2948 vid.
1744 2927 1765 2946 T
1774 2929 1793 2948 R
1804 2927 1825 2947 v
1836 2928 1868 2949 Α.

363 2966 445 2992 dinem
456 2967 558 2996 attinet,
573 2970 645 2989 antea
657 2961 798 2989 Trofsulos
812 2960 930 2988 vocabam
938 2979 947 2992 ,
960 2968 1024 2985 nunc
1037 2962 1128 2994 equites
1146 2965 1234 2985 vocant
1243 2968 1253 2987 ;
1270 2958 1324 2984 ideo
1336 2961 1396 2994 quia
1492 2964 1514 2984 Τ
1524 2965 1544 2985 R
1553 2964 1573 2983 v
1585 2965 1606 2984 N
1616 2964 1661 2985 CV
1671 2963 1695 2989 s,
1708 2957 1727 2983 i.
1746 2966 1781 2984 m.
1818 2958 1948 2992 [ςέλεχσς,
1961 2954 2268 2991 κορμόν,κρέμνον,ςῦπος]
2304 2954 2364 2982 Pars
2377 2967 2380 2973 ι
2391 2970 2406 2983 2„

364 3009 414 3027 non
428 3002 572 3035 intelligunt
585 2997 726 3025 Trossulus
739 3005 822 3022 nomen
837 2995 898 3032 quid
914 2995 1005 3027 valeat,
1019 2997 1109 3020 multos
1119 2994 1194 3029 pudct
1205 3003 1230 3020 eo
1248 2997 1343 3020 nomine
1355 3001 1397 3029 ap.
1409 2994 1442 3021 80
1452 2994 1600 3030 praesertim
1612 2992 1719 3025 arboris,
1732 3001 1792 3026 quae
1804 3001 1885 3019 ramos
1892 2991 2007 3027 sustinet,
2020 3000 2123 3027 quaeque
2135 2993 2213 3018 ramis
2228 2988 2375 3026 truncam-J
2391 2991 2411 3022 fis*

361 3037 470 3073 pellari:
491 3040 516 3061 ct
531 3035 643 3066 causam,
657 3041 724 3067 quae
738 3032 812 3066 supra
824 3029 984 3064 indicataiest
1001 3030 1121 3064 exponit3
1141 3029 1293 3063 inuitosque
1308 3029 1398 3055 etiam·
1459 3028 1592 3057 Columel.
1626 3037 1651 3059 3,
1672 3029 1686 3053 6
1715 3029 1749 3053 Vt
1762 3037 1793 3054 ex
1807 3027 1848 3054 his
1861 3026 1978 3063 partibus
1992 3027 2078 3054 trunci
2092 3027 2237 3057 sumantur,
2251 3034 2317 3060 quae
2328 3026 2393 3058 eeg-

365 3080 429 3098 num
442 3075 528 3096 tamen
544 3068 684 3096 Troffulos
696 3067 797 3095 vocari.
835 3067 902 3093 Haec
915 3068 1006 3092 ultima
1026 3070 1051 3091 et
1070 3065 1171 3091 causam
1189 3080 1233 3085 --
1253 3066 1344 3091 vocari
1359 3073 1398 3090 ne-
1461 3067 1529 3097 sunt,
1541 3070 1566 3091 et
1579 3063 1692 3090 maxime
1705 3063 1814 3090 fertiles.
1913 3089 1915 3091 ,
1930 3063 1985 3090 Cic.
2000 3062 2031 3089 de
2039 3063 2114 3089 Orat.
2122 3070 2143 3093 3,
2153 3069 2199 3096 177
2217 3060 2290 3095 Qid
2303 3061 2329 3087 in
2340 3059 2393 3088 arb
2411 3070 2415 3080 ⁴

358 3107 414 3145 scio
428 3115 475 3140 qua
486 3105 568 3141 causa,
578 3111 640 3140 puto
651 3110 731 3130 tamen
745 3102 888 3139 oscitatione
904 3104 999 3137 potius,
1012 3110 1082 3135 quam
1094 3100 1202 3133 consilio,
1210 3099 1292 3133 omrfflt
1299 3101 1361 3135 sunt
1373 3103 1400 3125 in
1461 3101 1490 3127 in
1504 3100 1598 3134 quibus
1609 3107 1663 3125 non
1677 3104 1792 3131 truncus,
1805 3107 1859 3125 non
1872 3099 1950 3130 rami,
1963 3107 2017 3124 non
2029 3098 2094 3124 folia
2109 3097 2233 3131 denique,
2244 3096 2291 3123 nisi
2304 3096 2334 3123 ad
2345 3095 2369 3130 ss-

364 3142 471 3169 editione
484 3139 614 3167 Horduini
623 3138 764 3175 posteriore.
801 3137 924 3165 Addimus
937 3135 983 3169 {sia
997 3136 1071 3163 Non.
1085 3144 1102 3166 1,
1115 3144 1160 3167 2⁴0
1180 3136 1315 3167 Trofimi,
1334 3135 1401 3162 dieii
1461 3136 1572 3163 nendarn
1594 3134 1850 3169 conseruandamque
1876 3141 1996 3160 naturam
2009 3134 2018 3159 3
2125 3132 2235 3159 Arboris
2261 3131 2366 3159 acclinis*
2386 3144 2388 3155 ι

366 3179 426 3205 sunt
439 3176 580 3203 Torosuli.
598 3178 673 3203 Varr.
688 3173 875 3209 Sesquiulyffe.
896 3173 975 3199 Nunc
988 3176 1079 3198 emunt
1099 3170 1200 3197 trossuli
1218 3170 1301 3196 nardo
1320 3171 1400 3198 nitidi
1417 3172 1447 3202 85
1462 3173 1608 3206 Virg.Aen.
1623 3178 1659 3200 10,
1674 3175 1725 3203 835.
1832 3170 1943 3196 Arboris
1956 3169 2069 3196 obnixus
2083 3173 2178 3195 trunco
2202 3167 2276 3194 Idem
2288 3168 2374 3202 Θεοῖς.
2392 3191 2393 3194 ,
2430 3194 2434 3201 ,

365 3212 447 3247 vulgo
461 3212 550 3239 Attico
565 3211 663 3239 talento
676 3219 782 3246 equum.
816 3210 875 3235 Vct.
889 3208 931 3235 Gl.
945 3207 1078 3235 Trusulus
1091 3205 1103 3232 ὅ
1121 3206 1144 3232 ἓν
1153 3207 1232 3241 maneti?
1243 3204 1335 3240 παχύς.
1462 3208 1530 3235 Caui
1542 3206 1626 3233 trunci
1643 3206 1709 3232 Hor.
1723 3205 1811 3232 Carm.
1826 3214 1847 3237 ε,
1864 3213 1900 3237 19,
1916 3214 1952 3231 10.
2056 3203 2165 3230 Caelebs
2187 3203 2239 3230 fine
2258 3202 2360 3237 palmite
2378 3214 2383 3223 ·

1462 3243 1543 3271 Ouid.
1559 3243 1623 3269 Met.
1637 3250 1663 3272 4,
1677 3243 1737 3272 663.
1829 3240 1930 3266 Enodes
1943 3239 2030 3267 trunci
2050 3239 2125 3273 Virg.
2138 3239 2235 3274 Georg.
2249 3247 2273 3272 2,
2281 3243 2319 3272 78.
2355 3256 2357 3260 .
2392 3259 2393 3266 ,
2412 3257 2427 3266 .-

743 3283 777 3314 T
872 3282 901 3314 R
995 3280 1024 3311 V
1462 3288 1512 3305 nus
1525 3284 1629 3305 truncus
1648 3277 1714 3304 Hor.
1728 3275 1810 3303 Serm.
1825 3283 1844 3306 1,
1857 3282 1879 3306 8,
1895 3284 1913 3301 1.
2018 3275 2090 3302 Iners
2103 3280 2211 3301 truncus
2228 3274 2308 3301 Ouid.
2319 3274 2393 3302 Anu»

1463 3322 1499 3348 ις.
1601 3312 1719 3338 Sincerus
1734 3316 1856 3343 truncus,
1879 3312 1937 3337 Non
1955 3309 2032 3344 laesus
2053 3310 2135 3337 Ouid.
2150 3309 2182 3336 de
2194 3310 2270 3337 Nuce
2282 3317 2316 3341 35.
2382 3307 2385 3318 ''
2422 3314 2430 3333 ἴ

407 3360 429 3381 'r
440 3361 531 3387 RVA,
545 3361 582 3381 ae.
589 3353 610 3381 f.
628 3351 783 3386 Emiffarium
794 3351 899 3378 culinae.
934 3349 1039 3382 Tniae,
1051 3357 1117 3384 quae
1130 3357 1145 3375 a
1157 3349 1244 3376 culina
1257 3349 1285 3376 in
1298 3349 1403 3376 lauatri·
1410 3355 1446 3380 90
1462 3355 1500 3376 tes
1514 3347 1599 3375 trunci
1616 3348 1691 3381 Virg.
1706 3348 1768 3372 Aen.
1776 3348 1801 3378 6,
1810 3355 1863 3379 207.
1978 3345 2100 3372 Valentes
2113 3346 2201 3373 trunci
2220 3345 2292 3372 Idem
2304 3344 2350 3372 Ge
2370 3355 2374 3372 2
2392 3342 2393 3346 ¹
2413 3346 2420 3362 ⁷
2430 3354 2434 3362 ²

370 3400 432 3418 nam
451 3399 544 3424 aquam
564 3388 690 3419 fundunt,
709 3388 780 3422 quod
807 3386 922 3414 trauolat
941 3394 971 3412 ea
992 3394 1066 3420 aqua.
1102 3386 1180 3411 Varr.
1195 3384 1227 3411 de
1240 3385 1270 3413 L.
1284 3385 1315 3411 L.
1335 3395 1359 3418 4,
1372 3393 1402 3417 25
1464 3384 1548 3412 Recto
1567 3389 1660 3410 trunco
1680 3384 1705 3409 se
1722 3381 1843 3408 attollere
1868 3380 2019 3408 Ouid.Met.
2027 3390 2048 3413 7,
2056 3383 2119 3415 640.
2234 3379 2354 3408 Denudat
2373 3378 2386 3414 u]

369 3435 395 3460 p.
410 3435 448 3456 30,
462 3434 499 3458 14.
537 3424 576 3457 Est
589 3434 647 3461 ergo
664 3423 820 3458 entiffitrium,
834 3421 898 3458 quod
913 3422 962 3448 late
976 3428 1068 3455 patens
1080 3429 1107 3446 ea
1118 3427 1200 3455 parte,
1223 3430 1270 3455 qua
1282 3420 1404 3447 humorem
1464 3429 1531 3452 mos,
1543 3425 1568 3445 et
1583 3419 1680 3444 cortice
1694 3424 1799 3444 truncos
1826 3417 1881 3444 Cic.
1897 3418 1925 3443 in
1943 3417 2014 3442 Arat.
2028 3425 2077 3449 119.
2191 3416 2281 3443 Terra
2304 3422 2334 3442 ex
2351 3421 2380 3442 m

369 3460 480 3495 infusum
492 3464 592 3495 accipit,
606 3459 745 3496 angustiare
756 3459 840 3486 canali
853 3466 904 3484 eum
918 3459 1020 3483 emittit.
1057 3456 1123 3481 Huic
1127 3455 1220 3488 fimitis
1230 3456 1309 3482 Trua
1321 3457 1404 3491 lignea
1462 3456 1513 3483 mis
1526 3453 1675 3485 seminibus,
1683 3458 1767 3480 tantos
1780 3458 1885 3479 truncos
1899 3460 2038 3485 ramosque
2050 3456 2170 3486 procreat
2209 3451 2265 3479 Cic.
2288 3450 2319 3477 de
2340 3449 2384 3477 Seu
2412 3483 2413 3486 Ἴ
2432 3468 2434 3470 -

357 3496 509 3530 ‘coquorum
522 3496 633 3522 cochlear
645 3505 698 3522 cum
710 3496 781 3531 longo
795 3492 931 3520 manubrio.
963 3491 1107 3518 Titinnius
1119 3490 1185 3525 apud
1197 3491 1271 3518 Non.
1280 3499 1299 3522 1,
1312 3492 1344 3520 68
1361 3492 1403 3517 Sa·
1463 3501 1486 3519 c.
1500 3500 1533 3522 ις.
1726 3486 1747 3524 ff
1768 3496 1783 3515 2
1820 3489 1911 3524 Corpus
1922 3487 1971 3520 fine
1990 3488 2112 3520 manibus,
2133 3486 2240 3522 pedibus,
2261 3488 2340 3522 capite.
2351 3491 2374 3510 co

370 3531 470 3565 pientia
483 3529 643 3563 gubernator
658 3536 766 3564 torquet
780 3537 873 3555 nauem
887 3526 956 3555 haud
970 3526 1097 3554 valentia:
1114 3526 1200 3553 Cocus
1211 3535 1334 3561 magnum
1342 3526 1403 3553 ahe-
1415 3532 1449 3559 95
1464 3534 1526 3559 tum,
1538 3529 1641 3551 vocatur
1653 3522 1780 3550 Truncus
1793 3524 1912 3557 corporis
1932 3523 1987 3550 Cic.
1996 3530 2044 3557 pro
2054 3524 2125 3550 Rosc.
2134 3523 2248 3552 Com.28
2261 3531 2283 3548 c.
2292 3530 2325 3547 ιο.
2348 3541 2351 3550 ,
2363 3551 2370 3559 ·
2399 3543 2401 3546 .

371 3574 445 3595 num,
464 3565 568 3599 quando
582 3566 672 3598 seruit,
683 3566 766 3600 paulla
779 3564 898 3591 confutat
910 3570 976 3590 trua.
1467 3564 1532 3589 Aen.
1545 3569 1570 3592 2,
1579 3567 1620 3592 557
1655 3559 1722 3585 Iacet
1736 3558 1826 3593 iugens
1839 3560 1919 3586 litore
1934 3566 2057 3591 truncus,
2091 3557 2268 3592 Auulsumque
2279 3556 2380 3583 humens
2400 3582 2406 3588 .

412 3606 434 3627 T
448 3605 466 3625 R
482 3606 503 3625 v
517 3606 532 3625 L
544 3607 601 3633 LA,
620 3610 657 3628 ae.
678 3602 697 3628 f.
718 3600 819 3627 Dimin.
838 3596 958 3634 [oe'yyasls
970 3599 1043 3632 γένος]
1059 3597 1147 3623 Varro
1158 3596 1189 3623 de
1203 3596 1233 3623 L.
1249 3596 1280 3623 L.
1294 3606 1322 3630 4,
1336 3604 1366 3629 ις
1377 3606 1402 3631 Ρ.
1465 3603 1492 3624 et
1505 3597 1556 3624 sine
1569 3594 1676 3621 nomine
1689 3603 1791 3627 corpus.
1907 3594 2057 3626 Ibid.9,332
2076 3593 2153 3620 Tum
2167 3598 2243 3628 caput
2254 3592 2298 3628 ipsi
2309 3588 2380 3618 aufert
2398 3599 2421 3621 ;'

372 3644 414 3669 30,
430 3644 455 3662 η
475 3635 574 3662 Trulla
586 3645 600 3661 a
613 3636 783 3663 similitudine
795 3642 878 3667 truse,
891 3643 957 3669 quac
971 3633 1042 3668 quod
1055 3641 1146 3666 magna
1159 3638 1184 3658 et
1195 3631 1258 3658 haec
1271 3633 1362 3666 pusilla
1374 3638 1403 3659 vt
1465 3642 1512 3665 no,
1525 3638 1698 3663 truncumque
1711 3629 1839 3664 relinquit
1876 3630 2004 3665 Sanguine
2018 3628 2208 3662 singultantem.
2310 3627 2404 3659 Qfflffl‘

372 3671 468 3702 truula,
481 3671 550 3697 Hinc
563 3671 657 3698 Graeci
670 3673 791 3706 τρυβλίον,
809 3679 857 3697 nos
870 3670 1007 3697 Trullam.
1044 3669 1123 3695 Etiam
1137 3667 1244 3702 abstenir
1258 3667 1401 3730 usibus-‘ser-
1464 3668 1503 3703 gii
1515 3668 1624 3694 Teucro
1637 3664 1779 3692 manabunt
1793 3665 1916 3700 sanguiue
1931 3664 2018 3692 trunci
2035 3663 2131 3691 Catull.
2165 3667 2183 3691 i.
2196 3665 2305 3691 truncati
2315 3660 2391 3690 bomin
2408 3663 2413 3675 '¹

372 3706 466 3733 viehat.
502 3707 595 3732 quen.
608 3706 657 3732 Sat.
670 3714 694 3738 3,
707 3713 750 3736 108
771 3707 798 3734 Si
814 3705 893 3732 trulla
908 3705 1013 3732 inuerso
1026 3702 1156 3738 crepitum
1170 3702 1243 3729 dedit
1255 3712 1334 3730 aurea
1354 3712 1400 3730 un·
1410 3707 1459 3727 100
1470 3702 1535 3737 Vqffi
1546 3701 1580 3729 ad
1592 3700 1617 3727 h.
1631 3701 1649 3726 I.
1665 3707 1688 3734 p.
1701 3710 1757 3733 ²45·
1874 3701 1975 3728 Lucret-
1989 3708 2010 3732 3,
2022 3706 2068 3732 405
2392 3690 2410 3732 ¹5.
2430 3717 2433 3721 .

373 3741 409 3767 do
471 3742 522 3767 Hic
533 3741 641 3771 Trulla,
660 3742 710 3767 Vax
719 3745 747 3767 in
759 3751 804 3776 quo
818 3744 915 3767 veneris
933 3750 993 3768 onus
1013 3738 1151 3776 deponitur.
1202 3738 1316 3765 Martial.
1330 3747 1357 3771 9,
1370 3743 1402 3771 98
1567 3735 1695 3768 Qiamuis
1708 3736 1743 3761 est
1757 3736 1855 3763 circum
1869 3736 1944 3763 caesis
1958 3736 2025 3762 lacer
2037 3733 2155 3769 vndique
2165 3733 2302 3761 membris:
2391 3718 2424 3760 ⁵7*

372 3776 490 3802 Clinicus
501 3776 620 3804 Herodes
633 3776 739 3803 trullam
746 3777 901 3804 subduxerat
908 3784 997 3810 aegro.
1065 3773 1175 3806 Trulla,
1189 3774 1271 3800 Genus
1282 3772 1316 3807 est
1329 3774 1404 3807 valis,
1567 3772 1704 3803 Truncus,
1718 3771 1818 3798 ademta
1831 3772 1928 3804 anima,
1942 3771 2041 3797 circum
2058 3768 2237 3804 membrisque
2248 3765 2362 3797 remotifl,
2392 3761 2434 3804 ἔθ’

367 3810 412 3846 jeu
419 3814 502 3851 poculi
516 3815 621 3844 vinarii,
639 3818 667 3838 vt
678 3812 788 3838 declarat
823 3813 879 3839 Cic.
899 3813 976 3839 Verr.
988 3820 1016 3844 4,
1028 3811 1061 3837 62
1073 3819 1094 3835 c.
1106 3817 1141 3843 27
1154 3815 1219 3836 extr.
1255 3810 1316 3836 Erat
1328 3809 1400 3836 enim
1567 3806 1642 3833 Viuit
1655 3813 1679 3832 et
1692 3807 1821 3833 aetherias
1837 3807 1929 3834 vitales
1941 3805 2047 3839 suscipit
2061 3813 2136 3831 auras
2149 3812 2195 3831 etc.

372 3853 418 3885 vas
431 3847 565 3874 vinarium
578 3856 610 3875 ex
627 3856 679 3874 vna
697 3855 797 3882 gemma
815 3847 987 3882 praegrandi,
1006 3845 1086 3872 trulla
1102 3850 1225 3871 excauata
1238 3853 1297 3870 cum
1309 3853 1400 3871 manu.
1461 3843 1591 3871 Informes
1614 3842 1701 3868 trunci
1737 3843 1834 3870 Lucan.
1851 3851 1874 3875 2,
1890 3848 1943 3875 189.
2135 3837 2158 3902 F
2177 3848 2189 3871 3
2225 3835 2328 3873 Metapb-
2358 3829 2388 3858 Ἢ

372 3878 434 3908 bno
447 3889 535 3910 aureo.
571 3885 665 3920 Nempe
677 3886 706 3910 in
718 3882 764 3913 boc
769 3882 871 3919 formae
883 3883 979 3912 Truae
990 3887 1014 3909 et
1027 3879 1143 3909 Trullae
1154 3878 1226 3916 ingſje
1237 3879 1355 3915 videtur,
1372 3886 1402 3909 vt
1412 3883 1454 3913 ¹05
1462 3884 1541 3914 atque
1554 3877 1642 3911 stipes,
1650 3884 1696 3913 pro
1710 3876 1928 3914 Hominestupido.
1995 3874 2051 3903 Cic.
2063 3874 2093 3902 in
2103 3874 2133 3903 Pi
2146 3884 2190 3902 on.
2205 3882 2233 3908 19
2244 3881 2287 3908 c.9
2307 3867 2350 3898 Sed
2363 3873 2425 3920 11ῑῶ
