<?xml version="1.0" encoding="UTF-8"?>
<!DOCTYPE html PUBLIC "-//W3C//DTD XHTML 1.0 Transitional//EN"
    "http://www.w3.org/TR/xhtml1/DTD/xhtml1-transitional.dtd">
<html xmlns="http://www.w3.org/1999/xhtml" xml:lang="en" lang="en">
 <head>
  <title>
</title>
<meta http-equiv="Content-Type" content="text/html;charset=utf-8" />
  <meta name='ocr-system' content='tesseract 3.04.00' />
  <meta name='ocr-capabilities' content='ocr_page ocr_carea ocr_par ocr_line ocrx_word'/>
</head>
<body>
  <div class='ocr_page' id='page_1' title='image "./lta-11000/novuslinguaeeter04gesn/novuslinguaeeter04gesn_0072.png"; bbox 0 0 2434 4156; ppageno 0'>
   <div class='ocr_carea' id='block_1_1' title="bbox 211 83 858 146">
    <p class='ocr_par' dir='ltr' id='par_1_1' title="bbox 211 83 858 146">
     <span class='ocr_line' id='line_1_1' title="bbox 211 83 858 146; baseline -0.017 -11"><span class='ocrx_word' id='word_1_1' title='bbox 211 105 266 146; x_wconf 81' lang='lat'>131</span> <span class='ocrx_word' id='word_1_2' title='bbox 583 84 614 126; x_wconf 91' lang='lat' dir='ltr'><strong>R</strong></span> <span class='ocrx_word' id='word_1_3' title='bbox 701 83 858 126; x_wconf 88' lang='lat' dir='ltr'>EG</span> 
     </span>
    </p>
   </div>
   <div class='ocr_carea' id='block_1_2' title="bbox 204 168 1262 887">
    <p class='ocr_par' dir='ltr' id='par_1_2' title="bbox 212 168 1262 350">
     <span class='ocr_line' id='line_1_2' title="bbox 216 168 1262 215; baseline -0.011 -9"><span class='ocrx_word' id='word_1_4' title='bbox 216 182 326 215; x_wconf 80' lang='lat' dir='ltr'>denegat</span> <span class='ocrx_word' id='word_1_5' title='bbox 339 183 363 203; x_wconf 83' lang='lat' dir='ltr'>et</span> <span class='ocrx_word' id='word_1_6' title='bbox 377 175 477 202; x_wconf 85' lang='lat' dir='ltr'>iurauit</span> <span class='ocrx_word' id='word_1_7' title='bbox 489 175 630 207; x_wconf 85' lang='lat' dir='ltr'>morbum,</span> <span class='ocrx_word' id='word_1_8' title='bbox 650 181 675 202; x_wconf 84' lang='lat' dir='ltr'>et</span> <span class='ocrx_word' id='word_1_9' title='bbox 690 174 756 201; x_wconf 85' lang='lat' dir='ltr'>illud</span> <span class='ocrx_word' id='word_1_10' title='bbox 774 175 849 201; x_wconf 89' lang='lat' dir='ltr'>suum</span> <span class='ocrx_word' id='word_1_11' title='bbox 862 181 971 207; x_wconf 78' lang='lat' dir='ltr'>regnum</span> <span class='ocrx_word' id='word_1_12' title='bbox 989 171 1113 198; x_wconf 81' lang='lat' dir='ltr'>iudiciale</span> <span class='ocrx_word' id='word_1_13' title='bbox 1130 168 1262 204; x_wconf 84' lang='lat' dir='ltr'>opposuit.</span> 
     </span>
     <span class='ocr_line' id='line_1_3' title="bbox 215 203 1262 247; baseline -0.012 -4"><span class='ocrx_word' id='word_1_14' title='bbox 215 217 271 243; x_wconf 83' lang='lat' dir='ltr'>Cic.</span> <span class='ocrx_word' id='word_1_15' title='bbox 286 216 336 240; x_wconf 85' lang='lat' dir='ltr'>Att.</span> <span class='ocrx_word' id='word_1_16' title='bbox 351 220 392 244; x_wconf 89' lang='lat'>14,</span> <span class='ocrx_word' id='word_1_17' title='bbox 408 219 434 247; x_wconf 73' lang='lat' dir='ltr'>y¹7</span> <span class='ocrx_word' id='word_1_18' title='bbox 454 212 512 238; x_wconf 76' lang='lat' dir='ltr'>1³0st</span> <span class='ocrx_word' id='word_1_19' title='bbox 526 212 554 238; x_wconf 89' lang='lat' dir='ltr'>in</span> <span class='ocrx_word' id='word_1_20' title='bbox 568 213 684 239; x_wconf 83' lang='lat' dir='ltr'>Cumana</span> <span class='ocrx_word' id='word_1_21' title='bbox 697 216 723 237; x_wconf 87' lang='lat' dir='ltr'>et</span> <span class='ocrx_word' id='word_1_22' title='bbox 737 210 828 237; x_wconf 87' lang='lat' dir='ltr'>Puteol</span> <span class='ocrx_word' id='word_1_23' title='bbox 840 218 878 234; x_wconf 64' lang='lat' dir='ltr'>ina</span> <span class='ocrx_word' id='word_1_24' title='bbox 892 217 970 242; x_wconf 82' lang='lat' dir='ltr'>regna</span> <span class='ocrx_word' id='word_1_25' title='bbox 984 208 1143 240; x_wconf 71' lang='lat' dir='ltr'>renauigarc.</span> <span class='ocrx_word' id='word_1_26' title='bbox 1187 203 1262 230; x_wconf 85' lang='lat' dir='ltr'>Idem</span> 
     </span>
     <span class='ocr_line' id='line_1_4' title="bbox 215 240 1261 282; baseline -0.011 -5"><span class='ocrx_word' id='word_1_27' title='bbox 215 253 286 279; x_wconf 83' lang='lat' dir='ltr'>Fam.</span> <span class='ocrx_word' id='word_1_28' title='bbox 306 256 332 279; x_wconf 88' lang='lat'>9,</span> <span class='ocrx_word' id='word_1_29' title='bbox 352 252 378 277; x_wconf 86' lang='lat'>18</span> <span class='ocrx_word' id='word_1_30' title='bbox 387 253 432 282; x_wconf 75' lang='lat' dir='ltr'>pr.</span> <span class='ocrx_word' id='word_1_31' title='bbox 450 248 549 274; x_wconf 80' lang='lat' dir='ltr'>Amisso</span> <span class='ocrx_word' id='word_1_32' title='bbox 562 246 659 274; x_wconf 87' lang='lat' dir='ltr'>forensi</span> <span class='ocrx_word' id='word_1_33' title='bbox 674 256 710 272; x_wconf 57' lang='lat' dir='ltr'>rct</span> <span class='ocrx_word' id='word_1_34' title='bbox 720 254 765 271; x_wconf 89' lang='lat' dir='ltr'>no.</span> <span class='ocrx_word' id='word_1_35' title='bbox 807 245 866 271; x_wconf 64' lang='lat' dir='ltr'>Vni.</span> <span class='ocrx_word' id='word_1_36' title='bbox 884 249 1047 270; x_wconf 63' lang='grc' dir='ltr'><strong>ιΜΡιῐεζινΜ</strong></span> <span class='ocrx_word' id='word_1_37' title='bbox 1069 251 1094 267; x_wconf 87' lang='lat' dir='ltr'>ii.</span> <span class='ocrx_word' id='word_1_38' title='bbox 1107 248 1129 273; x_wconf 77' lang='grc' dir='ltr'>ς.</span> <span class='ocrx_word' id='word_1_39' title='bbox 1223 240 1261 265; x_wconf 78' lang='lat' dir='ltr'>De</span> 
     </span>
     <span class='ocr_line' id='line_1_5' title="bbox 213 272 1261 319; baseline -0.008 -12"><span class='ocrx_word' id='word_1_40' title='bbox 213 282 399 316; x_wconf 68' lang='lat' dir='ltr'>Poffiffionibus</span> <span class='ocrx_word' id='word_1_41' title='bbox 415 286 521 319; x_wconf 77' lang='lat' dir='ltr'><em>exiguis.</em></span> <span class='ocrx_word' id='word_1_42' title='bbox 576 283 652 316; x_wconf 82' lang='lat' dir='ltr'>Virg.</span> <span class='ocrx_word' id='word_1_43' title='bbox 668 282 720 308; x_wconf 62' lang='lat' dir='ltr'>Ecl.</span> <span class='ocrx_word' id='word_1_44' title='bbox 735 289 755 311; x_wconf 88' lang='lat'>1,</span> <span class='ocrx_word' id='word_1_45' title='bbox 770 288 805 314; x_wconf 88' lang='lat'>70</span> <span class='ocrx_word' id='word_1_46' title='bbox 823 279 880 305; x_wconf 89' lang='lat' dir='ltr'>Post</span> <span class='ocrx_word' id='word_1_47' title='bbox 893 279 996 313; x_wconf 78' lang='lat' dir='ltr'>aliquot</span> <span class='ocrx_word' id='word_1_48' title='bbox 1007 286 1064 303; x_wconf 84' lang='lat' dir='ltr'>mea</span> <span class='ocrx_word' id='word_1_49' title='bbox 1076 282 1155 309; x_wconf 86' lang='lat' dir='ltr'>regna</span> <span class='ocrx_word' id='word_1_50' title='bbox 1168 272 1261 300; x_wconf 88' lang='lat' dir='ltr'>videns</span> 
     </span>
     <span class='ocr_line' id='line_1_6' title="bbox 212 313 1227 350; baseline -0.011 -5"><span class='ocrx_word' id='word_1_51' title='bbox 212 318 332 346; x_wconf 78' lang='lat' dir='ltr'>mirabor</span> <span class='ocrx_word' id='word_1_52' title='bbox 345 318 445 344; x_wconf 84' lang='lat' dir='ltr'>aristas.</span> <span class='ocrx_word' id='word_1_53' title='bbox 485 318 545 347; x_wconf 76' lang='lat' dir='ltr'>Vid.</span> <span class='ocrx_word' id='word_1_54' title='bbox 559 317 693 350; x_wconf 63' lang='lat' dir='ltr'>Quinctil.</span> <span class='ocrx_word' id='word_1_55' title='bbox 707 316 824 342; x_wconf 81' lang='lat' dir='ltr'>Declam.</span> <span class='ocrx_word' id='word_1_56' title='bbox 839 323 872 347; x_wconf 84' lang='lat'>13,</span> <span class='ocrx_word' id='word_1_57' title='bbox 886 323 907 340; x_wconf 83' lang='lat'>2.</span> <span class='ocrx_word' id='word_1_58' title='bbox 945 320 968 340; x_wconf 74' lang='lat' dir='ltr'>et</span> <span class='ocrx_word' id='word_1_59' title='bbox 982 313 1018 339; x_wconf 81' lang='lat' dir='ltr'>ibi</span> <span class='ocrx_word' id='word_1_60' title='bbox 1032 313 1120 338; x_wconf 83' lang='lat' dir='ltr'>Burin.</span> <span class='ocrx_word' id='word_1_61' title='bbox 1135 319 1159 343; x_wconf 89' lang='lat' dir='ltr'>p.</span> <span class='ocrx_word' id='word_1_62' title='bbox 1168 318 1227 343; x_wconf 81' lang='lat'>272.</span> 
     </span>
    </p>

    <p class='ocr_par' dir='ltr' id='par_1_3' title="bbox 204 345 1262 887">
     <span class='ocr_line' id='line_1_7' title="bbox 248 345 1262 388; baseline -0.012 -8"><span class='ocrx_word' id='word_1_63' title='bbox 248 360 267 379; x_wconf 90' lang='lat' dir='ltr'><strong>R</strong></span> <span class='ocrx_word' id='word_1_64' title='bbox 277 359 398 385; x_wconf 81' lang='lat' dir='ltr'>EGNQ,</span> <span class='ocrx_word' id='word_1_65' title='bbox 413 357 466 380; x_wconf 69' lang='lat' dir='ltr'>are.</span> <span class='ocrx_word' id='word_1_66' title='bbox 503 353 660 388; x_wconf 70' lang='grc' dir='ltr'>[βασιλεύω,</span> <span class='ocrx_word' id='word_1_67' title='bbox 677 352 793 384; x_wconf 56' lang='lat' dir='ltr'>driaco]</span> <span class='ocrx_word' id='word_1_68' title='bbox 830 351 941 384; x_wconf 74' lang='lat' dir='ltr'>Regnum</span> <span class='ocrx_word' id='word_1_69' title='bbox 968 347 1087 384; x_wconf 69' lang='lat' dir='ltr'>poffidere</span> <span class='ocrx_word' id='word_1_70' title='bbox 1111 351 1135 370; x_wconf 77' lang='lat' dir='ltr'>et</span> <span class='ocrx_word' id='word_1_71' title='bbox 1155 345 1262 371; x_wconf 79' lang='lat' dir='ltr'>admini-</span> 
     </span>
     <span class='ocr_line' id='line_1_8' title="bbox 204 380 1260 422; baseline -0.009 -7"><span class='ocrx_word' id='word_1_72' title='bbox 204 387 300 422; x_wconf 78' lang='lat' dir='ltr'>strare.</span> <span class='ocrx_word' id='word_1_73' title='bbox 349 389 404 416; x_wconf 86' lang='lat' dir='ltr'>Cic.</span> <span class='ocrx_word' id='word_1_74' title='bbox 420 390 491 416; x_wconf 89' lang='lat' dir='ltr'>Fani.</span> <span class='ocrx_word' id='word_1_75' title='bbox 507 397 542 421; x_wconf 79' lang='grc' dir='ltr'>ις,</span> <span class='ocrx_word' id='word_1_76' title='bbox 558 397 570 414; x_wconf 88' lang='lat'>2</span> <span class='ocrx_word' id='word_1_77' title='bbox 598 388 677 415; x_wconf 88' lang='lat' dir='ltr'>Illum</span> <span class='ocrx_word' id='word_1_78' title='bbox 697 387 849 413; x_wconf 78' lang='lat' dir='ltr'>cohortatus</span> <span class='ocrx_word' id='word_1_79' title='bbox 863 386 936 417; x_wconf 87' lang='lat' dir='ltr'>suni,</span> <span class='ocrx_word' id='word_1_80' title='bbox 951 391 979 411; x_wconf 90' lang='lat' dir='ltr'>vt</span> <span class='ocrx_word' id='word_1_81' title='bbox 992 384 1020 409; x_wconf 88' lang='lat' dir='ltr'>in</span> <span class='ocrx_word' id='word_1_82' title='bbox 1035 382 1087 407; x_wconf 86' lang='lat' dir='ltr'>vita</span> <span class='ocrx_word' id='word_1_83' title='bbox 1102 380 1147 406; x_wconf 85' lang='lat' dir='ltr'>sua</span> <span class='ocrx_word' id='word_1_84' title='bbox 1158 380 1260 406; x_wconf 80' lang='lat' dir='ltr'>conser-</span> 
     </span>
     <span class='ocr_line' id='line_1_9' title="bbox 211 414 1261 458; baseline -0.011 -7"><span class='ocrx_word' id='word_1_85' title='bbox 211 425 298 451; x_wconf 82' lang='lat' dir='ltr'>vanda</span> <span class='ocrx_word' id='word_1_86' title='bbox 315 425 432 458; x_wconf 87' lang='lat' dir='ltr'>primum</span> <span class='ocrx_word' id='word_1_87' title='bbox 453 433 563 458; x_wconf 80' lang='lat' dir='ltr'>regnare</span> <span class='ocrx_word' id='word_1_88' title='bbox 584 423 716 449; x_wconf 78' lang='lat' dir='ltr'>disceret:</span> <span class='ocrx_word' id='word_1_89' title='bbox 751 430 767 448; x_wconf 75' lang='lat' dir='ltr'>a</span> <span class='ocrx_word' id='word_1_90' title='bbox 787 421 883 456; x_wconf 78' lang='lat' dir='ltr'>quibus</span> <span class='ocrx_word' id='word_1_91' title='bbox 904 418 1067 454; x_wconf 75' lang='lat' dir='ltr'>perspexisset</span> <span class='ocrx_word' id='word_1_92' title='bbox 1088 414 1137 442; x_wconf 86' lang='lat' dir='ltr'>fibi</span> <span class='ocrx_word' id='word_1_93' title='bbox 1157 414 1261 441; x_wconf 83' lang='lat' dir='ltr'>infidias</span> 
     </span>
     <span class='ocr_line' id='line_1_10' title="bbox 211 449 1260 494; baseline -0.01 -8"><span class='ocrx_word' id='word_1_94' title='bbox 211 466 328 494; x_wconf 81' lang='lat' dir='ltr'>paratas,</span> <span class='ocrx_word' id='word_1_95' title='bbox 346 460 374 486; x_wconf 91' lang='lat' dir='ltr'>iii</span> <span class='ocrx_word' id='word_1_96' title='bbox 387 469 420 486; x_wconf 86' lang='lat' dir='ltr'>co</span> <span class='ocrx_word' id='word_1_97' title='bbox 433 466 552 487; x_wconf 84' lang='lat' dir='ltr'>vteretur</span> <span class='ocrx_word' id='word_1_98' title='bbox 564 459 623 485; x_wconf 84' lang='lat' dir='ltr'>iure</span> <span class='ocrx_word' id='word_1_99' title='bbox 639 458 723 492; x_wconf 81' lang='lat' dir='ltr'>regio.</span> <span class='ocrx_word' id='word_1_100' title='bbox 829 456 903 482; x_wconf 82' lang='lat' dir='ltr'>Ideni</span> <span class='ocrx_word' id='word_1_101' title='bbox 916 464 964 489; x_wconf 88' lang='lat' dir='ltr'>pro</span> <span class='ocrx_word' id='word_1_102' title='bbox 984 455 1051 485; x_wconf 72' lang='lat' dir='ltr'>Lege</span> <span class='ocrx_word' id='word_1_103' title='bbox 1066 450 1158 478; x_wconf 86' lang='lat' dir='ltr'>Manil.</span> <span class='ocrx_word' id='word_1_104' title='bbox 1174 458 1191 485; x_wconf 88' lang='lat'>7</span> <span class='ocrx_word' id='word_1_105' title='bbox 1212 449 1260 476; x_wconf 83' lang='lat' dir='ltr'>Sed</span> 
     </span>
     <span class='ocr_line' id='line_1_11' title="bbox 212 487 1261 530; baseline -0.011 -7"><span class='ocrx_word' id='word_1_106' title='bbox 212 494 245 522; x_wconf 75' lang='lat' dir='ltr'>ab</span> <span class='ocrx_word' id='word_1_107' title='bbox 259 495 307 522; x_wconf 88' lang='lat' dir='ltr'>illo</span> <span class='ocrx_word' id='word_1_108' title='bbox 320 502 439 530; x_wconf 84' lang='lat' dir='ltr'>tempore</span> <span class='ocrx_word' id='word_1_109' title='bbox 452 504 548 522; x_wconf 88' lang='lat' dir='ltr'>annum</span> <span class='ocrx_word' id='word_1_110' title='bbox 565 496 617 521; x_wconf 84' lang='lat' dir='ltr'>iam</span> <span class='ocrx_word' id='word_1_111' title='bbox 629 494 738 520; x_wconf 80' lang='lat' dir='ltr'>tertium</span> <span class='ocrx_word' id='word_1_112' title='bbox 752 498 778 518; x_wconf 85' lang='lat' dir='ltr'>et</span> <span class='ocrx_word' id='word_1_113' title='bbox 790 491 943 518; x_wconf 81' lang='lat' dir='ltr'>vicesimum</span> <span class='ocrx_word' id='word_1_114' title='bbox 957 494 1064 523; x_wconf 83' lang='lat' dir='ltr'>regnat,</span> <span class='ocrx_word' id='word_1_115' title='bbox 1074 492 1099 513; x_wconf 88' lang='lat' dir='ltr'>et</span> <span class='ocrx_word' id='word_1_116' title='bbox 1113 487 1149 513; x_wconf 87' lang='lat' dir='ltr'>ita</span> <span class='ocrx_word' id='word_1_117' title='bbox 1160 490 1261 520; x_wconf 85' lang='lat' dir='ltr'>regnat,</span> 
     </span>
     <span class='ocr_line' id='line_1_12' title="bbox 213 521 1261 563; baseline -0.01 -6"><span class='ocrx_word' id='word_1_118' title='bbox 213 537 259 558; x_wconf 80' lang='lat' dir='ltr'>etc.</span> <span class='ocrx_word' id='word_1_119' title='bbox 331 531 403 558; x_wconf 90' lang='lat' dir='ltr'>Tam</span> <span class='ocrx_word' id='word_1_120' title='bbox 416 531 518 563; x_wconf 80' lang='lat' dir='ltr'>fatuus,</span> <span class='ocrx_word' id='word_1_121' title='bbox 538 538 565 557; x_wconf 87' lang='lat' dir='ltr'>vt</span> <span class='ocrx_word' id='word_1_122' title='bbox 579 531 659 557; x_wconf 75' lang='lat' dir='ltr'>ctiam</span> <span class='ocrx_word' id='word_1_123' title='bbox 679 536 789 563; x_wconf 83' lang='lat' dir='ltr'>regnare</span> <span class='ocrx_word' id='word_1_124' title='bbox 803 526 875 561; x_wconf 83' lang='lat' dir='ltr'>poffit</span> <span class='ocrx_word' id='word_1_125' title='bbox 895 527 952 552; x_wconf 71' lang='lat' dir='ltr'>sen.</span> <span class='ocrx_word' id='word_1_126' title='bbox 966 525 994 550; x_wconf 90' lang='lat' dir='ltr'>in</span> <span class='ocrx_word' id='word_1_127' title='bbox 1006 522 1148 557; x_wconf 81' lang='lat' dir='ltr'>Apocoloc.</span> <span class='ocrx_word' id='word_1_128' title='bbox 1234 521 1261 547; x_wconf 87' lang='lat' dir='ltr'>Si</span> 
     </span>
     <span class='ocr_line' id='line_1_13' title="bbox 213 557 1261 602; baseline -0.01 -10"><span class='ocrx_word' id='word_1_129' title='bbox 213 566 329 601; x_wconf 73' lang='lat' dir='ltr'>iudicas,</span> <span class='ocrx_word' id='word_1_130' title='bbox 349 569 475 602; x_wconf 83' lang='lat' dir='ltr'>cognosce</span> <span class='ocrx_word' id='word_1_131' title='bbox 492 578 498 593; x_wconf 69' lang='grc' dir='ltr'><strong>ι</strong></span> <span class='ocrx_word' id='word_1_132' title='bbox 534 566 552 592; x_wconf 86' lang='lat' dir='ltr'><strong>fi</strong></span> <span class='ocrx_word' id='word_1_133' title='bbox 567 575 674 600; x_wconf 85' lang='lat' dir='ltr'>regnas,</span> <span class='ocrx_word' id='word_1_134' title='bbox 696 564 758 590; x_wconf 87' lang='lat' dir='ltr'>iube</span> <span class='ocrx_word' id='word_1_135' title='bbox 776 564 863 589; x_wconf 86' lang='lat' dir='ltr'>Senec.</span> <span class='ocrx_word' id='word_1_136' title='bbox 877 560 971 588; x_wconf 60' lang='lat' dir='ltr'>Medea</span> <span class='ocrx_word' id='word_1_137' title='bbox 986 567 1040 591; x_wconf 87' lang='lat'>194.</span> <span class='ocrx_word' id='word_1_138' title='bbox 1117 557 1261 584; x_wconf 83' lang='lat' dir='ltr'>Meditatus</span> 
     </span>
     <span class='ocr_line' id='line_1_14' title="bbox 214 594 1261 637; baseline -0.011 -8"><span class='ocrx_word' id='word_1_139' title='bbox 214 602 251 629; x_wconf 85' lang='lat' dir='ltr'>est</span> <span class='ocrx_word' id='word_1_140' title='bbox 263 611 389 637; x_wconf 83' lang='lat' dir='ltr'>regnare,</span> <span class='ocrx_word' id='word_1_141' title='bbox 427 604 590 637; x_wconf 82' lang='lat' dir='ltr'>impotenter</span> <span class='ocrx_word' id='word_1_142' title='bbox 603 609 729 635; x_wconf 81' lang='lat' dir='ltr'>regnare,</span> <span class='ocrx_word' id='word_1_143' title='bbox 765 598 819 625; x_wconf 77' lang='lat' dir='ltr'>vid.</span> <span class='ocrx_word' id='word_1_144' title='bbox 832 599 873 624; x_wconf 79' lang='lat' dir='ltr'>hh.</span> <span class='ocrx_word' id='word_1_145' title='bbox 887 597 912 623; x_wconf 73' lang='lat' dir='ltr'>ll.</span> <span class='ocrx_word' id='word_1_146' title='bbox 1021 594 1089 620; x_wconf 85' lang='lat' dir='ltr'>Hor.</span> <span class='ocrx_word' id='word_1_147' title='bbox 1104 594 1224 625; x_wconf 84' lang='lat' dir='ltr'>Carm.2,</span> <span class='ocrx_word' id='word_1_148' title='bbox 1234 601 1261 624; x_wconf 83' lang='lat'>2,</span> 
     </span>
     <span class='ocr_line' id='line_1_15' title="bbox 213 628 1260 672; baseline -0.011 -7"><span class='ocrx_word' id='word_1_149' title='bbox 213 646 231 672; x_wconf 90' lang='lat'>9</span> <span class='ocrx_word' id='word_1_150' title='bbox 250 638 341 665; x_wconf 85' lang='lat' dir='ltr'>Latius</span> <span class='ocrx_word' id='word_1_151' title='bbox 354 647 447 672; x_wconf 77' lang='lat' dir='ltr'>regnes</span> <span class='ocrx_word' id='word_1_152' title='bbox 460 638 569 665; x_wconf 85' lang='lat' dir='ltr'>auidum</span> <span class='ocrx_word' id='word_1_153' title='bbox 583 636 715 663; x_wconf 89' lang='lat' dir='ltr'>domando</span> <span class='ocrx_word' id='word_1_154' title='bbox 729 634 873 668; x_wconf 72' lang='lat' dir='ltr'>Spiritum,</span> <span class='ocrx_word' id='word_1_155' title='bbox 894 638 972 665; x_wconf 88' lang='lat' dir='ltr'>quam</span> <span class='ocrx_word' id='word_1_156' title='bbox 985 629 1003 655; x_wconf 81' lang='lat' dir='ltr'>fi</span> <span class='ocrx_word' id='word_1_157' title='bbox 1023 635 1067 656; x_wconf 82' lang='lat' dir='ltr'>etc.</span> <span class='ocrx_word' id='word_1_158' title='bbox 1085 637 1092 639; x_wconf 88' lang='lat'><em>·</em></span> <span class='ocrx_word' id='word_1_159' title='bbox 1158 630 1189 655; x_wconf 91' lang='lat' dir='ltr'>In</span> <span class='ocrx_word' id='word_1_160' title='bbox 1202 628 1260 654; x_wconf 87' lang='lat' dir='ltr'>otio</span> 
     </span>
     <span class='ocr_line' id='line_1_16' title="bbox 214 674 581 708; baseline -0.005 -8"><span class='ocrx_word' id='word_1_161' title='bbox 214 674 273 700; x_wconf 87' lang='lat' dir='ltr'>Sen.</span> <span class='ocrx_word' id='word_1_162' title='bbox 288 675 366 700; x_wconf 84' lang='lat' dir='ltr'>Herc.</span> <span class='ocrx_word' id='word_1_163' title='bbox 381 675 440 700; x_wconf 73' lang='lat' dir='ltr'>Fur.</span> <span class='ocrx_word' id='word_1_164' title='bbox 456 681 472 708; x_wconf 88' lang='lat'><em>7</em></span> <span class='ocrx_word' id='word_1_165' title='bbox 486 683 510 700; x_wconf 91' lang='lat' dir='ltr'>v.</span> <span class='ocrx_word' id='word_1_166' title='bbox 524 675 581 706; x_wconf 90' lang='lat'>526.</span> 
     </span>
     <span class='ocr_line' id='line_1_17' title="bbox 213 699 1261 744; baseline -0.011 -8"><span class='ocrx_word' id='word_1_167' title='bbox 213 718 295 744; x_wconf 85' lang='lat' dir='ltr'>gnare</span> <span class='ocrx_word' id='word_1_168' title='bbox 322 710 390 736; x_wconf 81' lang='lat' dir='ltr'>Hor.</span> <span class='ocrx_word' id='word_1_169' title='bbox 405 711 493 737; x_wconf 82' lang='lat' dir='ltr'>Carin.</span> <span class='ocrx_word' id='word_1_170' title='bbox 508 718 528 741; x_wconf 80' lang='lat'>3,</span> <span class='ocrx_word' id='word_1_171' title='bbox 543 717 564 741; x_wconf 85' lang='lat'>5,</span> <span class='ocrx_word' id='word_1_172' title='bbox 578 716 597 734; x_wconf 88' lang='lat'>1.</span> <span class='ocrx_word' id='word_1_173' title='bbox 667 705 772 734; x_wconf 90' lang='lat' dir='ltr'>Mundo</span> <span class='ocrx_word' id='word_1_174' title='bbox 806 711 890 731; x_wconf 85' lang='lat' dir='ltr'>vacuo</span> <span class='ocrx_word' id='word_1_175' title='bbox 928 701 985 727; x_wconf 81' lang='lat' dir='ltr'>Sen.</span> <span class='ocrx_word' id='word_1_176' title='bbox 1009 701 1089 727; x_wconf 85' lang='lat' dir='ltr'>Herc.</span> <span class='ocrx_word' id='word_1_177' title='bbox 1112 701 1174 726; x_wconf 85' lang='lat' dir='ltr'>Fur.</span> <span class='ocrx_word' id='word_1_178' title='bbox 1200 699 1218 724; x_wconf 90' lang='lat' dir='ltr'>s.</span> <span class='ocrx_word' id='word_1_179' title='bbox 1243 706 1261 724; x_wconf 92' lang='lat'>1.</span> 
     </span>
     <span class='ocr_line' id='line_1_18' title="bbox 214 734 1262 778; baseline -0.012 -6"><span class='ocrx_word' id='word_1_180' title='bbox 214 746 272 772; x_wconf 81' lang='lat' dir='ltr'>cie.</span> <span class='ocrx_word' id='word_1_181' title='bbox 287 746 363 771; x_wconf 85' lang='lat' dir='ltr'>Verr.</span> <span class='ocrx_word' id='word_1_182' title='bbox 379 754 402 776; x_wconf 84' lang='lat'>2,</span> <span class='ocrx_word' id='word_1_183' title='bbox 418 748 461 777; x_wconf 80' lang='lat'>136</span> <span class='ocrx_word' id='word_1_184' title='bbox 474 755 495 771; x_wconf 89' lang='lat' dir='ltr'>c.</span> <span class='ocrx_word' id='word_1_185' title='bbox 510 752 543 778; x_wconf 76' lang='lat'>34</span> <span class='ocrx_word' id='word_1_186' title='bbox 560 741 767 769; x_wconf 78' lang='lat' dir='ltr'>Timarchidem</span> <span class='ocrx_word' id='word_1_187' title='bbox 791 740 818 765; x_wconf 91' lang='lat' dir='ltr'>in</span> <span class='ocrx_word' id='word_1_188' title='bbox 840 736 931 764; x_wconf 78' lang='lat' dir='ltr'>Sicilia</span> <span class='ocrx_word' id='word_1_189' title='bbox 950 736 1076 763; x_wconf 86' lang='lat' dir='ltr'>omnibus</span> <span class='ocrx_word' id='word_1_190' title='bbox 1097 734 1203 769; x_wconf 85' lang='lat' dir='ltr'>oppidis</span> <span class='ocrx_word' id='word_1_191' title='bbox 1216 742 1262 768; x_wconf 87' lang='lat' dir='ltr'>per</span> 
     </span>
     <span class='ocr_line' id='line_1_19' title="bbox 213 772 1261 814; baseline -0.012 -6"><span class='ocrx_word' id='word_1_192' title='bbox 213 781 362 808; x_wconf 84' lang='lat' dir='ltr'>triennium</span> <span class='ocrx_word' id='word_1_193' title='bbox 376 781 468 807; x_wconf 85' lang='lat' dir='ltr'>scitote</span> <span class='ocrx_word' id='word_1_194' title='bbox 482 779 605 814; x_wconf 78' lang='lat' dir='ltr'>regnasse.</span> <span class='ocrx_word' id='word_1_195' title='bbox 712 778 761 804; x_wconf 85' lang='lat' dir='ltr'>Per</span> <span class='ocrx_word' id='word_1_196' title='bbox 775 775 852 801; x_wconf 86' lang='lat' dir='ltr'>vrbes</span> <span class='ocrx_word' id='word_1_197' title='bbox 866 773 959 799; x_wconf 83' lang='lat' dir='ltr'>Graias</span> <span class='ocrx_word' id='word_1_198' title='bbox 985 773 1059 807; x_wconf 87' lang='lat' dir='ltr'>Virg.</span> <span class='ocrx_word' id='word_1_199' title='bbox 1075 772 1139 797; x_wconf 87' lang='lat' dir='ltr'>Aen.</span> <span class='ocrx_word' id='word_1_200' title='bbox 1154 779 1182 803; x_wconf 77' lang='lat'>3,</span> <span class='ocrx_word' id='word_1_201' title='bbox 1204 776 1261 802; x_wconf 83' lang='lat'>295.</span> 
     </span>
     <span class='ocr_line' id='line_1_20' title="bbox 215 806 1260 849; baseline -0.01 -7"><span class='ocrx_word' id='word_1_202' title='bbox 215 817 272 843; x_wconf 84' lang='lat' dir='ltr'>Cic.</span> <span class='ocrx_word' id='word_1_203' title='bbox 286 817 358 842; x_wconf 88' lang='lat' dir='ltr'>Fam.</span> <span class='ocrx_word' id='word_1_204' title='bbox 372 824 405 846; x_wconf 86' lang='lat'>11,</span> <span class='ocrx_word' id='word_1_205' title='bbox 419 819 447 842; x_wconf 90' lang='lat'>16</span> <span class='ocrx_word' id='word_1_206' title='bbox 475 817 567 849; x_wconf 84' lang='lat' dir='ltr'>Qium</span> <span class='ocrx_word' id='word_1_207' title='bbox 590 814 711 849; x_wconf 87' lang='lat' dir='ltr'>equitum</span> <span class='ocrx_word' id='word_1_208' title='bbox 735 809 865 837; x_wconf 88' lang='lat' dir='ltr'>centurias</span> <span class='ocrx_word' id='word_1_209' title='bbox 884 815 970 839; x_wconf 80' lang='lat' dir='ltr'>tenes,</span> <span class='ocrx_word' id='word_1_210' title='bbox 990 808 1019 834; x_wconf 89' lang='lat' dir='ltr'>in</span> <span class='ocrx_word' id='word_1_211' title='bbox 1042 806 1102 841; x_wconf 81' lang='lat' dir='ltr'>quis</span> <span class='ocrx_word' id='word_1_212' title='bbox 1120 815 1225 840; x_wconf 79' lang='lat' dir='ltr'>regnas,</span> <span class='ocrx_word' id='word_1_213' title='bbox 1242 807 1260 832; x_wconf 88' lang='lat' dir='ltr'>i.</span> 
     </span>
     <span class='ocr_line' id='line_1_21' title="bbox 213 853 407 887; baseline -0.01 -8"><span class='ocrx_word' id='word_1_214' title='bbox 213 853 320 879; x_wconf 74' lang='lat' dir='ltr'>multum</span> <span class='ocrx_word' id='word_1_215' title='bbox 327 858 407 887; x_wconf 76' lang='lat' dir='ltr'>potes.</span> 
     </span>
    </p>
   </div>
   <div class='ocr_carea' id='block_1_3' title="bbox 215 879 1261 920">
    <p class='ocr_par' dir='ltr' id='par_1_4' title="bbox 215 879 1261 920">
     <span class='ocr_line' id='line_1_22' title="bbox 215 879 1261 920; baseline -0.011 -6"><span class='ocrx_word' id='word_1_216' title='bbox 215 896 291 918; x_wconf 82' lang='lat' dir='ltr'>mur,</span> <span class='ocrx_word' id='word_1_217' title='bbox 307 895 353 913; x_wconf 77' lang='lat' dir='ltr'>etc.</span> <span class='ocrx_word' id='word_1_218' title='bbox 423 886 492 913; x_wconf 80' lang='lat' dir='ltr'>Add.</span> <span class='ocrx_word' id='word_1_219' title='bbox 507 885 638 920; x_wconf 61' lang='lat' dir='ltr'>Qiinftil.</span> <span class='ocrx_word' id='word_1_220' title='bbox 654 893 690 914; x_wconf 85' lang='lat'>10,</span> <span class='ocrx_word' id='word_1_221' title='bbox 707 891 727 913; x_wconf 86' lang='lat'>1,</span> <span class='ocrx_word' id='word_1_222' title='bbox 744 889 791 907; x_wconf 86' lang='lat'>112.</span> <span class='ocrx_word' id='word_1_223' title='bbox 898 879 1022 906; x_wconf 86' lang='lat' dir='ltr'>Aduenae</span> <span class='ocrx_word' id='word_1_224' title='bbox 1036 879 1065 905; x_wconf 89' lang='lat' dir='ltr'>in</span> <span class='ocrx_word' id='word_1_225' title='bbox 1076 887 1123 904; x_wconf 90' lang='lat' dir='ltr'>nos</span> <span class='ocrx_word' id='word_1_226' title='bbox 1136 884 1261 911; x_wconf 84' lang='lat' dir='ltr'>regnaue-</span> 
     </span>
    </p>
   </div>
   <div class='ocr_carea' id='block_1_4' title="bbox 212 911 1273 2237">
    <p class='ocr_par' dir='ltr' id='par_1_5' title="bbox 212 911 1268 1634">
     <span class='ocr_line' id='line_1_23' title="bbox 215 911 1260 956; baseline -0.011 -7"><span class='ocrx_word' id='word_1_227' title='bbox 215 929 279 951; x_wconf 87' lang='lat' dir='ltr'>runt</span> <span class='ocrx_word' id='word_1_228' title='bbox 296 922 388 948; x_wconf 80' lang='lat' dir='ltr'>Tacit.</span> <span class='ocrx_word' id='word_1_229' title='bbox 402 924 467 948; x_wconf 86' lang='lat' dir='ltr'>Ann.</span> <span class='ocrx_word' id='word_1_230' title='bbox 482 931 514 955; x_wconf 89' lang='lat'>11,</span> <span class='ocrx_word' id='word_1_231' title='bbox 529 931 571 956; x_wconf 81' lang='lat'>24,</span> <span class='ocrx_word' id='word_1_232' title='bbox 585 929 610 955; x_wconf 86' lang='lat'>7.</span> <span class='ocrx_word' id='word_1_233' title='bbox 703 916 792 943; x_wconf 79' lang='lat' dir='ltr'>Ardor</span> <span class='ocrx_word' id='word_1_234' title='bbox 804 915 900 943; x_wconf 86' lang='lat' dir='ltr'>edendi</span> <span class='ocrx_word' id='word_1_235' title='bbox 913 922 1003 948; x_wconf 80' lang='lat' dir='ltr'>regnat</span> <span class='ocrx_word' id='word_1_236' title='bbox 1017 923 1064 948; x_wconf 88' lang='lat' dir='ltr'>per</span> <span class='ocrx_word' id='word_1_237' title='bbox 1083 914 1170 939; x_wconf 83' lang='lat' dir='ltr'>fauces</span> <span class='ocrx_word' id='word_1_238' title='bbox 1184 919 1209 938; x_wconf 87' lang='lat' dir='ltr'>ct</span> <span class='ocrx_word' id='word_1_239' title='bbox 1222 911 1260 937; x_wconf 86' lang='lat' dir='ltr'>vi-</span> 
     </span>
     <span class='ocr_line' id='line_1_24' title="bbox 214 946 1260 989; baseline -0.012 -4"><span class='ocrx_word' id='word_1_240' title='bbox 214 960 286 986; x_wconf 80' lang='lat' dir='ltr'>scera</span> <span class='ocrx_word' id='word_1_241' title='bbox 305 957 386 984; x_wconf 87' lang='lat' dir='ltr'>Ouid.</span> <span class='ocrx_word' id='word_1_242' title='bbox 400 959 464 984; x_wconf 89' lang='lat' dir='ltr'>Met.</span> <span class='ocrx_word' id='word_1_243' title='bbox 479 964 502 989; x_wconf 84' lang='lat'>8,</span> <span class='ocrx_word' id='word_1_244' title='bbox 518 963 572 987; x_wconf 78' lang='lat'>828.</span> <span class='ocrx_word' id='word_1_245' title='bbox 659 953 778 980; x_wconf 78' lang='lat' dir='ltr'>Ebrietas</span> <span class='ocrx_word' id='word_1_246' title='bbox 792 952 922 986; x_wconf 85' lang='lat' dir='ltr'>geminata</span> <span class='ocrx_word' id='word_1_247' title='bbox 940 950 1054 976; x_wconf 77' lang='lat' dir='ltr'>libidine</span> <span class='ocrx_word' id='word_1_248' title='bbox 1067 956 1159 982; x_wconf 80' lang='lat' dir='ltr'>regnat</span> <span class='ocrx_word' id='word_1_249' title='bbox 1179 946 1260 974; x_wconf 88' lang='lat' dir='ltr'>Ouid.</span> 
     </span>
     <span class='ocr_line' id='line_1_25' title="bbox 215 986 1262 1026; baseline -0.012 -5"><span class='ocrx_word' id='word_1_250' title='bbox 215 995 281 1021; x_wconf 83' lang='lat' dir='ltr'>Met.</span> <span class='ocrx_word' id='word_1_251' title='bbox 295 1003 329 1026; x_wconf 64' lang='grc' dir='ltr'>ιτ,</span> <span class='ocrx_word' id='word_1_252' title='bbox 342 996 401 1019; x_wconf 85' lang='lat'>226.</span> <span class='ocrx_word' id='word_1_253' title='bbox 497 992 592 1019; x_wconf 80' lang='lat' dir='ltr'>Oratio</span> <span class='ocrx_word' id='word_1_254' title='bbox 615 990 645 1016; x_wconf 90' lang='lat' dir='ltr'>in</span> <span class='ocrx_word' id='word_1_255' title='bbox 661 989 713 1015; x_wconf 84' lang='lat' dir='ltr'>hoc</span> <span class='ocrx_word' id='word_1_256' title='bbox 734 997 787 1014; x_wconf 88' lang='lat' dir='ltr'>vno</span> <span class='ocrx_word' id='word_1_257' title='bbox 801 993 893 1021; x_wconf 81' lang='lat' dir='ltr'>regnat</span> <span class='ocrx_word' id='word_1_258' title='bbox 926 986 982 1012; x_wconf 85' lang='lat' dir='ltr'>Cic.</span> <span class='ocrx_word' id='word_1_259' title='bbox 999 986 1027 1011; x_wconf 83' lang='lat' dir='ltr'>ili</span> <span class='ocrx_word' id='word_1_260' title='bbox 1042 986 1115 1011; x_wconf 77' lang='lat' dir='ltr'>Orat.</span> <span class='ocrx_word' id='word_1_261' title='bbox 1131 988 1174 1013; x_wconf 76' lang='lat'>128</span> <span class='ocrx_word' id='word_1_262' title='bbox 1188 992 1209 1009; x_wconf 90' lang='lat' dir='ltr'>c.</span> <span class='ocrx_word' id='word_1_263' title='bbox 1228 991 1262 1014; x_wconf 74' lang='lat'>37.</span> 
     </span>
     <span class='ocr_line' id='line_1_26' title="bbox 213 1019 1263 1060; baseline -0.012 -4"><span class='ocrx_word' id='word_1_264' title='bbox 213 1030 282 1056; x_wconf 82' lang='lat' dir='ltr'>Hor.</span> <span class='ocrx_word' id='word_1_265' title='bbox 297 1030 384 1055; x_wconf 83' lang='lat' dir='ltr'>Carni.</span> <span class='ocrx_word' id='word_1_266' title='bbox 398 1037 420 1060; x_wconf 70' lang='lat'>3,</span> <span class='ocrx_word' id='word_1_267' title='bbox 432 1037 473 1059; x_wconf 83' lang='lat'>30,</span> <span class='ocrx_word' id='word_1_268' title='bbox 493 1035 514 1053; x_wconf 96' lang='lat'>11</span> <span class='ocrx_word' id='word_1_269' title='bbox 550 1027 582 1053; x_wconf 84' lang='lat' dir='ltr'>Et</span> <span class='ocrx_word' id='word_1_270' title='bbox 595 1035 646 1060; x_wconf 85' lang='lat' dir='ltr'>qua</span> <span class='ocrx_word' id='word_1_271' title='bbox 660 1033 759 1059; x_wconf 82' lang='lat' dir='ltr'>pauper</span> <span class='ocrx_word' id='word_1_272' title='bbox 770 1032 852 1057; x_wconf 85' lang='lat' dir='ltr'>aquae</span> <span class='ocrx_word' id='word_1_273' title='bbox 866 1023 973 1048; x_wconf 88' lang='lat' dir='ltr'>Daunus</span> <span class='ocrx_word' id='word_1_274' title='bbox 987 1020 1127 1055; x_wconf 83' lang='lat' dir='ltr'>agrestium</span> <span class='ocrx_word' id='word_1_275' title='bbox 1162 1019 1263 1052; x_wconf 83' lang='lat' dir='ltr'>Regna-</span> 
     </span>
     <span class='ocr_line' id='line_1_27' title="bbox 213 1056 1263 1098; baseline -0.011 -7"><span class='ocrx_word' id='word_1_276' title='bbox 213 1065 255 1091; x_wconf 76' lang='lat' dir='ltr'>vit</span> <span class='ocrx_word' id='word_1_277' title='bbox 268 1064 439 1098; x_wconf 84' lang='lat' dir='ltr'>Populorum.</span> <span class='ocrx_word' id='word_1_278' title='bbox 476 1063 517 1090; x_wconf 85' lang='lat' dir='ltr'>Sic</span> <span class='ocrx_word' id='word_1_279' title='bbox 529 1063 666 1088; x_wconf 52' lang='lat' dir='ltr'>emendam}</span> <span class='ocrx_word' id='word_1_280' title='bbox 678 1061 742 1088; x_wconf 75' lang='lat' dir='ltr'>hunc</span> <span class='ocrx_word' id='word_1_281' title='bbox 754 1061 833 1086; x_wconf 78' lang='lat' dir='ltr'>Iocum</span> <span class='ocrx_word' id='word_1_282' title='bbox 846 1058 987 1084; x_wconf 80' lang='lat' dir='ltr'><em>Lambinus.</em></span> <span class='ocrx_word' id='word_1_283' title='bbox 1024 1057 1089 1084; x_wconf 78' lang='lat' dir='ltr'>Solet</span> <span class='ocrx_word' id='word_1_284' title='bbox 1103 1057 1165 1081; x_wconf 79' lang='lat' dir='ltr'>enim</span> <span class='ocrx_word' id='word_1_285' title='bbox 1181 1056 1263 1080; x_wconf 76' lang='lat' dir='ltr'>Hora-</span> 
     </span>
     <span class='ocr_line' id='line_1_28' title="bbox 213 1089 1263 1133; baseline -0.01 -7"><span class='ocrx_word' id='word_1_286' title='bbox 213 1097 430 1131; x_wconf 65' lang='lat' dir='ltr'>tiusstrucsturam</span> <span class='ocrx_word' id='word_1_287' title='bbox 445 1099 562 1125; x_wconf 78' lang='lat' dir='ltr'><em>Graecam</em></span> <span class='ocrx_word' id='word_1_288' title='bbox 570 1098 673 1133; x_wconf 66' lang='lat' dir='ltr'>stricare</span> <span class='ocrx_word' id='word_1_289' title='bbox 687 1099 761 1121; x_wconf 68' lang='lat' dir='ltr'>ctiam</span> <span class='ocrx_word' id='word_1_290' title='bbox 775 1098 802 1120; x_wconf 82' lang='lat' dir='ltr'>in</span> <span class='ocrx_word' id='word_1_291' title='bbox 810 1094 922 1130; x_wconf 66' lang='lat' dir='ltr'>fier-mone</span> <span class='ocrx_word' id='word_1_292' title='bbox 936 1094 1027 1119; x_wconf 78' lang='lat' dir='ltr'>Latino</span> <span class='ocrx_word' id='word_1_293' title='bbox 1036 1111 1042 1123; x_wconf 91' lang='lat'>‚</span> <span class='ocrx_word' id='word_1_294' title='bbox 1060 1098 1089 1118; x_wconf 83' lang='lat' dir='ltr'>vt</span> <span class='ocrx_word' id='word_1_295' title='bbox 1096 1089 1263 1117; x_wconf 83' lang='lat' dir='ltr'>Desinciiiol-</span> 
     </span>
     <span class='ocr_line' id='line_1_29' title="bbox 213 1128 1265 1169; baseline -0.01 -7"><span class='ocrx_word' id='word_1_296' title='bbox 213 1135 281 1161; x_wconf 82' lang='lat' dir='ltr'>lium</span> <span class='ocrx_word' id='word_1_297' title='bbox 294 1135 478 1169; x_wconf 80' lang='lat' dir='ltr'>querelarum,</span> <span class='ocrx_word' id='word_1_298' title='bbox 502 1133 639 1160; x_wconf 83' lang='lat' dir='ltr'>Abstineto</span> <span class='ocrx_word' id='word_1_299' title='bbox 654 1132 769 1163; x_wconf 70' lang='lat' dir='ltr'>irai-iim,</span> <span class='ocrx_word' id='word_1_300' title='bbox 786 1137 808 1156; x_wconf 79' lang='lat' dir='ltr'>ct</span> <span class='ocrx_word' id='word_1_301' title='bbox 820 1136 916 1155; x_wconf 70' lang='lat' dir='ltr'>caetera</span> <span class='ocrx_word' id='word_1_302' title='bbox 931 1129 959 1154; x_wconf 80' lang='lat' dir='ltr'>id</span> <span class='ocrx_word' id='word_1_303' title='bbox 969 1137 1055 1164; x_wconf 71' lang='lat' dir='ltr'>genus.</span> <span class='ocrx_word' id='word_1_304' title='bbox 1090 1128 1209 1153; x_wconf 66' lang='lat' dir='ltr'>Dicerem</span> <span class='ocrx_word' id='word_1_305' title='bbox 1223 1135 1265 1151; x_wconf 82' lang='lat' dir='ltr'>au-</span> 
     </span>
     <span class='ocr_line' id='line_1_30' title="bbox 215 1160 1263 1202; baseline -0.011 -5"><span class='ocrx_word' id='word_1_306' title='bbox 215 1177 263 1198; x_wconf 71' lang='lat' dir='ltr'>rem</span> <span class='ocrx_word' id='word_1_307' title='bbox 287 1172 389 1202; x_wconf 73' lang='lat' dir='ltr'>Graeci,</span> <span class='ocrx_word' id='word_1_308' title='bbox 409 1169 553 1201; x_wconf 69' lang='grc' dir='ltr'>ἐβασίλευσε</span> <span class='ocrx_word' id='word_1_309' title='bbox 576 1171 621 1194; x_wconf 74' lang='grc' dir='ltr'>τῶν</span> <span class='ocrx_word' id='word_1_310' title='bbox 643 1167 717 1193; x_wconf 70' lang='grc' dir='ltr'>λάων.</span> <span class='ocrx_word' id='word_1_311' title='bbox 822 1166 957 1199; x_wconf 77' lang='lat' dir='ltr'>Regnare,</span> <span class='ocrx_word' id='word_1_312' title='bbox 973 1172 1021 1198; x_wconf 85' lang='lat' dir='ltr'>pro</span> <span class='ocrx_word' id='word_1_313' title='bbox 1044 1164 1145 1189; x_wconf 69' lang='lat' dir='ltr'>Beatum</span> <span class='ocrx_word' id='word_1_314' title='bbox 1161 1160 1220 1194; x_wconf 64' lang='lat' dir='ltr'>iffi,</span> <span class='ocrx_word' id='word_1_315' title='bbox 1239 1167 1263 1186; x_wconf 75' lang='lat' dir='ltr'>ct</span> 
     </span>
     <span class='ocr_line' id='line_1_31' title="bbox 212 1207 433 1245; baseline -0.005 -12"><span class='ocrx_word' id='word_1_316' title='bbox 212 1207 258 1245; x_wconf 84' lang='lat' dir='ltr'>suo</span> <span class='ocrx_word' id='word_1_317' title='bbox 270 1212 327 1233; x_wconf 83' lang='lat' dir='ltr'>voto</span> <span class='ocrx_word' id='word_1_318' title='bbox 343 1209 433 1233; x_wconf 76' lang='lat' dir='ltr'>viuere.</span> 
     </span>
     <span class='ocr_line' id='line_1_32' title="bbox 215 1232 1263 1275; baseline -0.011 -6"><span class='ocrx_word' id='word_1_319' title='bbox 215 1243 326 1270; x_wconf 82' lang='lat' dir='ltr'>Phaedr.</span> <span class='ocrx_word' id='word_1_320' title='bbox 358 1251 368 1273; x_wconf 83' lang='lat'><em>3</em></span> <span class='ocrx_word' id='word_1_321' title='bbox 384 1262 392 1275; x_wconf 83' lang='lat'>‚</span> <span class='ocrx_word' id='word_1_322' title='bbox 423 1246 437 1271; x_wconf 87' lang='lat'>8</span> <span class='ocrx_word' id='word_1_323' title='bbox 468 1247 533 1267; x_wconf 79' lang='lat' dir='ltr'>extr.</span> <span class='ocrx_word' id='word_1_324' title='bbox 570 1241 690 1274; x_wconf 78' lang='lat' dir='ltr'>Regnare</span> <span class='ocrx_word' id='word_1_325' title='bbox 733 1237 815 1269; x_wconf 84' lang='lat' dir='ltr'>nolO,</span> <span class='ocrx_word' id='word_1_326' title='bbox 851 1235 920 1262; x_wconf 85' lang='lat' dir='ltr'>liber</span> <span class='ocrx_word' id='word_1_327' title='bbox 955 1242 984 1261; x_wconf 87' lang='lat' dir='ltr'>vt</span> <span class='ocrx_word' id='word_1_328' title='bbox 1015 1243 1069 1260; x_wconf 89' lang='lat' dir='ltr'>non</span> <span class='ocrx_word' id='word_1_329' title='bbox 1101 1233 1147 1259; x_wconf 82' lang='lat' dir='ltr'>sim</span> <span class='ocrx_word' id='word_1_330' title='bbox 1184 1232 1263 1259; x_wconf 86' lang='lat' dir='ltr'>mihi.</span> 
     </span>
     <span class='ocr_line' id='line_1_33' title="bbox 215 1269 1263 1316; baseline -0.011 -11"><span class='ocrx_word' id='word_1_331' title='bbox 215 1276 239 1316; x_wconf 59' lang='lat' dir='ltr'>q</span> <span class='ocrx_word' id='word_1_332' title='bbox 259 1287 275 1304; x_wconf 80' lang='lat'>2</span> <span class='ocrx_word' id='word_1_333' title='bbox 313 1277 370 1314; x_wconf 76' lang='lat' dir='ltr'>Ohs.</span> <span class='ocrx_word' id='word_1_334' title='bbox 407 1278 556 1311; x_wconf 84' lang='lat' dir='ltr'>chnatur,</span> <span class='ocrx_word' id='word_1_335' title='bbox 576 1275 678 1311; x_wconf 66' lang='lat' dir='ltr'>Impetf</span> <span class='ocrx_word' id='word_1_336' title='bbox 716 1273 791 1307; x_wconf 86' lang='lat' dir='ltr'>Virg.</span> <span class='ocrx_word' id='word_1_337' title='bbox 807 1274 869 1298; x_wconf 87' lang='lat' dir='ltr'>Aen.</span> <span class='ocrx_word' id='word_1_338' title='bbox 886 1274 965 1306; x_wconf 83' lang='lat' dir='ltr'>i,276</span> <span class='ocrx_word' id='word_1_339' title='bbox 983 1269 1036 1297; x_wconf 83' lang='lat' dir='ltr'>Hic</span> <span class='ocrx_word' id='word_1_340' title='bbox 1051 1271 1104 1296; x_wconf 87' lang='lat' dir='ltr'>iam</span> <span class='ocrx_word' id='word_1_341' title='bbox 1116 1274 1263 1295; x_wconf 81' lang='lat' dir='ltr'>tercentum</span> 
     </span>
     <span class='ocr_line' id='line_1_34' title="bbox 217 1304 1264 1346; baseline -0.011 -6"><span class='ocrx_word' id='word_1_342' title='bbox 217 1320 288 1340; x_wconf 84' lang='lat' dir='ltr'>totos</span> <span class='ocrx_word' id='word_1_343' title='bbox 311 1312 467 1346; x_wconf 79' lang='lat' dir='ltr'>regnabitur</span> <span class='ocrx_word' id='word_1_344' title='bbox 486 1320 569 1338; x_wconf 86' lang='lat' dir='ltr'>annos</span> <span class='ocrx_word' id='word_1_345' title='bbox 605 1313 692 1337; x_wconf 83' lang='lat' dir='ltr'>Gentc</span> <span class='ocrx_word' id='word_1_346' title='bbox 712 1307 759 1335; x_wconf 91' lang='lat' dir='ltr'>sub</span> <span class='ocrx_word' id='word_1_347' title='bbox 773 1308 915 1335; x_wconf 66' lang='lat' dir='ltr'>Hectorea.</span> <span class='ocrx_word' id='word_1_348' title='bbox 1032 1305 1077 1332; x_wconf 88' lang='lat' dir='ltr'>Sil.</span> <span class='ocrx_word' id='word_1_349' title='bbox 1092 1314 1113 1337; x_wconf 77' lang='lat'>3,</span> <span class='ocrx_word' id='word_1_350' title='bbox 1128 1312 1173 1337; x_wconf 88' lang='lat'>592</span> <span class='ocrx_word' id='word_1_351' title='bbox 1194 1304 1264 1330; x_wconf 88' lang='lat' dir='ltr'>Hinc</span> 
     </span>
     <span class='ocr_line' id='line_1_35' title="bbox 217 1341 1264 1381; baseline -0.01 -6"><span class='ocrx_word' id='word_1_352' title='bbox 217 1348 348 1381; x_wconf 78' lang='lat' dir='ltr'>Cytherea</span> <span class='ocrx_word' id='word_1_353' title='bbox 369 1348 421 1374; x_wconf 83' lang='lat' dir='ltr'>tuis</span> <span class='ocrx_word' id='word_1_354' title='bbox 441 1348 522 1380; x_wconf 85' lang='lat' dir='ltr'>longo</span> <span class='ocrx_word' id='word_1_355' title='bbox 535 1347 689 1380; x_wconf 80' lang='lat' dir='ltr'>regnabit-ur</span> <span class='ocrx_word' id='word_1_356' title='bbox 703 1353 779 1370; x_wconf 85' lang='lat' dir='ltr'>aeuo.</span> <span class='ocrx_word' id='word_1_357' title='bbox 887 1343 1034 1376; x_wconf 84' lang='lat' dir='ltr'>Regnatum</span> <span class='ocrx_word' id='word_1_358' title='bbox 1050 1341 1085 1367; x_wconf 84' lang='lat' dir='ltr'>cst</span> <span class='ocrx_word' id='word_1_359' title='bbox 1105 1341 1166 1367; x_wconf 91' lang='lat' dir='ltr'>Liu.</span> <span class='ocrx_word' id='word_1_360' title='bbox 1183 1349 1210 1372; x_wconf 86' lang='lat'>1,</span> <span class='ocrx_word' id='word_1_361' title='bbox 1226 1347 1264 1373; x_wconf 85' lang='lat'>17.</span> 
     </span>
     <span class='ocr_line' id='line_1_36' title="bbox 215 1377 1112 1418; baseline -0.011 -7"><span class='ocrx_word' id='word_1_362' title='bbox 215 1384 341 1418; x_wconf 74' lang='lat' dir='ltr'>Regnor,</span> <span class='ocrx_word' id='word_1_363' title='bbox 360 1382 425 1417; x_wconf 74' lang='lat' dir='ltr'>Post:</span> <span class='ocrx_word' id='word_1_364' title='bbox 468 1383 518 1414; x_wconf 80' lang='lat' dir='ltr'>Vt,</span> <span class='ocrx_word' id='word_1_365' title='bbox 538 1382 635 1407; x_wconf 84' lang='lat' dir='ltr'>Gentes</span> <span class='ocrx_word' id='word_1_366' title='bbox 648 1385 791 1412; x_wconf 76' lang='lat' dir='ltr'>regnantur</span> <span class='ocrx_word' id='word_1_367' title='bbox 809 1379 901 1404; x_wconf 82' lang='lat' dir='ltr'>Tacit.</span> <span class='ocrx_word' id='word_1_368' title='bbox 915 1377 981 1403; x_wconf 85' lang='lat' dir='ltr'>Hist.</span> <span class='ocrx_word' id='word_1_369' title='bbox 999 1386 1019 1408; x_wconf 88' lang='lat'>1,</span> <span class='ocrx_word' id='word_1_370' title='bbox 1035 1379 1074 1408; x_wconf 87' lang='lat'>16,</span> <span class='ocrx_word' id='word_1_371' title='bbox 1087 1385 1112 1410; x_wconf 88' lang='lat'>7.</span> 
     </span>
     <span class='ocr_line' id='line_1_37' title="bbox 218 1410 1265 1452; baseline -0.011 -5"><span class='ocrx_word' id='word_1_372' title='bbox 218 1421 310 1447; x_wconf 84' lang='lat' dir='ltr'>Germ.</span> <span class='ocrx_word' id='word_1_373' title='bbox 324 1428 363 1451; x_wconf 80' lang='lat'>25,</span> <span class='ocrx_word' id='word_1_374' title='bbox 377 1429 396 1452; x_wconf 83' lang='lat'>4</span> <span class='ocrx_word' id='word_1_375' title='bbox 413 1418 503 1445; x_wconf 77' lang='lat' dir='ltr'>Trans</span> <span class='ocrx_word' id='word_1_376' title='bbox 518 1417 616 1452; x_wconf 79' lang='lat' dir='ltr'>Lygios</span> <span class='ocrx_word' id='word_1_377' title='bbox 629 1415 767 1442; x_wconf 81' lang='lat' dir='ltr'>Gothones</span> <span class='ocrx_word' id='word_1_378' title='bbox 781 1419 941 1445; x_wconf 78' lang='lat' dir='ltr'>regnantur,</span> <span class='ocrx_word' id='word_1_379' title='bbox 954 1412 1044 1444; x_wconf 88' lang='lat' dir='ltr'>paullo</span> <span class='ocrx_word' id='word_1_380' title='bbox 1058 1412 1112 1437; x_wconf 87' lang='lat' dir='ltr'>iam</span> <span class='ocrx_word' id='word_1_381' title='bbox 1125 1410 1265 1440; x_wconf 72' lang='lat' dir='ltr'>addiffius,</span> 
     </span>
     <span class='ocr_line' id='line_1_38' title="bbox 217 1445 1267 1491; baseline -0.012 -8"><span class='ocrx_word' id='word_1_382' title='bbox 217 1464 297 1491; x_wconf 84' lang='lat' dir='ltr'>quam</span> <span class='ocrx_word' id='word_1_383' title='bbox 311 1460 427 1482; x_wconf 78' lang='lat' dir='ltr'>caeterae</span> <span class='ocrx_word' id='word_1_384' title='bbox 442 1455 637 1481; x_wconf 83' lang='lat' dir='ltr'>Germanorum</span> <span class='ocrx_word' id='word_1_385' title='bbox 651 1457 756 1486; x_wconf 82' lang='lat' dir='ltr'>gentes,</span> <span class='ocrx_word' id='word_1_386' title='bbox 777 1447 897 1474; x_wconf 88' lang='lat' dir='ltr'>nondum</span> <span class='ocrx_word' id='word_1_387' title='bbox 911 1453 999 1473; x_wconf 86' lang='lat' dir='ltr'>tamen</span> <span class='ocrx_word' id='word_1_388' title='bbox 1012 1447 1088 1480; x_wconf 81' lang='lat' dir='ltr'>supra</span> <span class='ocrx_word' id='word_1_389' title='bbox 1106 1445 1267 1471; x_wconf 82' lang='lat' dir='ltr'>libertatem.</span> 
     </span>
     <span class='ocr_line' id='line_1_39' title="bbox 217 1480 1267 1523; baseline -0.013 -5"><span class='ocrx_word' id='word_1_390' title='bbox 217 1492 288 1519; x_wconf 86' lang='lat' dir='ltr'>Plin.</span> <span class='ocrx_word' id='word_1_391' title='bbox 300 1493 326 1523; x_wconf 78' lang='lat'>6,</span> <span class='ocrx_word' id='word_1_392' title='bbox 340 1500 372 1517; x_wconf 81' lang='lat'>20</span> <span class='ocrx_word' id='word_1_393' title='bbox 391 1490 431 1516; x_wconf 80' lang='lat' dir='ltr'>Ab</span> <span class='ocrx_word' id='word_1_394' title='bbox 446 1491 478 1516; x_wconf 88' lang='lat' dir='ltr'>iis</span> <span class='ocrx_word' id='word_1_395' title='bbox 492 1497 553 1523; x_wconf 82' lang='lat' dir='ltr'>gens</span> <span class='ocrx_word' id='word_1_396' title='bbox 569 1487 670 1515; x_wconf 88' lang='lat' dir='ltr'>Pandae</span> <span class='ocrx_word' id='word_1_397' title='bbox 686 1485 739 1511; x_wconf 85' lang='lat' dir='ltr'>sola</span> <span class='ocrx_word' id='word_1_398' title='bbox 753 1483 880 1510; x_wconf 83' lang='lat' dir='ltr'>Indorum</span> <span class='ocrx_word' id='word_1_399' title='bbox 894 1487 1003 1515; x_wconf 79' lang='lat' dir='ltr'>regnata</span> <span class='ocrx_word' id='word_1_400' title='bbox 1015 1480 1133 1507; x_wconf 79' lang='lat' dir='ltr'>feminis.</span> <span class='ocrx_word' id='word_1_401' title='bbox 1170 1483 1189 1506; x_wconf 85' lang='lat' dir='ltr'>i.</span> <span class='ocrx_word' id='word_1_402' title='bbox 1205 1481 1267 1515; x_wconf 69' lang='lat' dir='ltr'>Qu·-</span> 
     </span>
     <span class='ocr_line' id='line_1_40' title="bbox 217 1515 1268 1562; baseline -0.014 -7"><span class='ocrx_word' id='word_1_403' title='bbox 217 1527 263 1555; x_wconf 79' lang='lat' dir='ltr'>bus</span> <span class='ocrx_word' id='word_1_404' title='bbox 275 1531 458 1562; x_wconf 76' lang='lat' dir='ltr'>impcraucrmzt</span> <span class='ocrx_word' id='word_1_405' title='bbox 465 1525 587 1562; x_wconf 64' lang='lat' dir='ltr'>feminae.</span> <span class='ocrx_word' id='word_1_406' title='bbox 694 1521 785 1547; x_wconf 81' lang='lat' dir='ltr'>Terra</span> <span class='ocrx_word' id='word_1_407' title='bbox 798 1524 905 1553; x_wconf 78' lang='lat' dir='ltr'>regnata</span> <span class='ocrx_word' id='word_1_408' title='bbox 919 1517 1042 1551; x_wconf 86' lang='lat' dir='ltr'>Philippo</span> <span class='ocrx_word' id='word_1_409' title='bbox 1063 1515 1145 1542; x_wconf 90' lang='lat' dir='ltr'>Ouid.</span> <span class='ocrx_word' id='word_1_410' title='bbox 1162 1524 1193 1541; x_wconf 85' lang='lat' dir='ltr'>ex</span> <span class='ocrx_word' id='word_1_411' title='bbox 1202 1516 1268 1541; x_wconf 83' lang='lat' dir='ltr'>Pon-</span> 
     </span>
     <span class='ocr_line' id='line_1_41' title="bbox 219 1553 1123 1597; baseline -0.014 -7"><span class='ocrx_word' id='word_1_412' title='bbox 219 1569 249 1590; x_wconf 96' lang='lat' dir='ltr'>to</span> <span class='ocrx_word' id='word_1_413' title='bbox 262 1573 291 1597; x_wconf 85' lang='lat'>4,</span> <span class='ocrx_word' id='word_1_414' title='bbox 306 1570 340 1595; x_wconf 80' lang='grc' dir='ltr'>ις,</span> <span class='ocrx_word' id='word_1_415' title='bbox 357 1570 391 1594; x_wconf 80' lang='lat'>15.</span> <span class='ocrx_word' id='word_1_416' title='bbox 505 1558 612 1594; x_wconf 85' lang='lat' dir='ltr'>Cupido</span> <span class='ocrx_word' id='word_1_417' title='bbox 625 1558 682 1585; x_wconf 85' lang='lat' dir='ltr'>dira</span> <span class='ocrx_word' id='word_1_418' title='bbox 697 1554 825 1590; x_wconf 80' lang='lat' dir='ltr'>regnandi</span> <span class='ocrx_word' id='word_1_419' title='bbox 850 1554 924 1588; x_wconf 84' lang='lat' dir='ltr'>Virg.</span> <span class='ocrx_word' id='word_1_420' title='bbox 937 1553 1035 1587; x_wconf 83' lang='lat' dir='ltr'>Georg.</span> <span class='ocrx_word' id='word_1_421' title='bbox 1051 1560 1071 1584; x_wconf 88' lang='lat'>1,</span> <span class='ocrx_word' id='word_1_422' title='bbox 1084 1560 1123 1584; x_wconf 83' lang='lat'>37.</span> 
     </span>
     <span class='ocr_line' id='line_1_42' title="bbox 219 1593 840 1634; baseline -0.018 -8"><span class='ocrx_word' id='word_1_423' title='bbox 219 1608 282 1634; x_wconf 84' lang='lat' dir='ltr'>pere</span> <span class='ocrx_word' id='word_1_424' title='bbox 297 1598 392 1624; x_wconf 87' lang='lat' dir='ltr'>Albam</span> <span class='ocrx_word' id='word_1_425' title='bbox 403 1596 562 1631; x_wconf 76' lang='lat' dir='ltr'>regnandam</span> <span class='ocrx_word' id='word_1_426' title='bbox 576 1595 651 1628; x_wconf 83' lang='lat' dir='ltr'>virg.</span> <span class='ocrx_word' id='word_1_427' title='bbox 667 1594 731 1619; x_wconf 88' lang='lat' dir='ltr'>Aen.</span> <span class='ocrx_word' id='word_1_428' title='bbox 744 1593 770 1623; x_wconf 82' lang='lat'>6,</span> <span class='ocrx_word' id='word_1_429' title='bbox 779 1599 840 1625; x_wconf 85' lang='lat'>770.</span> 
     </span>
    </p>

    <p class='ocr_par' dir='ltr' id='par_1_6' title="bbox 219 1621 1273 1773">
     <span class='ocr_line' id='line_1_43' title="bbox 257 1621 1270 1665; baseline -0.012 -5"><span class='ocrx_word' id='word_1_430' title='bbox 257 1641 277 1660; x_wconf 86' lang='lat' dir='ltr'>R</span> <span class='ocrx_word' id='word_1_431' title='bbox 288 1640 304 1660; x_wconf 80' lang='lat' dir='ltr'>E</span> <span class='ocrx_word' id='word_1_432' title='bbox 314 1640 334 1660; x_wconf 88' lang='lat' dir='ltr'>G</span> <span class='ocrx_word' id='word_1_433' title='bbox 345 1641 366 1659; x_wconf 75' lang='lat' dir='ltr'>N</span> <span class='ocrx_word' id='word_1_434' title='bbox 377 1640 398 1660; x_wconf 85' lang='lat' dir='ltr'><strong>A</strong></span> <span class='ocrx_word' id='word_1_435' title='bbox 409 1639 431 1658; x_wconf 81' lang='lat' dir='ltr'>N</span> <span class='ocrx_word' id='word_1_436' title='bbox 442 1640 454 1659; x_wconf 81' lang='lat' dir='ltr'>s</span> <span class='ocrx_word' id='word_1_437' title='bbox 464 1652 471 1665; x_wconf 89' lang='lat'>,</span> <span class='ocrx_word' id='word_1_438' title='bbox 491 1631 568 1658; x_wconf 79' lang='lat' dir='ltr'>antis.</span> <span class='ocrx_word' id='word_1_439' title='bbox 589 1631 682 1657; x_wconf 84' lang='lat' dir='ltr'>Partic.</span> <span class='ocrx_word' id='word_1_440' title='bbox 719 1627 796 1661; x_wconf 84' lang='lat' dir='ltr'>Virg.</span> <span class='ocrx_word' id='word_1_441' title='bbox 812 1627 876 1652; x_wconf 83' lang='lat' dir='ltr'>Aen.</span> <span class='ocrx_word' id='word_1_442' title='bbox 892 1633 912 1657; x_wconf 85' lang='lat'>1,</span> <span class='ocrx_word' id='word_1_443' title='bbox 927 1625 978 1656; x_wconf 82' lang='lat'>269</span> <span class='ocrx_word' id='word_1_444' title='bbox 1002 1622 1101 1649; x_wconf 82' lang='lat' dir='ltr'>Tertia</span> <span class='ocrx_word' id='word_1_445' title='bbox 1114 1621 1177 1648; x_wconf 83' lang='lat' dir='ltr'>duni</span> <span class='ocrx_word' id='word_1_446' title='bbox 1191 1621 1270 1648; x_wconf 82' lang='lat' dir='ltr'>Latio</span> 
     </span>
     <span class='ocr_line' id='line_1_44' title="bbox 219 1657 1272 1705; baseline -0.014 -8"><span class='ocrx_word' id='word_1_447' title='bbox 219 1676 375 1705; x_wconf 79' lang='lat' dir='ltr'>regnantem</span> <span class='ocrx_word' id='word_1_448' title='bbox 388 1669 487 1695; x_wconf 85' lang='lat' dir='ltr'>viderit</span> <span class='ocrx_word' id='word_1_449' title='bbox 502 1667 588 1693; x_wconf 82' lang='lat' dir='ltr'>aestas.</span> <span class='ocrx_word' id='word_1_450' title='bbox 704 1663 796 1689; x_wconf 85' lang='lat' dir='ltr'>lustin.</span> <span class='ocrx_word' id='word_1_451' title='bbox 811 1669 838 1695; x_wconf 85' lang='lat'>7,</span> <span class='ocrx_word' id='word_1_452' title='bbox 852 1663 876 1692; x_wconf 88' lang='lat'>6,</span> <span class='ocrx_word' id='word_1_453' title='bbox 892 1669 900 1685; x_wconf 97' lang='lat'>1</span> <span class='ocrx_word' id='word_1_454' title='bbox 938 1661 999 1685; x_wconf 89' lang='lat' dir='ltr'>Vno</span> <span class='ocrx_word' id='word_1_455' title='bbox 1020 1668 1050 1684; x_wconf 77' lang='lat' dir='ltr'>ex</span> <span class='ocrx_word' id='word_1_456' title='bbox 1066 1659 1194 1689; x_wconf 85' lang='lat' dir='ltr'>Amyntae</span> <span class='ocrx_word' id='word_1_457' title='bbox 1208 1657 1272 1684; x_wconf 80' lang='lat' dir='ltr'>filiis</span> 
     </span>
     <span class='ocr_line' id='line_1_45' title="bbox 219 1693 1273 1740; baseline -0.016 -7"><span class='ocrx_word' id='word_1_458' title='bbox 219 1711 355 1740; x_wconf 80' lang='lat' dir='ltr'>regnante.</span> <span class='ocrx_word' id='word_1_459' title='bbox 459 1700 638 1738; x_wconf 81' lang='lat' dir='ltr'>Regnautibus</span> <span class='ocrx_word' id='word_1_460' title='bbox 671 1698 762 1734; x_wconf 85' lang='lat' dir='ltr'>impiis</span> <span class='ocrx_word' id='word_1_461' title='bbox 793 1697 888 1723; x_wconf 83' lang='lat' dir='ltr'>ruinae</span> <span class='ocrx_word' id='word_1_462' title='bbox 919 1694 1060 1721; x_wconf 87' lang='lat' dir='ltr'>hominum</span> <span class='ocrx_word' id='word_1_463' title='bbox 1097 1693 1176 1728; x_wconf 83' lang='lat' dir='ltr'>Vulg.</span> <span class='ocrx_word' id='word_1_464' title='bbox 1211 1694 1273 1721; x_wconf 78' lang='lat' dir='ltr'>Pro.</span> 
     </span>
     <span class='ocr_line' id='line_1_46' title="bbox 219 1743 409 1773; baseline -0.011 -5"><span class='ocrx_word' id='word_1_465' title='bbox 219 1743 295 1768; x_wconf 82' lang='lat' dir='ltr'>verb.</span> <span class='ocrx_word' id='word_1_466' title='bbox 309 1746 350 1773; x_wconf 83' lang='lat'>28,</span> <span class='ocrx_word' id='word_1_467' title='bbox 372 1748 409 1766; x_wconf 88' lang='lat'>12.</span> 
     </span>
    </p>

    <p class='ocr_par' dir='ltr' id='par_1_7' title="bbox 219 1769 844 1882">
     <span class='ocr_line' id='line_1_47' title="bbox 256 1769 782 1805; baseline -0.015 -2"><span class='ocrx_word' id='word_1_468' title='bbox 256 1777 492 1804; x_wconf 65' lang='lat' dir='ltr'>REGNATVS,</span> <span class='ocrx_word' id='word_1_469' title='bbox 515 1781 546 1805; x_wconf 86' lang='lat' dir='ltr'>a,</span> <span class='ocrx_word' id='word_1_470' title='bbox 564 1779 619 1799; x_wconf 87' lang='lat' dir='ltr'>um.</span> <span class='ocrx_word' id='word_1_471' title='bbox 640 1771 735 1797; x_wconf 74' lang='lat' dir='ltr'>Panic.</span> <span class='ocrx_word' id='word_1_472' title='bbox 771 1769 782 1803; x_wconf 96' lang='lat'>[</span> 
     </span>
     <span class='ocr_line' id='line_1_48' title="bbox 219 1805 844 1847; baseline -0.016 -7"><span class='ocrx_word' id='word_1_473' title='bbox 219 1813 252 1840; x_wconf 84' lang='lat' dir='ltr'>Et</span> <span class='ocrx_word' id='word_1_474' title='bbox 265 1818 370 1847; x_wconf 80' lang='lat' dir='ltr'>regnata</span> <span class='ocrx_word' id='word_1_475' title='bbox 384 1817 470 1846; x_wconf 86' lang='lat' dir='ltr'>petam</span> <span class='ocrx_word' id='word_1_476' title='bbox 486 1809 585 1836; x_wconf 83' lang='lat' dir='ltr'>Laconi</span> <span class='ocrx_word' id='word_1_477' title='bbox 623 1807 694 1833; x_wconf 86' lang='lat' dir='ltr'>Rura</span> <span class='ocrx_word' id='word_1_478' title='bbox 707 1805 844 1832; x_wconf 82' lang='lat' dir='ltr'>Phalanto.</span> 
     </span>
     <span class='ocr_line' id='line_1_49' title="bbox 221 1847 577 1882; baseline -0.017 -7"><span class='ocrx_word' id='word_1_479' title='bbox 221 1857 262 1882; x_wconf 84' lang='lat'>²9-</span> <span class='ocrx_word' id='word_1_480' title='bbox 300 1855 322 1874; x_wconf 76' lang='lat' dir='ltr'>et</span> <span class='ocrx_word' id='word_1_481' title='bbox 335 1847 410 1881; x_wconf 78' lang='lat' dir='ltr'>Virg.</span> <span class='ocrx_word' id='word_1_482' title='bbox 425 1847 489 1873; x_wconf 83' lang='lat' dir='ltr'>Aen.</span> <span class='ocrx_word' id='word_1_483' title='bbox 503 1854 527 1878; x_wconf 76' lang='lat'>3,</span> <span class='ocrx_word' id='word_1_484' title='bbox 541 1853 577 1877; x_wconf 89' lang='lat'>¹4·</span> 
     </span>
    </p>

    <p class='ocr_par' dir='ltr' id='par_1_8' title="bbox 221 1873 1273 2061">
     <span class='ocr_line' id='line_1_50' title="bbox 257 1873 1046 1916; baseline -0.018 -5"><span class='ocrx_word' id='word_1_485' title='bbox 257 1891 277 1910; x_wconf 88' lang='lat' dir='ltr'>R</span> <span class='ocrx_word' id='word_1_486' title='bbox 288 1890 304 1910; x_wconf 85' lang='lat' dir='ltr'>E</span> <span class='ocrx_word' id='word_1_487' title='bbox 313 1890 334 1910; x_wconf 84' lang='lat' dir='ltr'>G</span> <span class='ocrx_word' id='word_1_488' title='bbox 345 1890 365 1909; x_wconf 85' lang='lat' dir='ltr'>N</span> <span class='ocrx_word' id='word_1_489' title='bbox 378 1884 400 1910; x_wconf 80' lang='grc' dir='ltr'><strong>Ᾰ</strong></span> <span class='ocrx_word' id='word_1_490' title='bbox 409 1888 430 1907; x_wconf 89' lang='grc' dir='ltr'>Τ</span> <span class='ocrx_word' id='word_1_491' title='bbox 440 1889 458 1908; x_wconf 92' lang='lat'>0</span> <span class='ocrx_word' id='word_1_492' title='bbox 472 1887 489 1907; x_wconf 84' lang='lat' dir='ltr'>R</span> <span class='ocrx_word' id='word_1_493' title='bbox 499 1903 508 1916; x_wconf 86' lang='lat'>‚</span> <span class='ocrx_word' id='word_1_494' title='bbox 527 1881 591 1906; x_wconf 76' lang='lat' dir='ltr'>oris.</span> <span class='ocrx_word' id='word_1_495' title='bbox 612 1887 647 1905; x_wconf 90' lang='lat' dir='ltr'>m.</span> <span class='ocrx_word' id='word_1_496' title='bbox 665 1873 850 1912; x_wconf 69' lang='grc' dir='ltr'>[βασιλευτὴς]</span> <span class='ocrx_word' id='word_1_497' title='bbox 882 1874 934 1908; x_wconf 73' lang='lat' dir='ltr'>Qu*</span> <span class='ocrx_word' id='word_1_498' title='bbox 947 1878 1046 1908; x_wconf 72' lang='lat' dir='ltr'>regnat.</span> 
     </span>
     <span class='ocr_line' id='line_1_51' title="bbox 221 1908 1082 1953; baseline -0.015 -6"><span class='ocrx_word' id='word_1_499' title='bbox 221 1920 293 1947; x_wconf 89' lang='lat' dir='ltr'>Prol.</span> <span class='ocrx_word' id='word_1_500' title='bbox 309 1927 342 1953; x_wconf 76' lang='lat'>45</span> <span class='ocrx_word' id='word_1_501' title='bbox 361 1919 498 1952; x_wconf 74' lang='lat' dir='ltr'>Regnator</span> <span class='ocrx_word' id='word_1_502' title='bbox 512 1915 608 1946; x_wconf 79' lang='lat' dir='ltr'>desini,</span> <span class='ocrx_word' id='word_1_503' title='bbox 626 1912 785 1941; x_wconf 69' lang='lat' dir='ltr'>architectus</span> <span class='ocrx_word' id='word_1_504' title='bbox 800 1909 924 1937; x_wconf 86' lang='lat' dir='ltr'>omnibus</span> <span class='ocrx_word' id='word_1_505' title='bbox 954 1908 1082 1942; x_wconf 84' lang='lat' dir='ltr'>Iuppiter.</span> 
     </span>
     <span class='ocr_line' id='line_1_52' title="bbox 221 1944 1273 1990; baseline -0.015 -8"><span class='ocrx_word' id='word_1_506' title='bbox 221 1955 311 1990; x_wconf 80' lang='lat' dir='ltr'>superi</span> <span class='ocrx_word' id='word_1_507' title='bbox 324 1960 448 1987; x_wconf 78' lang='lat' dir='ltr'>regnator</span> <span class='ocrx_word' id='word_1_508' title='bbox 467 1953 542 1985; x_wconf 80' lang='lat' dir='ltr'>Virg.</span> <span class='ocrx_word' id='word_1_509' title='bbox 557 1953 622 1977; x_wconf 86' lang='lat' dir='ltr'>Acii.</span> <span class='ocrx_word' id='word_1_510' title='bbox 636 1959 661 1982; x_wconf 78' lang='lat'>2,</span> <span class='ocrx_word' id='word_1_511' title='bbox 675 1957 736 1983; x_wconf 86' lang='lat'>779.</span> <span class='ocrx_word' id='word_1_512' title='bbox 808 1945 882 1981; x_wconf 74' lang='lat' dir='ltr'>Coris.</span> <span class='ocrx_word' id='word_1_513' title='bbox 896 1944 970 1970; x_wconf 84' lang='lat' dir='ltr'>Idem</span> <span class='ocrx_word' id='word_1_514' title='bbox 986 1944 1051 1969; x_wconf 82' lang='lat' dir='ltr'>Aen.</span> <span class='ocrx_word' id='word_1_515' title='bbox 1069 1952 1096 1976; x_wconf 90' lang='lat'>4,</span> <span class='ocrx_word' id='word_1_516' title='bbox 1112 1945 1169 1975; x_wconf 79' lang='lat'>269.</span> <span class='ocrx_word' id='word_1_517' title='bbox 1204 1949 1227 1968; x_wconf 74' lang='lat' dir='ltr'>ct</span> <span class='ocrx_word' id='word_1_518' title='bbox 1246 1951 1273 1976; x_wconf 69' lang='lat'>7,</span> 
     </span>
     <span class='ocr_line' id='line_1_53' title="bbox 223 1977 1273 2025; baseline -0.014 -7"><span class='ocrx_word' id='word_1_519' title='bbox 223 1996 276 2025; x_wconf 78' lang='lat'>558.</span> <span class='ocrx_word' id='word_1_520' title='bbox 347 1991 481 2024; x_wconf 82' lang='lat' dir='ltr'>Regnator</span> <span class='ocrx_word' id='word_1_521' title='bbox 493 1986 587 2021; x_wconf 83' lang='lat' dir='ltr'>agelli,</span> <span class='ocrx_word' id='word_1_522' title='bbox 609 1994 657 2018; x_wconf 85' lang='lat' dir='ltr'>pro</span> <span class='ocrx_word' id='word_1_523' title='bbox 670 1984 808 2010; x_wconf 63' lang='lat' dir='ltr'>Potl‘ess‘ore</span> <span class='ocrx_word' id='word_1_524' title='bbox 828 1980 944 2007; x_wconf 84' lang='lat' dir='ltr'>Martial.</span> <span class='ocrx_word' id='word_1_525' title='bbox 959 1982 1043 2011; x_wconf 82' lang='lat'>10,61.</span> <span class='ocrx_word' id='word_1_526' title='bbox 1158 1977 1273 2010; x_wconf 79' lang='lat' dir='ltr'>Illyricis</span> 
     </span>
     <span class='ocr_line' id='line_1_54' title="bbox 221 2013 1238 2061; baseline -0.014 -8"><span class='ocrx_word' id='word_1_527' title='bbox 221 2032 348 2061; x_wconf 69' lang='lat' dir='ltr'>regnator</span> <span class='ocrx_word' id='word_1_528' title='bbox 361 2024 453 2058; x_wconf 80' lang='lat' dir='ltr'>aquis,</span> <span class='ocrx_word' id='word_1_529' title='bbox 473 2023 540 2053; x_wconf 83' lang='lat' dir='ltr'>tibi,</span> <span class='ocrx_word' id='word_1_530' title='bbox 559 2020 638 2051; x_wconf 87' lang='lat' dir='ltr'>Nile,</span> <span class='ocrx_word' id='word_1_531' title='bbox 655 2018 781 2046; x_wconf 81' lang='lat' dir='ltr'>secundus</span> <span class='ocrx_word' id='word_1_532' title='bbox 802 2017 898 2042; x_wconf 72' lang='lat' dir='ltr'>miton.</span> <span class='ocrx_word' id='word_1_533' title='bbox 915 2015 1002 2049; x_wconf 85' lang='lat' dir='ltr'>Epigr.</span> <span class='ocrx_word' id='word_1_534' title='bbox 1017 2022 1037 2045; x_wconf 76' lang='lat'>3.</span> <span class='ocrx_word' id='word_1_535' title='bbox 1074 2013 1102 2038; x_wconf 78' lang='lat' dir='ltr'>de</span> <span class='ocrx_word' id='word_1_536' title='bbox 1114 2014 1238 2039; x_wconf 67' lang='lat' dir='ltr'>Danubio.</span> 
     </span>
    </p>

    <p class='ocr_par' dir='ltr' id='par_1_9' title="bbox 224 2048 1273 2127">
     <span class='ocr_line' id='line_1_55' title="bbox 259 2048 1273 2089; baseline -0.016 -1"><span class='ocrx_word' id='word_1_537' title='bbox 259 2069 278 2088; x_wconf 85' lang='lat' dir='ltr'>R</span> <span class='ocrx_word' id='word_1_538' title='bbox 288 2068 304 2088; x_wconf 86' lang='lat' dir='ltr'>E</span> <span class='ocrx_word' id='word_1_539' title='bbox 314 2068 335 2088; x_wconf 89' lang='lat' dir='ltr'>G</span> <span class='ocrx_word' id='word_1_540' title='bbox 344 2067 366 2086; x_wconf 83' lang='lat' dir='ltr'>N</span> <span class='ocrx_word' id='word_1_541' title='bbox 376 2061 400 2086; x_wconf 77' lang='grc' dir='ltr'><em>Ᾱ</em></span> <span class='ocrx_word' id='word_1_542' title='bbox 410 2064 432 2085; x_wconf 83' lang='lat' dir='ltr'>‘r</span> <span class='ocrx_word' id='word_1_543' title='bbox 444 2065 463 2084; x_wconf 78' lang='lat' dir='ltr'>R</span> <span class='ocrx_word' id='word_1_544' title='bbox 473 2065 483 2084; x_wconf 87' lang='lat'>1</span> <span class='ocrx_word' id='word_1_545' title='bbox 494 2064 511 2082; x_wconf 82' lang='lat' dir='ltr'>x</span> <span class='ocrx_word' id='word_1_546' title='bbox 521 2076 529 2089; x_wconf 89' lang='lat'>‚</span> <span class='ocrx_word' id='word_1_547' title='bbox 549 2056 607 2082; x_wconf 77' lang='lat' dir='ltr'>icis.</span> <span class='ocrx_word' id='word_1_548' title='bbox 637 2055 658 2081; x_wconf 88' lang='lat' dir='ltr'>f.</span> <span class='ocrx_word' id='word_1_549' title='bbox 694 2051 905 2087; x_wconf 67' lang='grc' dir='ltr'>[βκσιλεύτειρα]</span> <span class='ocrx_word' id='word_1_550' title='bbox 944 2050 978 2077; x_wconf 77' lang='lat' dir='ltr'>Vt</span> <span class='ocrx_word' id='word_1_551' title='bbox 986 2069 995 2082; x_wconf 90' lang='lat'>,</span> <span class='ocrx_word' id='word_1_552' title='bbox 1015 2049 1117 2075; x_wconf 81' lang='lat' dir='ltr'>Domus</span> <span class='ocrx_word' id='word_1_553' title='bbox 1138 2048 1273 2083; x_wconf 81' lang='lat' dir='ltr'>regnatrix</span> 
     </span>
     <span class='ocr_line' id='line_1_56' title="bbox 224 2097 516 2127; baseline -0.024 -2"><span class='ocrx_word' id='word_1_554' title='bbox 224 2097 317 2126; x_wconf 83' lang='lat' dir='ltr'>Tacit.</span> <span class='ocrx_word' id='word_1_555' title='bbox 331 2098 398 2123; x_wconf 86' lang='lat' dir='ltr'>Ann.</span> <span class='ocrx_word' id='word_1_556' title='bbox 413 2103 433 2127; x_wconf 89' lang='lat'>1,</span> <span class='ocrx_word' id='word_1_557' title='bbox 447 2102 478 2127; x_wconf 71' lang='lat'>4,</span> <span class='ocrx_word' id='word_1_558' title='bbox 489 2101 516 2126; x_wconf 90' lang='lat'>4.</span> 
     </span>
    </p>

    <p class='ocr_par' dir='ltr' id='par_1_10' title="bbox 260 2125 792 2162">
     <span class='ocr_line' id='line_1_57' title="bbox 260 2125 792 2162; baseline -0.024 -2"><span class='ocrx_word' id='word_1_559' title='bbox 260 2136 472 2162; x_wconf 78' lang='lat' dir='ltr'>REGRADO,</span> <span class='ocrx_word' id='word_1_560' title='bbox 497 2132 549 2155; x_wconf 63' lang='lat' dir='ltr'>rire.</span> <span class='ocrx_word' id='word_1_561' title='bbox 586 2125 701 2152; x_wconf 85' lang='lat' dir='ltr'>Hieron.</span> <span class='ocrx_word' id='word_1_562' title='bbox 739 2142 766 2161; x_wconf 40' lang='grc' dir='ltr'>,Ι</span> <span class='ocrx_word' id='word_1_563' title='bbox 785 2141 792 2148; x_wconf 94' lang='grc'>.</span> 
     </span>
    </p>

    <p class='ocr_par' dir='ltr' id='par_1_11' title="bbox 225 2159 792 2237">
     <span class='ocr_line' id='line_1_58' title="bbox 260 2159 792 2195; baseline -0.024 1"><span class='ocrx_word' id='word_1_564' title='bbox 260 2165 551 2195; x_wconf 59' lang='grc' dir='ltr'>ΒεειῑΑῡᾹΤνε,</span> <span class='ocrx_word' id='word_1_565' title='bbox 571 2170 602 2193; x_wconf 81' lang='lat' dir='ltr'>a,</span> <span class='ocrx_word' id='word_1_566' title='bbox 620 2170 675 2186; x_wconf 86' lang='lat' dir='ltr'>uin.</span> <span class='ocrx_word' id='word_1_567' title='bbox 697 2159 792 2185; x_wconf 78' lang='lat' dir='ltr'>Partic.</span> 
     </span>
     <span class='ocr_line' id='line_1_59' title="bbox 225 2197 660 2237; baseline -0.025 -5"><span class='ocrx_word' id='word_1_568' title='bbox 225 2213 248 2232; x_wconf 77' lang='lat' dir='ltr'>c.</span> <span class='ocrx_word' id='word_1_569' title='bbox 260 2213 282 2237; x_wconf 79' lang='lat'>3.</span> <span class='ocrx_word' id='word_1_570' title='bbox 354 2202 430 2237; x_wconf 82' lang='lat' dir='ltr'>Conf.</span> <span class='ocrx_word' id='word_1_571' title='bbox 448 2199 554 2227; x_wconf 75' lang='lat' dir='ltr'>Salmas.</span> <span class='ocrx_word' id='word_1_572' title='bbox 574 2200 601 2223; x_wconf 84' lang='lat' dir='ltr'>in</span> <span class='ocrx_word' id='word_1_573' title='bbox 615 2197 660 2223; x_wconf 87' lang='lat' dir='ltr'>loc.</span> 
     </span>
    </p>
   </div>
   <div class='ocr_carea' id='block_1_5' title="bbox 227 2222 1276 2382">
    <p class='ocr_par' dir='ltr' id='par_1_12' title="bbox 260 2222 1276 2268">
     <span class='ocr_line' id='line_1_60' title="bbox 260 2222 1276 2268; baseline -0.019 -2"><span class='ocrx_word' id='word_1_574' title='bbox 260 2247 280 2266; x_wconf 79' lang='lat' dir='ltr'>R</span> <span class='ocrx_word' id='word_1_575' title='bbox 290 2246 306 2268; x_wconf 82' lang='lat' dir='ltr'><strong>E</strong></span> <span class='ocrx_word' id='word_1_576' title='bbox 317 2246 363 2267; x_wconf 84' lang='lat' dir='ltr'>GR</span> <span class='ocrx_word' id='word_1_577' title='bbox 372 2246 393 2265; x_wconf 84' lang='lat' dir='ltr'>A</span> <span class='ocrx_word' id='word_1_578' title='bbox 402 2245 420 2264; x_wconf 90' lang='lat' dir='ltr'>D</span> <span class='ocrx_word' id='word_1_579' title='bbox 429 2243 451 2263; x_wconf 84' lang='lat' dir='ltr'><strong>A</strong></span> <span class='ocrx_word' id='word_1_580' title='bbox 461 2242 483 2262; x_wconf 90' lang='grc' dir='ltr'>Τ</span> <span class='ocrx_word' id='word_1_581' title='bbox 496 2242 505 2260; x_wconf 87' lang='lat'>1</span> <span class='ocrx_word' id='word_1_582' title='bbox 516 2241 534 2260; x_wconf 94' lang='lat' dir='ltr'>O</span> <span class='ocrx_word' id='word_1_583' title='bbox 543 2253 550 2265; x_wconf 87' lang='lat'>,</span> <span class='ocrx_word' id='word_1_584' title='bbox 568 2241 637 2258; x_wconf 75' lang='lat' dir='ltr'>onis.</span> <span class='ocrx_word' id='word_1_585' title='bbox 656 2230 676 2256; x_wconf 88' lang='lat' dir='ltr'>f.</span> <span class='ocrx_word' id='word_1_586' title='bbox 712 2227 811 2261; x_wconf 75' lang='lat' dir='ltr'>[Gloss&#39;.</span> <span class='ocrx_word' id='word_1_587' title='bbox 823 2227 869 2253; x_wconf 88' lang='lat' dir='ltr'>Gr.</span> <span class='ocrx_word' id='word_1_588' title='bbox 884 2226 941 2251; x_wconf 89' lang='lat' dir='ltr'>Lat.</span> <span class='ocrx_word' id='word_1_589' title='bbox 957 2222 1168 2256; x_wconf 67' lang='grc' dir='ltr'>καταβιβασμδς,</span> <span class='ocrx_word' id='word_1_590' title='bbox 1188 2231 1276 2257; x_wconf 80' lang='lat' dir='ltr'>regra-</span> 
     </span>
    </p>

    <p class='ocr_par' dir='ltr' id='par_1_13' title="bbox 228 2259 1275 2339">
     <span class='ocr_line' id='line_1_61' title="bbox 228 2259 1239 2309; baseline -0.015 -11"><span class='ocrx_word' id='word_1_591' title='bbox 228 2276 325 2309; x_wconf 54' lang='grc' dir='ltr'>ἁδεῖα]</span> <span class='ocrx_word' id='word_1_592' title='bbox 360 2272 433 2309; x_wconf 65' lang='lat' dir='ltr'>Coris.</span> <span class='ocrx_word' id='word_1_593' title='bbox 445 2269 556 2298; x_wconf 86' lang='lat' dir='ltr'>Theod.</span> <span class='ocrx_word' id='word_1_594' title='bbox 570 2267 636 2294; x_wconf 90' lang='lat' dir='ltr'>Cod.</span> <span class='ocrx_word' id='word_1_595' title='bbox 649 2266 691 2293; x_wconf 89' lang='lat' dir='ltr'>tit.</span> <span class='ocrx_word' id='word_1_596' title='bbox 708 2270 721 2294; x_wconf 77' lang='lat'>8</span> <span class='ocrx_word' id='word_1_597' title='bbox 735 2264 752 2290; x_wconf 96' lang='lat' dir='ltr'>l.</span> <span class='ocrx_word' id='word_1_598' title='bbox 767 2271 789 2295; x_wconf 75' lang='grc' dir='ltr'>ς.</span> <span class='ocrx_word' id='word_1_599' title='bbox 831 2269 854 2288; x_wconf 84' lang='lat' dir='ltr'>ct</span> <span class='ocrx_word' id='word_1_600' title='bbox 869 2261 953 2287; x_wconf 75' lang='lat' dir='ltr'>vales.</span> <span class='ocrx_word' id='word_1_601' title='bbox 970 2261 997 2285; x_wconf 91' lang='lat' dir='ltr'>in</span> <span class='ocrx_word' id='word_1_602' title='bbox 1011 2259 1144 2299; x_wconf 76' lang='lat' dir='ltr'>Aniniian.</span> <span class='ocrx_word' id='word_1_603' title='bbox 1160 2268 1183 2292; x_wconf 89' lang='lat' dir='ltr'>p.</span> <span class='ocrx_word' id='word_1_604' title='bbox 1199 2261 1239 2290; x_wconf 83' lang='lat'>63.</span> 
     </span>
     <span class='ocr_line' id='line_1_62' title="bbox 265 2293 1275 2339; baseline -0.013 -1"><span class='ocrx_word' id='word_1_605' title='bbox 265 2313 519 2339; x_wconf 76' lang='lat' dir='ltr'>REGREDIOR,</span> <span class='ocrx_word' id='word_1_606' title='bbox 547 2303 615 2335; x_wconf 67' lang='lat' dir='ltr'>eris,</span> <span class='ocrx_word' id='word_1_607' title='bbox 645 2300 740 2335; x_wconf 78' lang='lat' dir='ltr'>greffiis</span> <span class='ocrx_word' id='word_1_608' title='bbox 762 2299 836 2330; x_wconf 88' lang='lat' dir='ltr'>sum,</span> <span class='ocrx_word' id='word_1_609' title='bbox 866 2296 918 2323; x_wconf 60' lang='lat' dir='ltr'>ffli-</span> <span class='ocrx_word' id='word_1_610' title='bbox 955 2294 1105 2328; x_wconf 60' lang='lat' dir='ltr'>[u&#39;mxvlswi</span> <span class='ocrx_word' id='word_1_611' title='bbox 1125 2293 1275 2327; x_wconf 62' lang='grc' dir='ltr'>οένακωεὲω]</span> 
     </span>
    </p>

    <p class='ocr_par' dir='ltr' id='par_1_14' title="bbox 227 2328 1275 2382">
     <span class='ocr_line' id='line_1_63' title="bbox 227 2328 1275 2382; baseline -0.006 -24"><span class='ocrx_word' id='word_1_612' title='bbox 227 2348 305 2375; x_wconf 52' lang='lat' dir='ltr'><em>Retro</em></span> <span class='ocrx_word' id='word_1_613' title='bbox 319 2346 411 2382; x_wconf 55' lang='lat' dir='ltr'>gradi,</span> <span class='ocrx_word' id='word_1_614' title='bbox 430 2344 532 2371; x_wconf 47' lang='lat' dir='ltr'>ramni,</span> <span class='ocrx_word' id='word_1_615' title='bbox 585 2340 666 2365; x_wconf 76' lang='lat' dir='ltr'>Plaut.</span> <span class='ocrx_word' id='word_1_616' title='bbox 680 2335 741 2362; x_wconf 83' lang='lat' dir='ltr'>Aul.</span> <span class='ocrx_word' id='word_1_617' title='bbox 757 2342 782 2366; x_wconf 81' lang='grc' dir='ltr'>ι,</span> <span class='ocrx_word' id='word_1_618' title='bbox 797 2342 821 2365; x_wconf 79' lang='grc' dir='ltr'>ι,</span> <span class='ocrx_word' id='word_1_619' title='bbox 836 2340 853 2367; x_wconf 88' lang='lat'><strong>7</strong></span> <span class='ocrx_word' id='word_1_620' title='bbox 894 2330 959 2358; x_wconf 91' lang='lat' dir='ltr'>Illuc</span> <span class='ocrx_word' id='word_1_621' title='bbox 981 2329 1120 2363; x_wconf 82' lang='lat' dir='ltr'>regredere</span> <span class='ocrx_word' id='word_1_622' title='bbox 1143 2328 1176 2354; x_wconf 91' lang='lat' dir='ltr'>ab</span> <span class='ocrx_word' id='word_1_623' title='bbox 1197 2329 1275 2353; x_wconf 82' lang='lat' dir='ltr'>ostio.</span> 
     </span>
    </p>
   </div>
   <div class='ocr_carea' id='block_1_6' title="bbox 229 2363 1277 2433">
    <p class='ocr_par' dir='ltr' id='par_1_15' title="bbox 229 2363 1277 2433">
     <span class='ocr_line' id='line_1_64' title="bbox 229 2363 1277 2413; baseline -0.022 -3"><span class='ocrx_word' id='word_1_624' title='bbox 229 2384 286 2410; x_wconf 85' lang='lat' dir='ltr'>Cic.</span> <span class='ocrx_word' id='word_1_625' title='bbox 301 2383 352 2409; x_wconf 83' lang='lat' dir='ltr'>Att.</span> <span class='ocrx_word' id='word_1_626' title='bbox 367 2387 391 2411; x_wconf 76' lang='lat'>8,</span> <span class='ocrx_word' id='word_1_627' title='bbox 409 2389 437 2413; x_wconf 88' lang='lat'>19</span> <span class='ocrx_word' id='word_1_628' title='bbox 456 2375 639 2411; x_wconf 79' lang='lat' dir='ltr'>Quamobrem</span> <span class='ocrx_word' id='word_1_629' title='bbox 654 2371 740 2398; x_wconf 88' lang='lat' dir='ltr'>nolito</span> <span class='ocrx_word' id='word_1_630' title='bbox 754 2367 931 2398; x_wconf 79' lang='lat' dir='ltr'>commoneri,</span> <span class='ocrx_word' id='word_1_631' title='bbox 945 2365 962 2391; x_wconf 82' lang='lat' dir='ltr'>fi</span> <span class='ocrx_word' id='word_1_632' title='bbox 976 2364 1092 2392; x_wconf 75' lang='lat' dir='ltr'>audieris</span> <span class='ocrx_word' id='word_1_633' title='bbox 1107 2372 1149 2390; x_wconf 88' lang='lat' dir='ltr'>me</span> <span class='ocrx_word' id='word_1_634' title='bbox 1163 2363 1277 2403; x_wconf 71' lang='lat' dir='ltr'>regredi,</span> 
     </span>
     <span class='ocr_line' id='line_1_65' title="bbox 383 2401 1275 2433; baseline -0.012 2"><span class='ocrx_word' id='word_1_635' title='bbox 383 2412 386 2414; x_wconf 75' lang='grc'>’</span> <span class='ocrx_word' id='word_1_636' title='bbox 761 2405 818 2431; x_wconf 86' lang='lat' dir='ltr'>Cic.</span> <span class='ocrx_word' id='word_1_637' title='bbox 832 2402 884 2429; x_wconf 77' lang='lat' dir='ltr'>Off.</span> <span class='ocrx_word' id='word_1_638' title='bbox 901 2411 919 2433; x_wconf 93' lang='lat'>1,</span> <span class='ocrx_word' id='word_1_639' title='bbox 932 2409 958 2433; x_wconf 76' lang='lat'>33</span> <span class='ocrx_word' id='word_1_640' title='bbox 974 2410 994 2426; x_wconf 92' lang='lat' dir='ltr'>c.</span> <span class='ocrx_word' id='word_1_641' title='bbox 1010 2409 1038 2426; x_wconf 89' lang='lat'>10</span> <span class='ocrx_word' id='word_1_642' title='bbox 1072 2401 1140 2426; x_wconf 84' lang='lat' dir='ltr'>Cum</span> <span class='ocrx_word' id='word_1_643' title='bbox 1154 2406 1275 2433; x_wconf 74' lang='lat' dir='ltr'>Vtrisque</span> 
     </span>
    </p>
   </div>
   <div class='ocr_carea' id='block_1_7' title="bbox 789 1765 1274 1834">
    <p class='ocr_par' dir='ltr' id='par_1_16' title="bbox 789 1765 1274 1834">
     <span class='ocr_line' id='line_1_66' title="bbox 789 1765 1273 1799; baseline -0.008 -5"><span class='ocrx_word' id='word_1_644' title='bbox 789 1765 963 1799; x_wconf 65' lang='grc' dir='ltr'>βασιλευθεὶς]</span> <span class='ocrx_word' id='word_1_645' title='bbox 999 1765 1067 1792; x_wconf 87' lang='lat' dir='ltr'>Hor.</span> <span class='ocrx_word' id='word_1_646' title='bbox 1082 1765 1202 1796; x_wconf 71' lang='lat' dir='ltr'>Carme,</span> <span class='ocrx_word' id='word_1_647' title='bbox 1209 1766 1236 1797; x_wconf 87' lang='lat'>6,</span> <span class='ocrx_word' id='word_1_648' title='bbox 1249 1772 1273 1790; x_wconf 89' lang='grc' dir='ltr'>ιι</span> 
     </span>
     <span class='ocr_line' id='line_1_67' title="bbox 921 1800 1274 1834; baseline -0.008 -5"><span class='ocrx_word' id='word_1_649' title='bbox 921 1801 979 1829; x_wconf 64' lang='lat' dir='ltr'>Vni.</span> <span class='ocrx_word' id='word_1_650' title='bbox 1002 1800 1076 1827; x_wconf 85' lang='lat' dir='ltr'>Idem</span> <span class='ocrx_word' id='word_1_651' title='bbox 1093 1801 1181 1827; x_wconf 89' lang='lat' dir='ltr'>Carni.</span> <span class='ocrx_word' id='word_1_652' title='bbox 1195 1808 1217 1832; x_wconf 82' lang='lat'>3,</span> <span class='ocrx_word' id='word_1_653' title='bbox 1232 1807 1274 1834; x_wconf 83' lang='lat'>27,</span> 
     </span>
    </p>
   </div>
   <div class='ocr_carea' id='block_1_8' title="bbox 1083 1866 1272 1905">
    <p class='ocr_par' dir='ltr' id='par_1_17' title="bbox 1083 1866 1272 1905">
     <span class='ocr_line' id='line_1_68' title="bbox 1083 1866 1272 1905; baseline -0.011 -7"><span class='ocrx_word' id='word_1_654' title='bbox 1083 1866 1165 1898; x_wconf 84' lang='lat' dir='ltr'>Plaut.</span> <span class='ocrx_word' id='word_1_655' title='bbox 1175 1869 1272 1905; x_wconf 85' lang='lat' dir='ltr'>Amph.</span> 
     </span>
    </p>
   </div>
   <div class='ocr_carea' id='block_1_9' title="bbox 829 2118 1272 2189">
    <p class='ocr_par' dir='ltr' id='par_1_18' title="bbox 829 2118 1272 2189">
     <span class='ocr_line' id='line_1_69' title="bbox 829 2118 1238 2155; baseline -0.002 -9"><span class='ocrx_word' id='word_1_656' title='bbox 829 2120 940 2147; x_wconf 68' lang='lat' dir='ltr'>Crudum</span> <span class='ocrx_word' id='word_1_657' title='bbox 957 2118 1071 2154; x_wconf 70' lang='lat' dir='ltr'>referre,</span> <span class='ocrx_word' id='word_1_658' title='bbox 1088 2118 1238 2155; x_wconf 75' lang='lat' dir='ltr'>retrogredi.</span> 
     </span>
     <span class='ocr_line' id='line_1_70' title="bbox 835 2154 1272 2189; baseline -0.002 -8"><span class='ocrx_word' id='word_1_659' title='bbox 835 2156 870 2183; x_wconf 82' lang='lat' dir='ltr'>Vt</span> <span class='ocrx_word' id='word_1_660' title='bbox 880 2175 889 2188; x_wconf 89' lang='lat'>,</span> <span class='ocrx_word' id='word_1_661' title='bbox 909 2154 1051 2189; x_wconf 81' lang='lat' dir='ltr'>Regradati</span> <span class='ocrx_word' id='word_1_662' title='bbox 1064 2155 1165 2180; x_wconf 81' lang='lat' dir='ltr'>menses</span> <span class='ocrx_word' id='word_1_663' title='bbox 1190 2154 1272 2180; x_wconf 82' lang='lat' dir='ltr'>Solin.</span> 
     </span>
    </p>
   </div>
   <div class='ocr_carea' id='block_1_10' title="bbox 231 2411 654 2445">
    <p class='ocr_par' dir='ltr' id='par_1_19' title="bbox 231 2411 654 2445">
     <span class='ocr_line' id='line_1_71' title="bbox 231 2411 654 2445; baseline -0.026 1"><span class='ocrx_word' id='word_1_664' title='bbox 231 2419 249 2445; x_wconf 80' lang='lat' dir='ltr'>n</span> <span class='ocrx_word' id='word_1_665' title='bbox 263 2419 333 2445; x_wconf 89' lang='lat' dir='ltr'>forte</span> <span class='ocrx_word' id='word_1_666' title='bbox 346 2417 440 2445; x_wconf 77' lang='lat' dir='ltr'>Caesar</span> <span class='ocrx_word' id='word_1_667' title='bbox 453 2414 486 2442; x_wconf 85' lang='lat' dir='ltr'>ad</span> <span class='ocrx_word' id='word_1_668' title='bbox 500 2422 542 2439; x_wconf 90' lang='lat' dir='ltr'>inc</span> <span class='ocrx_word' id='word_1_669' title='bbox 555 2411 654 2438; x_wconf 84' lang='lat' dir='ltr'>veniet.</span> 
     </span>
    </p>
   </div>
   <div class='ocr_carea' id='block_1_11' title="bbox 229 2434 1640 2490">
    <p class='ocr_par' dir='ltr' id='par_1_20' title="bbox 229 2434 1640 2490">
     <span class='ocr_line' id='line_1_72' title="bbox 229 2434 1640 2490; baseline -0.015 -8"><span class='ocrx_word' id='word_1_670' title='bbox 229 2453 369 2490; x_wconf 80' lang='lat' dir='ltr'>separatim</span> <span class='ocrx_word' id='word_1_671' title='bbox 390 2453 527 2481; x_wconf 87' lang='lat' dir='ltr'>locutum,</span> <span class='ocrx_word' id='word_1_672' title='bbox 545 2456 578 2474; x_wconf 88' lang='lat' dir='ltr'>ne</span> <span class='ocrx_word' id='word_1_673' title='bbox 597 2442 692 2480; x_wconf 87' lang='lat' dir='ltr'>cupide</span> <span class='ocrx_word' id='word_1_674' title='bbox 713 2440 779 2477; x_wconf 89' lang='lat' dir='ltr'>quid</span> <span class='ocrx_word' id='word_1_675' title='bbox 798 2444 922 2475; x_wconf 80' lang='lat' dir='ltr'>agerent,</span> <span class='ocrx_word' id='word_1_676' title='bbox 943 2445 992 2462; x_wconf 84' lang='lat' dir='ltr'>nec</span> <span class='ocrx_word' id='word_1_677' title='bbox 1013 2441 1179 2470; x_wconf 83' lang='lat' dir='ltr'>appeterent,</span> <span class='ocrx_word' id='word_1_678' title='bbox 1198 2441 1278 2468; x_wconf 74' lang='lat' dir='ltr'>atque</span> <span class='ocrx_word' id='word_1_679' title='bbox 1290 2434 1321 2465; x_wconf 80' lang='lat'>65</span> <span class='ocrx_word' id='word_1_680' title='bbox 1339 2438 1420 2465; x_wconf 86' lang='lat' dir='ltr'>kenb.</span> <span class='ocrx_word' id='word_1_681' title='bbox 1437 2438 1469 2463; x_wconf 77' lang='lat' dir='ltr'>ad</span> <span class='ocrx_word' id='word_1_682' title='bbox 1482 2437 1527 2463; x_wconf 82' lang='lat' dir='ltr'>Sil.</span> <span class='ocrx_word' id='word_1_683' title='bbox 1541 2441 1564 2467; x_wconf 79' lang='lat'>8,</span> <span class='ocrx_word' id='word_1_684' title='bbox 1584 2438 1640 2469; x_wconf 84' lang='lat'>671.</span> 
     </span>
    </p>
   </div>
   <div class='ocr_carea' id='block_1_12' title="bbox 230 2470 1284 3159">
    <p class='ocr_par' dir='ltr' id='par_1_21' title="bbox 230 2470 1280 2627">
     <span class='ocr_line' id='line_1_73' title="bbox 230 2470 1280 2524; baseline -0.024 -5"><span class='ocrx_word' id='word_1_685' title='bbox 230 2497 260 2518; x_wconf 82' lang='lat' dir='ltr'>vt</span> <span class='ocrx_word' id='word_1_686' title='bbox 273 2489 377 2524; x_wconf 79' lang='lat' dir='ltr'>regredi</span> <span class='ocrx_word' id='word_1_687' title='bbox 392 2496 470 2523; x_wconf 87' lang='lat' dir='ltr'>quani</span> <span class='ocrx_word' id='word_1_688' title='bbox 485 2483 610 2520; x_wconf 82' lang='lat' dir='ltr'>progredi</span> <span class='ocrx_word' id='word_1_689' title='bbox 623 2480 742 2508; x_wconf 85' lang='lat' dir='ltr'>mallent.</span> <span class='ocrx_word' id='word_1_690' title='bbox 837 2473 877 2501; x_wconf 83' lang='lat' dir='ltr'>Ad</span> <span class='ocrx_word' id='word_1_691' title='bbox 891 2471 1045 2500; x_wconf 77' lang='lat' dir='ltr'>formandos</span> <span class='ocrx_word' id='word_1_692' title='bbox 1063 2471 1165 2497; x_wconf 84' lang='lat' dir='ltr'>animos</span> <span class='ocrx_word' id='word_1_693' title='bbox 1175 2490 1183 2502; x_wconf 92' lang='lat'>,</span> <span class='ocrx_word' id='word_1_694' title='bbox 1203 2470 1280 2496; x_wconf 83' lang='lat' dir='ltr'>statu-</span> 
     </span>
     <span class='ocr_line' id='line_1_74' title="bbox 232 2505 1278 2560; baseline -0.024 -6"><span class='ocrx_word' id='word_1_695' title='bbox 232 2526 364 2560; x_wconf 80' lang='lat' dir='ltr'>endasque</span> <span class='ocrx_word' id='word_1_696' title='bbox 378 2525 449 2551; x_wconf 85' lang='lat' dir='ltr'>vitae</span> <span class='ocrx_word' id='word_1_697' title='bbox 464 2523 533 2556; x_wconf 78' lang='lat' dir='ltr'>leges</span> <span class='ocrx_word' id='word_1_698' title='bbox 546 2517 664 2553; x_wconf 74' lang='lat' dir='ltr'>regi-effi,</span> <span class='ocrx_word' id='word_1_699' title='bbox 683 2520 785 2549; x_wconf 83' lang='lat' dir='ltr'>partein</span> <span class='ocrx_word' id='word_1_700' title='bbox 799 2511 908 2546; x_wconf 84' lang='lat' dir='ltr'>quidem</span> <span class='ocrx_word' id='word_1_701' title='bbox 922 2508 1056 2548; x_wconf 74' lang='lat' dir='ltr'>potiorem</span> <span class='ocrx_word' id='word_1_702' title='bbox 1072 2506 1107 2539; x_wconf 92' lang='lat' dir='ltr'>(si</span> <span class='ocrx_word' id='word_1_703' title='bbox 1121 2505 1208 2547; x_wconf 78' lang='lat' dir='ltr'>diuidi</span> <span class='ocrx_word' id='word_1_704' title='bbox 1221 2506 1278 2548; x_wconf 82' lang='lat' dir='ltr'>pos.</span> 
     </span>
     <span class='ocr_line' id='line_1_75' title="bbox 232 2541 1277 2593; baseline -0.023 -3"><span class='ocrx_word' id='word_1_705' title='bbox 232 2563 288 2593; x_wconf 87' lang='lat' dir='ltr'>set)</span> <span class='ocrx_word' id='word_1_706' title='bbox 303 2561 473 2588; x_wconf 81' lang='lat' dir='ltr'>retinuerunt</span> <span class='ocrx_word' id='word_1_707' title='bbox 493 2553 622 2590; x_wconf 65' lang='lat' dir='ltr'>Qi‘inetil.</span> <span class='ocrx_word' id='word_1_708' title='bbox 637 2554 758 2579; x_wconf 82' lang='lat' dir='ltr'>Proocni.</span> <span class='ocrx_word' id='word_1_709' title='bbox 775 2557 794 2574; x_wconf 92' lang='lat' dir='ltr'>i.</span> <span class='ocrx_word' id='word_1_710' title='bbox 904 2545 935 2570; x_wconf 86' lang='lat' dir='ltr'>In</span> <span class='ocrx_word' id='word_1_711' title='bbox 949 2543 1085 2570; x_wconf 82' lang='lat' dir='ltr'>infinitum</span> <span class='ocrx_word' id='word_1_712' title='bbox 1106 2541 1277 2569; x_wconf 68' lang='lat' dir='ltr'>Cic.dekato</span> 
     </span>
     <span class='ocr_line' id='line_1_76' title="bbox 233 2581 1059 2627; baseline -0.028 -2"><span class='ocrx_word' id='word_1_713' title='bbox 233 2607 254 2624; x_wconf 89' lang='lat' dir='ltr'>c.</span> <span class='ocrx_word' id='word_1_714' title='bbox 269 2607 302 2627; x_wconf 82' lang='grc' dir='ltr'>ις.</span> <span class='ocrx_word' id='word_1_715' title='bbox 405 2596 436 2621; x_wconf 82' lang='lat' dir='ltr'>In</span> <span class='ocrx_word' id='word_1_716' title='bbox 453 2591 612 2621; x_wconf 82' lang='lat' dir='ltr'>memoriam</span> <span class='ocrx_word' id='word_1_717' title='bbox 627 2585 732 2621; x_wconf 78' lang='lat' dir='ltr'>regredi</span> <span class='ocrx_word' id='word_1_718' title='bbox 758 2584 841 2610; x_wconf 85' lang='lat' dir='ltr'>Plaut.</span> <span class='ocrx_word' id='word_1_719' title='bbox 854 2582 927 2615; x_wconf 91' lang='lat' dir='ltr'>Capt.</span> <span class='ocrx_word' id='word_1_720' title='bbox 942 2589 964 2612; x_wconf 86' lang='lat'>5,</span> <span class='ocrx_word' id='word_1_721' title='bbox 977 2588 1002 2611; x_wconf 81' lang='lat'>4,</span> <span class='ocrx_word' id='word_1_722' title='bbox 1017 2581 1059 2605; x_wconf 84' lang='lat'>26.</span> 
     </span>
    </p>

    <p class='ocr_par' dir='ltr' id='par_1_22' title="bbox 233 2628 1279 2734">
     <span class='ocr_line' id='line_1_77' title="bbox 269 2628 939 2662; baseline -0.022 -3"><span class='ocrx_word' id='word_1_723' title='bbox 269 2628 551 2662; x_wconf 66' lang='lat' dir='ltr'>REGRfiDo,ere.</span> <span class='ocrx_word' id='word_1_724' title='bbox 935 2652 939 2655; x_wconf 90' lang='lat'>.</span> 
     </span>
     <span class='ocr_line' id='line_1_78' title="bbox 233 2649 1279 2697; baseline -0.022 -1"><span class='ocrx_word' id='word_1_725' title='bbox 233 2668 332 2697; x_wconf 80' lang='lat' dir='ltr'>Ennius</span> <span class='ocrx_word' id='word_1_726' title='bbox 349 2666 452 2693; x_wconf 86' lang='lat' dir='ltr'>Achille</span> <span class='ocrx_word' id='word_1_727' title='bbox 464 2685 472 2696; x_wconf 92' lang='lat'>,</span> <span class='ocrx_word' id='word_1_728' title='bbox 492 2665 554 2696; x_wconf 82' lang='lat' dir='ltr'>Qio</span> <span class='ocrx_word' id='word_1_729' title='bbox 574 2669 642 2688; x_wconf 89' lang='lat' dir='ltr'>nunc</span> <span class='ocrx_word' id='word_1_730' title='bbox 661 2660 759 2685; x_wconf 83' lang='lat' dir='ltr'>incerta</span> <span class='ocrx_word' id='word_1_731' title='bbox 773 2664 815 2685; x_wconf 86' lang='lat' dir='ltr'>re,</span> <span class='ocrx_word' id='word_1_732' title='bbox 839 2659 918 2688; x_wconf 84' lang='lat' dir='ltr'>atquc</span> <span class='ocrx_word' id='word_1_733' title='bbox 932 2656 1051 2682; x_wconf 83' lang='lat' dir='ltr'>morata,</span> <span class='ocrx_word' id='word_1_734' title='bbox 1071 2649 1181 2684; x_wconf 85' lang='lat' dir='ltr'>gradum</span> <span class='ocrx_word' id='word_1_735' title='bbox 1193 2657 1279 2684; x_wconf 84' lang='lat' dir='ltr'>regre-</span> 
     </span>
     <span class='ocr_line' id='line_1_79' title="bbox 233 2691 890 2734; baseline -0.029 -1"><span class='ocrx_word' id='word_1_736' title='bbox 233 2705 297 2732; x_wconf 84' lang='lat' dir='ltr'>dere</span> <span class='ocrx_word' id='word_1_737' title='bbox 310 2712 403 2730; x_wconf 84' lang='lat' dir='ltr'>conare</span> <span class='ocrx_word' id='word_1_738' title='bbox 416 2703 426 2728; x_wconf 72' lang='lat'>3</span> <span class='ocrx_word' id='word_1_739' title='bbox 498 2697 573 2734; x_wconf 75' lang='lat' dir='ltr'>Cous.</span> <span class='ocrx_word' id='word_1_740' title='bbox 599 2694 709 2723; x_wconf 69' lang='lat' dir='ltr'>Turrzcb.</span> <span class='ocrx_word' id='word_1_741' title='bbox 722 2691 789 2719; x_wconf 74' lang='lat' dir='ltr'>Adu.</span> <span class='ocrx_word' id='word_1_742' title='bbox 803 2699 836 2722; x_wconf 69' lang='lat'>15,</span> <span class='ocrx_word' id='word_1_743' title='bbox 851 2698 890 2729; x_wconf 69' lang='lat'>24.</span> 
     </span>
    </p>

    <p class='ocr_par' dir='ltr' id='par_1_23' title="bbox 234 2719 1280 2804">
     <span class='ocr_line' id='line_1_80' title="bbox 272 2719 1280 2767; baseline -0.023 0"><span class='ocrx_word' id='word_1_744' title='bbox 272 2748 290 2767; x_wconf 85' lang='lat' dir='ltr'>R</span> <span class='ocrx_word' id='word_1_745' title='bbox 300 2747 316 2766; x_wconf 84' lang='lat' dir='ltr'>E</span> <span class='ocrx_word' id='word_1_746' title='bbox 327 2746 346 2765; x_wconf 85' lang='lat' dir='ltr'>G</span> <span class='ocrx_word' id='word_1_747' title='bbox 358 2746 377 2765; x_wconf 83' lang='lat' dir='ltr'>R</span> <span class='ocrx_word' id='word_1_748' title='bbox 386 2745 402 2764; x_wconf 79' lang='lat' dir='ltr'>E</span> <span class='ocrx_word' id='word_1_749' title='bbox 413 2746 425 2765; x_wconf 88' lang='lat' dir='ltr'>s</span> <span class='ocrx_word' id='word_1_750' title='bbox 436 2743 477 2763; x_wconf 75' lang='lat' dir='ltr'>SV</span> <span class='ocrx_word' id='word_1_751' title='bbox 487 2742 499 2761; x_wconf 86' lang='lat' dir='ltr'>s</span> <span class='ocrx_word' id='word_1_752' title='bbox 508 2755 516 2767; x_wconf 83' lang='lat'>,</span> <span class='ocrx_word' id='word_1_753' title='bbox 536 2744 550 2761; x_wconf 82' lang='lat' dir='ltr'>a</span> <span class='ocrx_word' id='word_1_754' title='bbox 559 2753 567 2767; x_wconf 90' lang='lat'>,</span> <span class='ocrx_word' id='word_1_755' title='bbox 583 2742 638 2759; x_wconf 88' lang='lat' dir='ltr'>uin.</span> <span class='ocrx_word' id='word_1_756' title='bbox 679 2728 774 2767; x_wconf 76' lang='lat' dir='ltr'>Partic.</span> <span class='ocrx_word' id='word_1_757' title='bbox 812 2725 903 2765; x_wconf 79' lang='lat' dir='ltr'>lustin.</span> <span class='ocrx_word' id='word_1_758' title='bbox 915 2731 959 2756; x_wconf 81' lang='lat'>22,</span> <span class='ocrx_word' id='word_1_759' title='bbox 971 2731 1005 2755; x_wconf 90' lang='lat'>4,</span> <span class='ocrx_word' id='word_1_760' title='bbox 1017 2730 1036 2755; x_wconf 93' lang='lat'>4</span> <span class='ocrx_word' id='word_1_761' title='bbox 1069 2720 1133 2747; x_wconf 87' lang='lat' dir='ltr'>Inde</span> <span class='ocrx_word' id='word_1_762' title='bbox 1152 2719 1280 2754; x_wconf 72' lang='lat' dir='ltr'>regreffiis</span> 
     </span>
     <span class='ocr_line' id='line_1_81' title="bbox 234 2761 1002 2804; baseline -0.027 0"><span class='ocrx_word' id='word_1_763' title='bbox 234 2778 341 2804; x_wconf 88' lang='lat' dir='ltr'>Cretam</span> <span class='ocrx_word' id='word_1_764' title='bbox 356 2771 538 2800; x_wconf 78' lang='lat' dir='ltr'>contenderat.</span> <span class='ocrx_word' id='word_1_765' title='bbox 608 2765 681 2801; x_wconf 78' lang='lat' dir='ltr'>Conf.</span> <span class='ocrx_word' id='word_1_766' title='bbox 697 2765 787 2791; x_wconf 89' lang='lat' dir='ltr'>Tacit.</span> <span class='ocrx_word' id='word_1_767' title='bbox 800 2761 868 2787; x_wconf 79' lang='lat' dir='ltr'>Hist.</span> <span class='ocrx_word' id='word_1_768' title='bbox 884 2768 910 2792; x_wconf 88' lang='lat'>2,</span> <span class='ocrx_word' id='word_1_769' title='bbox 922 2767 968 2793; x_wconf 75' lang='lat'>74,</span> <span class='ocrx_word' id='word_1_770' title='bbox 981 2766 1002 2790; x_wconf 84' lang='lat'>5.</span> 
     </span>
    </p>

    <p class='ocr_par' dir='ltr' id='par_1_24' title="bbox 233 2795 1284 3159">
     <span class='ocr_line' id='line_1_82' title="bbox 269 2795 1076 2838; baseline -0.029 1"><span class='ocrx_word' id='word_1_771' title='bbox 269 2819 288 2838; x_wconf 75' lang='lat' dir='ltr'>R</span> <span class='ocrx_word' id='word_1_772' title='bbox 296 2818 313 2838; x_wconf 71' lang='lat' dir='ltr'>E</span> <span class='ocrx_word' id='word_1_773' title='bbox 324 2816 343 2837; x_wconf 83' lang='lat'>&lt;3</span> <span class='ocrx_word' id='word_1_774' title='bbox 356 2817 375 2837; x_wconf 79' lang='lat' dir='ltr'>R</span> <span class='ocrx_word' id='word_1_775' title='bbox 384 2816 400 2836; x_wconf 87' lang='lat' dir='ltr'>E</span> <span class='ocrx_word' id='word_1_776' title='bbox 409 2817 421 2837; x_wconf 89' lang='lat' dir='ltr'>S</span> <span class='ocrx_word' id='word_1_777' title='bbox 431 2815 443 2835; x_wconf 89' lang='lat' dir='ltr'>S</span> <span class='ocrx_word' id='word_1_778' title='bbox 452 2815 473 2835; x_wconf 93' lang='lat' dir='ltr'>V</span> <span class='ocrx_word' id='word_1_779' title='bbox 483 2814 494 2833; x_wconf 88' lang='lat' dir='ltr'>S</span> <span class='ocrx_word' id='word_1_780' title='bbox 504 2827 510 2838; x_wconf 91' lang='lat'>,</span> <span class='ocrx_word' id='word_1_781' title='bbox 532 2805 570 2832; x_wconf 74' lang='lat' dir='ltr'>fis.</span> <span class='ocrx_word' id='word_1_782' title='bbox 590 2813 627 2830; x_wconf 81' lang='lat' dir='ltr'>m.</span> <span class='ocrx_word' id='word_1_783' title='bbox 663 2798 851 2835; x_wconf 72' lang='grc' dir='ltr'>[α’ναχώρησις]</span> <span class='ocrx_word' id='word_1_784' title='bbox 864 2832 868 2835; x_wconf 38' lang='lat'>¹</span> <span class='ocrx_word' id='word_1_785' title='bbox 887 2795 1029 2834; x_wconf 65' lang='lat' dir='ltr'>Metafhor.</span> <span class='ocrx_word' id='word_1_786' title='bbox 1071 2828 1076 2833; x_wconf 21' lang='grc' dir='ltr'>ξ</span> 
     </span>
     <span class='ocr_line' id='line_1_83' title="bbox 233 2828 1281 2882; baseline -0.025 -6"><span class='ocrx_word' id='word_1_787' title='bbox 233 2848 331 2882; x_wconf 84' lang='lat' dir='ltr'>Neque</span> <span class='ocrx_word' id='word_1_788' title='bbox 346 2846 417 2872; x_wconf 85' lang='lat' dir='ltr'>locus</span> <span class='ocrx_word' id='word_1_789' title='bbox 432 2840 601 2879; x_wconf 84' lang='lat' dir='ltr'>poenitendi,</span> <span class='ocrx_word' id='word_1_790' title='bbox 621 2844 665 2866; x_wconf 90' lang='lat' dir='ltr'>aut</span> <span class='ocrx_word' id='word_1_791' title='bbox 677 2835 802 2870; x_wconf 72' lang='lat' dir='ltr'>regressus</span> <span class='ocrx_word' id='word_1_792' title='bbox 815 2832 848 2859; x_wconf 82' lang='lat' dir='ltr'>ab</span> <span class='ocrx_word' id='word_1_793' title='bbox 862 2840 901 2857; x_wconf 89' lang='lat' dir='ltr'>ira</span> <span class='ocrx_word' id='word_1_794' title='bbox 915 2828 1023 2857; x_wconf 66' lang='lat' dir='ltr'>relictus</span> <span class='ocrx_word' id='word_1_795' title='bbox 1038 2828 1105 2854; x_wconf 79' lang='lat' dir='ltr'>estet.</span> <span class='ocrx_word' id='word_1_796' title='bbox 1177 2828 1281 2865; x_wconf 51' lang='lat' dir='ltr'>Proprie</span> 
     </span>
     <span class='ocr_line' id='line_1_84' title="bbox 233 2862 1280 2913; baseline -0.024 -2"><span class='ocrx_word' id='word_1_797' title='bbox 233 2884 327 2912; x_wconf 85' lang='lat' dir='ltr'>Tacit.</span> <span class='ocrx_word' id='word_1_798' title='bbox 340 2883 407 2908; x_wconf 83' lang='lat' dir='ltr'>Ann.</span> <span class='ocrx_word' id='word_1_799' title='bbox 424 2890 443 2913; x_wconf 93' lang='lat'>1,</span> <span class='ocrx_word' id='word_1_800' title='bbox 458 2888 489 2912; x_wconf 81' lang='lat'>30</span> <span class='ocrx_word' id='word_1_801' title='bbox 509 2878 539 2904; x_wconf 86' lang='lat' dir='ltr'>Et</span> <span class='ocrx_word' id='word_1_802' title='bbox 560 2876 657 2903; x_wconf 87' lang='lat' dir='ltr'>Drusus</span> <span class='ocrx_word' id='word_1_803' title='bbox 675 2881 729 2898; x_wconf 85' lang='lat' dir='ltr'>non</span> <span class='ocrx_word' id='word_1_804' title='bbox 743 2868 893 2906; x_wconf 59' lang='lat' dir='ltr'>exspectato</span> <span class='ocrx_word' id='word_1_805' title='bbox 906 2865 1053 2902; x_wconf 80' lang='lat' dir='ltr'>legatorum</span> <span class='ocrx_word' id='word_1_806' title='bbox 1067 2862 1196 2897; x_wconf 76' lang='lat' dir='ltr'>regressu,</span> <span class='ocrx_word' id='word_1_807' title='bbox 1217 2869 1280 2895; x_wconf 84' lang='lat' dir='ltr'>quia</span> 
     </span>
     <span class='ocr_line' id='line_1_85' title="bbox 234 2898 1281 2954; baseline -0.025 -7"><span class='ocrx_word' id='word_1_808' title='bbox 234 2918 381 2954; x_wconf 84' lang='lat' dir='ltr'>praesentia</span> <span class='ocrx_word' id='word_1_809' title='bbox 396 2917 455 2943; x_wconf 85' lang='lat' dir='ltr'>satis</span> <span class='ocrx_word' id='word_1_810' title='bbox 469 2912 629 2943; x_wconf 79' lang='lat' dir='ltr'>considerat,</span> <span class='ocrx_word' id='word_1_811' title='bbox 649 2911 677 2936; x_wconf 85' lang='lat' dir='ltr'>in</span> <span class='ocrx_word' id='word_1_812' title='bbox 690 2907 784 2934; x_wconf 82' lang='lat' dir='ltr'>vrbem</span> <span class='ocrx_word' id='word_1_813' title='bbox 794 2903 888 2944; x_wconf 76' lang='lat' dir='ltr'>rediit.</span> <span class='ocrx_word' id='word_1_814' title='bbox 909 2937 913 2941; x_wconf 26' lang='lat' dir='ltr'>y</span> <span class='ocrx_word' id='word_1_815' title='bbox 1005 2901 1060 2926; x_wconf 85' lang='lat' dir='ltr'>Cic.</span> <span class='ocrx_word' id='word_1_816' title='bbox 1077 2899 1107 2924; x_wconf 86' lang='lat' dir='ltr'>de</span> <span class='ocrx_word' id='word_1_817' title='bbox 1121 2899 1183 2925; x_wconf 88' lang='lat' dir='ltr'>Nat.</span> <span class='ocrx_word' id='word_1_818' title='bbox 1201 2898 1281 2938; x_wconf 74' lang='lat' dir='ltr'>Deos.</span> 
     </span>
     <span class='ocr_line' id='line_1_86' title="bbox 235 2935 1281 2988; baseline -0.023 -8"><span class='ocrx_word' id='word_1_819' title='bbox 235 2965 259 2988; x_wconf 88' lang='lat'>2,</span> <span class='ocrx_word' id='word_1_820' title='bbox 272 2963 297 2988; x_wconf 82' lang='lat'>51</span> <span class='ocrx_word' id='word_1_821' title='bbox 311 2963 332 2979; x_wconf 93' lang='lat' dir='ltr'>c.</span> <span class='ocrx_word' id='word_1_822' title='bbox 346 2962 380 2980; x_wconf 87' lang='lat'>20</span> <span class='ocrx_word' id='word_1_823' title='bbox 399 2951 480 2979; x_wconf 84' lang='lat' dir='ltr'>Nihil</span> <span class='ocrx_word' id='word_1_824' title='bbox 496 2954 565 2975; x_wconf 86' lang='lat' dir='ltr'>errat</span> <span class='ocrx_word' id='word_1_825' title='bbox 575 2967 583 2979; x_wconf 92' lang='lat'>‚</span> <span class='ocrx_word' id='word_1_826' title='bbox 597 2944 669 2980; x_wconf 88' lang='lat' dir='ltr'>quod</span> <span class='ocrx_word' id='word_1_827' title='bbox 684 2943 712 2969; x_wconf 83' lang='lat' dir='ltr'>iii</span> <span class='ocrx_word' id='word_1_828' title='bbox 727 2950 801 2968; x_wconf 88' lang='lat' dir='ltr'>omni</span> <span class='ocrx_word' id='word_1_829' title='bbox 815 2942 970 2965; x_wconf 84' lang='lat' dir='ltr'>aeternitate</span> <span class='ocrx_word' id='word_1_830' title='bbox 984 2936 1120 2961; x_wconf 84' lang='lat' dir='ltr'>conseruat</span> <span class='ocrx_word' id='word_1_831' title='bbox 1134 2935 1281 2968; x_wconf 78' lang='lat' dir='ltr'>progrcssus</span> 
     </span>
     <span class='ocr_line' id='line_1_87' title="bbox 234 2974 1259 3024; baseline -0.027 -6"><span class='ocrx_word' id='word_1_832' title='bbox 234 2998 261 3018; x_wconf 89' lang='lat' dir='ltr'>et</span> <span class='ocrx_word' id='word_1_833' title='bbox 292 2989 433 3024; x_wconf 73' lang='lat' dir='ltr'>regressus,</span> <span class='ocrx_word' id='word_1_834' title='bbox 471 2985 645 3019; x_wconf 85' lang='lat' dir='ltr'>reliquosque</span> <span class='ocrx_word' id='word_1_835' title='bbox 675 2984 764 3005; x_wconf 86' lang='lat' dir='ltr'>motus</span> <span class='ocrx_word' id='word_1_836' title='bbox 791 2974 935 3001; x_wconf 75' lang='lat' dir='ltr'>constante·</span> <span class='ocrx_word' id='word_1_837' title='bbox 967 2978 993 2998; x_wconf 84' lang='lat' dir='ltr'>ct</span> <span class='ocrx_word' id='word_1_838' title='bbox 1025 2976 1103 3010; x_wconf 76' lang='lat' dir='ltr'>ratos.</span> <span class='ocrx_word' id='word_1_839' title='bbox 1255 3005 1259 3008; x_wconf 90' lang='lat'>.</span> 
     </span>
     <span class='ocr_line' id='line_1_88' title="bbox 234 3005 1282 3056; baseline -0.023 -2"><span class='ocrx_word' id='word_1_840' title='bbox 234 3026 314 3053; x_wconf 89' lang='lat' dir='ltr'>habet</span> <span class='ocrx_word' id='word_1_841' title='bbox 328 3025 434 3052; x_wconf 86' lang='lat' dir='ltr'>fortuna</span> <span class='ocrx_word' id='word_1_842' title='bbox 447 3020 588 3056; x_wconf 77' lang='lat' dir='ltr'>regressum</span> <span class='ocrx_word' id='word_1_843' title='bbox 627 3016 703 3050; x_wconf 78' lang='lat' dir='ltr'>Virg.</span> <span class='ocrx_word' id='word_1_844' title='bbox 717 3014 782 3052; x_wconf 42' lang='lat' dir='ltr'>Aen..</span> <span class='ocrx_word' id='word_1_845' title='bbox 798 3020 831 3043; x_wconf 90' lang='lat'>11,</span> <span class='ocrx_word' id='word_1_846' title='bbox 844 3019 901 3049; x_wconf 54' lang='lat'>413.</span> <span class='ocrx_word' id='word_1_847' title='bbox 993 3007 1051 3041; x_wconf 87' lang='lat' dir='ltr'>le.</span> <span class='ocrx_word' id='word_1_848' title='bbox 1072 3014 1101 3032; x_wconf 86' lang='lat' dir='ltr'>in</span> <span class='ocrx_word' id='word_1_849' title='bbox 1116 3005 1132 3033; x_wconf 90' lang='lat' dir='ltr'>l.</span> <span class='ocrx_word' id='word_1_850' title='bbox 1153 3005 1233 3045; x_wconf 79' lang='lat' dir='ltr'>Qiod</span> <span class='ocrx_word' id='word_1_851' title='bbox 1253 3014 1282 3030; x_wconf 92' lang='lat' dir='ltr'>in</span> 
     </span>
     <span class='ocr_line' id='line_1_89' title="bbox 235 3041 1283 3092; baseline -0.025 -2"><span class='ocrx_word' id='word_1_852' title='bbox 235 3062 348 3092; x_wconf 84' lang='lat' dir='ltr'>herede,</span> <span class='ocrx_word' id='word_1_853' title='bbox 369 3060 401 3086; x_wconf 92' lang='lat' dir='ltr'>D.</span> <span class='ocrx_word' id='word_1_854' title='bbox 416 3059 448 3086; x_wconf 88' lang='lat' dir='ltr'>de</span> <span class='ocrx_word' id='word_1_855' title='bbox 463 3056 590 3084; x_wconf 85' lang='lat' dir='ltr'>tributor.</span> <span class='ocrx_word' id='word_1_856' title='bbox 605 3052 703 3080; x_wconf 65' lang='lat' dir='ltr'>afficit.</span> <span class='ocrx_word' id='word_1_857' title='bbox 740 3049 842 3082; x_wconf 84' lang='lat' dir='ltr'>Eligere</span> <span class='ocrx_word' id='word_1_858' title='bbox 856 3053 915 3080; x_wconf 78' lang='lat' dir='ltr'>quis</span> <span class='ocrx_word' id='word_1_859' title='bbox 930 3043 1023 3074; x_wconf 84' lang='lat' dir='ltr'>debet,</span> <span class='ocrx_word' id='word_1_860' title='bbox 1044 3051 1094 3083; x_wconf 69' lang='lat' dir='ltr'>qua</span> <span class='ocrx_word' id='word_1_861' title='bbox 1114 3041 1218 3081; x_wconf 66' lang='lat' dir='ltr'>afflone</span> <span class='ocrx_word' id='word_1_862' title='bbox 1236 3049 1283 3082; x_wconf 66' lang='lat' dir='ltr'>ex.</span> 
     </span>
     <span class='ocr_line' id='line_1_90' title="bbox 236 3077 1284 3133; baseline -0.028 -7"><span class='ocrx_word' id='word_1_863' title='bbox 236 3098 354 3133; x_wconf 82' lang='lat' dir='ltr'>periatur</span> <span class='ocrx_word' id='word_1_864' title='bbox 369 3107 375 3122; x_wconf 76' lang='lat' dir='ltr'>z</span> <span class='ocrx_word' id='word_1_865' title='bbox 410 3103 498 3121; x_wconf 81' lang='lat' dir='ltr'>Vtrum</span> <span class='ocrx_word' id='word_1_866' title='bbox 512 3092 543 3118; x_wconf 89' lang='lat' dir='ltr'>dc</span> <span class='ocrx_word' id='word_1_867' title='bbox 556 3089 678 3126; x_wconf 87' lang='lat' dir='ltr'>peculio,</span> <span class='ocrx_word' id='word_1_868' title='bbox 699 3094 731 3112; x_wconf 88' lang='lat' dir='ltr'>an</span> <span class='ocrx_word' id='word_1_869' title='bbox 746 3082 906 3112; x_wconf 75' lang='lat' dir='ltr'>tributoria,</span> <span class='ocrx_word' id='word_1_870' title='bbox 919 3089 1003 3121; x_wconf 73' lang='lat' dir='ltr'>quum</span> <span class='ocrx_word' id='word_1_871' title='bbox 1016 3079 1062 3119; x_wconf 74' lang='lat' dir='ltr'>scit</span> <span class='ocrx_word' id='word_1_872' title='bbox 1074 3077 1123 3117; x_wconf 71' lang='lat' dir='ltr'>libi</span> <span class='ocrx_word' id='word_1_873' title='bbox 1143 3078 1284 3111; x_wconf 72' lang='lat' dir='ltr'>regrcssum</span> 
     </span>
     <span class='ocr_line' id='line_1_91' title="bbox 235 3112 1282 3159; baseline -0.025 1"><span class='ocrx_word' id='word_1_874' title='bbox 235 3133 268 3159; x_wconf 82' lang='lat' dir='ltr'>ad</span> <span class='ocrx_word' id='word_1_875' title='bbox 282 3133 361 3159; x_wconf 80' lang='lat' dir='ltr'>aliam</span> <span class='ocrx_word' id='word_1_876' title='bbox 375 3139 429 3157; x_wconf 87' lang='lat' dir='ltr'>non</span> <span class='ocrx_word' id='word_1_877' title='bbox 442 3130 574 3155; x_wconf 89' lang='lat' dir='ltr'>futurum.</span> <span class='ocrx_word' id='word_1_878' title='bbox 646 3123 751 3157; x_wconf 86' lang='lat' dir='ltr'>leian.</span> <span class='ocrx_word' id='word_1_879' title='bbox 766 3121 793 3146; x_wconf 91' lang='lat' dir='ltr'>in</span> <span class='ocrx_word' id='word_1_880' title='bbox 809 3119 825 3144; x_wconf 94' lang='grc' dir='ltr'>Ι.</span> <span class='ocrx_word' id='word_1_881' title='bbox 840 3123 852 3147; x_wconf 87' lang='lat'><em>8</em></span> <span class='ocrx_word' id='word_1_882' title='bbox 867 3116 915 3143; x_wconf 84' lang='lat' dir='ltr'>Sed</span> <span class='ocrx_word' id='word_1_883' title='bbox 930 3117 946 3141; x_wconf 82' lang='lat' dir='ltr'>li</span> <span class='ocrx_word' id='word_1_884' title='bbox 961 3113 1165 3150; x_wconf 64' lang='lat' dir='ltr'>paterfamilias,</span> <span class='ocrx_word' id='word_1_885' title='bbox 1179 3112 1201 3150; x_wconf 57' lang='grc' dir='ltr'>ᾗ.</span> <span class='ocrx_word' id='word_1_886' title='bbox 1215 3122 1227 3145; x_wconf 80' lang='lat'><strong>3</strong></span> <span class='ocrx_word' id='word_1_887' title='bbox 1250 3113 1282 3138; x_wconf 71' lang='lat' dir='ltr'>D,</span> 
     </span>
    </p>
   </div>
   <div class='ocr_carea' id='block_1_13' title="bbox 237 3149 1330 3195">
    <p class='ocr_par' dir='ltr' id='par_1_25' title="bbox 237 3149 1330 3195">
     <span class='ocr_line' id='line_1_92' title="bbox 237 3149 1330 3195; baseline -0.022 1"><span class='ocrx_word' id='word_1_888' title='bbox 237 3169 270 3195; x_wconf 88' lang='lat' dir='ltr'>ad</span> <span class='ocrx_word' id='word_1_889' title='bbox 284 3166 459 3195; x_wconf 70' lang='lat' dir='ltr'>Senatuscons.</span> <span class='ocrx_word' id='word_1_890' title='bbox 474 3163 575 3191; x_wconf 80' lang='lat' dir='ltr'>Maced.</span> <span class='ocrx_word' id='word_1_891' title='bbox 590 3160 661 3194; x_wconf 85' lang='lat' dir='ltr'>Qiia</span> <span class='ocrx_word' id='word_1_892' title='bbox 675 3165 700 3184; x_wconf 83' lang='lat' dir='ltr'>et</span> <span class='ocrx_word' id='word_1_893' title='bbox 716 3156 763 3192; x_wconf 82' lang='lat' dir='ltr'>ipsi</span> <span class='ocrx_word' id='word_1_894' title='bbox 778 3153 894 3181; x_wconf 87' lang='lat' dir='ltr'>mandati</span> <span class='ocrx_word' id='word_1_895' title='bbox 908 3151 1005 3178; x_wconf 80' lang='lat' dir='ltr'>habent</span> <span class='ocrx_word' id='word_1_896' title='bbox 1017 3149 1176 3184; x_wconf 77' lang='lat' dir='ltr'>regrcssiini,</span> <span class='ocrx_word' id='word_1_897' title='bbox 1195 3152 1214 3175; x_wconf 83' lang='grc' dir='ltr'>ι’.</span> <span class='ocrx_word' id='word_1_898' title='bbox 1228 3158 1283 3175; x_wconf 78' lang='lat' dir='ltr'>con-</span> <span class='ocrx_word' id='word_1_899' title='bbox 1301 3154 1330 3183; x_wconf 75' lang='lat'>83</span> 
     </span>
    </p>
   </div>
   <div class='ocr_carea' id='block_1_14' title="bbox 231 3186 1285 3301">
    <p class='ocr_par' dir='ltr' id='par_1_26' title="bbox 231 3186 1285 3301">
     <span class='ocr_line' id='line_1_93' title="bbox 231 3186 1070 3239; baseline -0.025 -8"><span class='ocrx_word' id='word_1_900' title='bbox 231 3204 324 3239; x_wconf 74' lang='lat' dir='ltr'>fugere</span> <span class='ocrx_word' id='word_1_901' title='bbox 334 3201 432 3238; x_wconf 76' lang='lat' dir='ltr'>poffunt</span> <span class='ocrx_word' id='word_1_902' title='bbox 445 3200 478 3226; x_wconf 72' lang='lat' dir='ltr'>ad</span> <span class='ocrx_word' id='word_1_903' title='bbox 491 3199 587 3226; x_wconf 85' lang='lat' dir='ltr'>SCtum.</span> <span class='ocrx_word' id='word_1_904' title='bbox 660 3194 732 3229; x_wconf 67' lang='lat' dir='ltr'>Coris.</span> <span class='ocrx_word' id='word_1_905' title='bbox 748 3192 763 3217; x_wconf 92' lang='lat' dir='ltr'>l.</span> <span class='ocrx_word' id='word_1_906' title='bbox 777 3194 793 3217; x_wconf 90' lang='lat'><strong>6</strong></span> <span class='ocrx_word' id='word_1_907' title='bbox 806 3188 862 3226; x_wconf 83' lang='lat'>§.4</span> <span class='ocrx_word' id='word_1_908' title='bbox 876 3188 902 3214; x_wconf 82' lang='lat' dir='ltr'>ff.</span> <span class='ocrx_word' id='word_1_909' title='bbox 918 3186 1070 3226; x_wconf 52' lang='lat' dir='ltr'>defsutel.¹</span> 
     </span>
     <span class='ocr_line' id='line_1_94' title="bbox 276 3221 1284 3267; baseline -0.022 -1"><span class='ocrx_word' id='word_1_910' title='bbox 276 3246 295 3265; x_wconf 78' lang='lat' dir='ltr'>R</span> <span class='ocrx_word' id='word_1_911' title='bbox 304 3246 320 3265; x_wconf 70' lang='grc' dir='ltr'>ιε</span> <span class='ocrx_word' id='word_1_912' title='bbox 329 3246 349 3265; x_wconf 88' lang='lat' dir='ltr'>G</span> <span class='ocrx_word' id='word_1_913' title='bbox 360 3246 377 3265; x_wconf 81' lang='lat' dir='ltr'>R</span> <span class='ocrx_word' id='word_1_914' title='bbox 388 3245 404 3264; x_wconf 61' lang='lat' dir='ltr'>is</span> <span class='ocrx_word' id='word_1_915' title='bbox 413 3245 425 3264; x_wconf 89' lang='lat' dir='ltr'>s</span> <span class='ocrx_word' id='word_1_916' title='bbox 436 3244 448 3263; x_wconf 86' lang='lat' dir='ltr'>s</span> <span class='ocrx_word' id='word_1_917' title='bbox 458 3243 468 3262; x_wconf 86' lang='lat'>1</span> <span class='ocrx_word' id='word_1_918' title='bbox 477 3242 496 3261; x_wconf 84' lang='lat' dir='ltr'>o</span> <span class='ocrx_word' id='word_1_919' title='bbox 505 3254 513 3267; x_wconf 93' lang='lat'>‚</span> <span class='ocrx_word' id='word_1_920' title='bbox 541 3233 609 3259; x_wconf 73' lang='lat' dir='ltr'>onis.</span> <span class='ocrx_word' id='word_1_921' title='bbox 651 3230 671 3256; x_wconf 94' lang='lat' dir='ltr'>f.</span> <span class='ocrx_word' id='word_1_922' title='bbox 708 3225 892 3261; x_wconf 54' lang='grc' dir='ltr'>[ἀναχώρησις]</span> <span class='ocrx_word' id='word_1_923' title='bbox 929 3223 986 3250; x_wconf 87' lang='lat' dir='ltr'>Cic.</span> <span class='ocrx_word' id='word_1_924' title='bbox 1002 3221 1118 3255; x_wconf 85' lang='lat' dir='ltr'>Philipp.</span> <span class='ocrx_word' id='word_1_925' title='bbox 1133 3229 1177 3259; x_wconf 43' lang='lat'>1,-1</span> <span class='ocrx_word' id='word_1_926' title='bbox 1199 3221 1284 3255; x_wconf 79' lang='lat' dir='ltr'>Expo-</span> 
     </span>
     <span class='ocr_line' id='line_1_95' title="bbox 240 3256 1285 3301; baseline -0.023 1"><span class='ocrx_word' id='word_1_927' title='bbox 240 3283 301 3300; x_wconf 81' lang='lat' dir='ltr'>nam</span> <span class='ocrx_word' id='word_1_928' title='bbox 322 3275 400 3301; x_wconf 88' lang='lat' dir='ltr'>vobis</span> <span class='ocrx_word' id='word_1_929' title='bbox 428 3272 548 3299; x_wconf 82' lang='lat' dir='ltr'>breuiter</span> <span class='ocrx_word' id='word_1_930' title='bbox 577 3265 716 3294; x_wconf 88' lang='lat' dir='ltr'>consilium</span> <span class='ocrx_word' id='word_1_931' title='bbox 739 3259 931 3298; x_wconf 73' lang='lat' dir='ltr'>profectionis,</span> <span class='ocrx_word' id='word_1_932' title='bbox 965 3264 991 3284; x_wconf 89' lang='lat' dir='ltr'>et</span> <span class='ocrx_word' id='word_1_933' title='bbox 1016 3256 1180 3291; x_wconf 71' lang='lat' dir='ltr'>regressionis</span> <span class='ocrx_word' id='word_1_934' title='bbox 1204 3265 1285 3283; x_wconf 69' lang='lat' dir='ltr'>meae,</span> 
     </span>
    </p>
   </div>
   <div class='ocr_carea' id='block_1_15' title="bbox 242 3292 1286 3343">
    <p class='ocr_par' dir='ltr' id='par_1_27' title="bbox 242 3292 1286 3343">
     <span class='ocr_line' id='line_1_96' title="bbox 242 3292 1286 3343; baseline -0.013 -12"><span class='ocrx_word' id='word_1_935' title='bbox 242 3309 317 3343; x_wconf 74' lang='lat' dir='ltr'>Apul,</span> <span class='ocrx_word' id='word_1_936' title='bbox 333 3311 395 3336; x_wconf 71' lang='lat' dir='ltr'>Aur,</span> <span class='ocrx_word' id='word_1_937' title='bbox 409 3308 478 3335; x_wconf 81' lang='lat' dir='ltr'>Afin.</span> <span class='ocrx_word' id='word_1_938' title='bbox 499 3315 514 3333; x_wconf 82' lang='lat'>2</span> <span class='ocrx_word' id='word_1_939' title='bbox 556 3305 658 3331; x_wconf 76' lang='lat' dir='ltr'>Merum</span> <span class='ocrx_word' id='word_1_940' title='bbox 683 3300 761 3326; x_wconf 83' lang='lat' dir='ltr'>istum</span> <span class='ocrx_word' id='word_1_941' title='bbox 784 3297 835 3324; x_wconf 91' lang='lat' dir='ltr'>tibi</span> <span class='ocrx_word' id='word_1_942' title='bbox 858 3295 961 3321; x_wconf 88' lang='lat' dir='ltr'>deuiam</span> <span class='ocrx_word' id='word_1_943' title='bbox 990 3299 1093 3320; x_wconf 83' lang='lat' dir='ltr'>matura</span> <span class='ocrx_word' id='word_1_944' title='bbox 1120 3292 1286 3325; x_wconf 77' lang='lat' dir='ltr'>regreffione.</span> 
     </span>
    </p>
   </div>
   <div class='ocr_carea' id='block_1_16' title="bbox 241 3328 1248 3378">
    <p class='ocr_par' dir='ltr' id='par_1_28' title="bbox 241 3328 1248 3378">
     <span class='ocr_line' id='line_1_97' title="bbox 241 3328 1248 3378; baseline -0.019 -7"><span class='ocrx_word' id='word_1_945' title='bbox 241 3344 370 3378; x_wconf 67' lang='lat' dir='ltr'>Qiiiiei‘il.</span> <span class='ocrx_word' id='word_1_946' title='bbox 383 3353 408 3376; x_wconf 75' lang='lat'>9,</span> <span class='ocrx_word' id='word_1_947' title='bbox 422 3353 433 3375; x_wconf 80' lang='lat'>3</span> <span class='ocrx_word' id='word_1_948' title='bbox 449 3338 573 3369; x_wconf 60' lang='lat' dir='ltr'>&#39;En-duodus</span> <span class='ocrx_word' id='word_1_949' title='bbox 587 3340 686 3365; x_wconf 83' lang='lat' dir='ltr'>Graece</span> <span class='ocrx_word' id='word_1_950' title='bbox 700 3335 814 3363; x_wconf 88' lang='lat' dir='ltr'>dicitur;</span> <span class='ocrx_word' id='word_1_951' title='bbox 849 3330 933 3357; x_wconf 82' lang='lat' dir='ltr'>nostri</span> <span class='ocrx_word' id='word_1_952' title='bbox 945 3328 1130 3364; x_wconf 81' lang='lat' dir='ltr'>regrcffioncm</span> <span class='ocrx_word' id='word_1_953' title='bbox 1144 3333 1248 3354; x_wconf 80' lang='lat' dir='ltr'>vocant.</span> 
     </span>
    </p>
   </div>
   <div class='ocr_carea' id='block_1_17' title="bbox 275 3370 1285 3444">
    <p class='ocr_par' dir='ltr' id='par_1_29' title="bbox 275 3370 1285 3444">
     <span class='ocr_line' id='line_1_98' title="bbox 275 3370 888 3409; baseline -0.023 -3"><span class='ocrx_word' id='word_1_954' title='bbox 275 3385 379 3406; x_wconf 66' lang='lat' dir='ltr'>nrov</span> <span class='ocrx_word' id='word_1_955' title='bbox 392 3386 455 3409; x_wconf 78' lang='lat' dir='ltr'>LA,</span> <span class='ocrx_word' id='word_1_956' title='bbox 481 3380 677 3406; x_wconf 74' lang='lat' dir='ltr'>REGVLVS,</span> <span class='ocrx_word' id='word_1_957' title='bbox 699 3370 752 3398; x_wconf 77' lang='lat' dir='ltr'>vid.</span> <span class='ocrx_word' id='word_1_958' title='bbox 773 3373 888 3407; x_wconf 68' lang='lat' dir='ltr'>neoc.</span> 
     </span>
     <span class='ocr_line' id='line_1_99' title="bbox 278 3397 1285 3444; baseline -0.019 -2"><span class='ocrx_word' id='word_1_959' title='bbox 278 3422 296 3441; x_wconf 72' lang='lat' dir='ltr'>R</span> <span class='ocrx_word' id='word_1_960' title='bbox 307 3422 322 3440; x_wconf 72' lang='grc' dir='ltr'>Γ,</span> <span class='ocrx_word' id='word_1_961' title='bbox 334 3419 354 3439; x_wconf 88' lang='lat' dir='ltr'>G</span> <span class='ocrx_word' id='word_1_962' title='bbox 366 3421 385 3440; x_wconf 76' lang='lat' dir='ltr'><strong>v</strong></span> <span class='ocrx_word' id='word_1_963' title='bbox 396 3420 440 3439; x_wconf 75' lang='lat' dir='ltr'>LV</span> <span class='ocrx_word' id='word_1_964' title='bbox 450 3421 478 3444; x_wconf 78' lang='lat' dir='ltr'>s,</span> <span class='ocrx_word' id='word_1_965' title='bbox 496 3413 515 3439; x_wconf 84' lang='lat' dir='ltr'>i.</span> <span class='ocrx_word' id='word_1_966' title='bbox 546 3421 581 3437; x_wconf 83' lang='lat' dir='ltr'>ui.</span> <span class='ocrx_word' id='word_1_967' title='bbox 618 3409 753 3444; x_wconf 62' lang='lat' dir='ltr'>Coffiiomcn</span> <span class='ocrx_word' id='word_1_968' title='bbox 769 3403 871 3433; x_wconf 73' lang='lat' dir='ltr'>Atinii,</span> <span class='ocrx_word' id='word_1_969' title='bbox 890 3401 919 3427; x_wconf 83' lang='lat' dir='ltr'>de</span> <span class='ocrx_word' id='word_1_970' title='bbox 932 3410 978 3436; x_wconf 85' lang='lat' dir='ltr'>quo</span> <span class='ocrx_word' id='word_1_971' title='bbox 991 3399 1059 3427; x_wconf 78' lang='lat' dir='ltr'>Geli.</span> <span class='ocrx_word' id='word_1_972' title='bbox 1074 3401 1139 3439; x_wconf 48' lang='grc'>6,-4.</span> <span class='ocrx_word' id='word_1_973' title='bbox 1166 3397 1285 3425; x_wconf 78' lang='lat' dir='ltr'>Eundem</span> 
     </span>
    </p>
   </div>
   <div class='ocr_carea' id='block_1_18' title="bbox 241 3437 1287 3481">
    <p class='ocr_par' dir='ltr' id='par_1_30' title="bbox 241 3437 1287 3481">
     <span class='ocr_line' id='line_1_100' title="bbox 241 3437 1287 3481; baseline -0.018 -4"><span class='ocrx_word' id='word_1_974' title='bbox 241 3450 370 3481; x_wconf 63' lang='lat' dir='ltr'>Regulum</span> <span class='ocrx_word' id='word_1_975' title='bbox 388 3447 504 3475; x_wconf 80' lang='lat' dir='ltr'>Tubero</span> <span class='ocrx_word' id='word_1_976' title='bbox 522 3448 549 3473; x_wconf 90' lang='lat' dir='ltr'>in</span> <span class='ocrx_word' id='word_1_977' title='bbox 569 3443 687 3473; x_wconf 74' lang='lat' dir='ltr'>historiis</span> <span class='ocrx_word' id='word_1_978' title='bbox 707 3441 810 3469; x_wconf 80' lang='lat' dir='ltr'>rediiil&#39;e</span> <span class='ocrx_word' id='word_1_979' title='bbox 831 3437 1036 3471; x_wconf 81' lang='lat' dir='ltr'>Carthaginem,</span> <span class='ocrx_word' id='word_1_980' title='bbox 1055 3443 1186 3468; x_wconf 88' lang='lat' dir='ltr'>nouisque</span> <span class='ocrx_word' id='word_1_981' title='bbox 1201 3443 1287 3460; x_wconf 78' lang='lat' dir='ltr'>cxciii-</span> 
     </span>
    </p>
   </div>
   <div class='ocr_carea' id='block_1_19' title="bbox 241 3471 1286 3520">
    <p class='ocr_par' dir='ltr' id='par_1_31' title="bbox 241 3471 1286 3520">
     <span class='ocr_line' id='line_1_101' title="bbox 241 3471 1286 3520; baseline -0.016 -10"><span class='ocrx_word' id='word_1_982' title='bbox 241 3487 347 3520; x_wconf 81' lang='lat' dir='ltr'>plorum</span> <span class='ocrx_word' id='word_1_983' title='bbox 361 3484 447 3511; x_wconf 86' lang='lat' dir='ltr'>modis</span> <span class='ocrx_word' id='word_1_984' title='bbox 461 3483 637 3508; x_wconf 81' lang='lat' dir='ltr'>excruciatum</span> <span class='ocrx_word' id='word_1_985' title='bbox 652 3489 666 3507; x_wconf 91' lang='lat' dir='ltr'>a</span> <span class='ocrx_word' id='word_1_986' title='bbox 680 3477 774 3506; x_wconf 84' lang='lat' dir='ltr'>Poenis</span> <span class='ocrx_word' id='word_1_987' title='bbox 794 3475 868 3502; x_wconf 89' lang='lat' dir='ltr'>dicit.</span> <span class='ocrx_word' id='word_1_988' title='bbox 924 3473 953 3498; x_wconf 89' lang='lat'>111</span> <span class='ocrx_word' id='word_1_989' title='bbox 967 3477 1034 3498; x_wconf 77' lang='lat' dir='ltr'>atras</span> <span class='ocrx_word' id='word_1_990' title='bbox 1049 3471 1172 3505; x_wconf 84' lang='lat' dir='ltr'>(inquit)</span> <span class='ocrx_word' id='word_1_991' title='bbox 1188 3477 1213 3496; x_wconf 86' lang='lat' dir='ltr'>ct</span> <span class='ocrx_word' id='word_1_992' title='bbox 1226 3478 1286 3503; x_wconf 87' lang='lat' dir='ltr'>pro—</span> 
     </span>
    </p>
   </div>
   <div class='ocr_carea' id='block_1_20' title="bbox 241 3503 2021 3548">
    <p class='ocr_par' dir='ltr' id='par_1_32' title="bbox 241 3503 2021 3548">
     <span class='ocr_line' id='line_1_102' title="bbox 241 3503 2021 3548; baseline -0.011 0"><span class='ocrx_word' id='word_1_993' title='bbox 241 3521 334 3548; x_wconf 76' lang='lat' dir='ltr'>fundas</span> <span class='ocrx_word' id='word_1_994' title='bbox 347 3519 466 3546; x_wconf 84' lang='lat' dir='ltr'>tenebras</span> <span class='ocrx_word' id='word_1_995' title='bbox 480 3527 541 3543; x_wconf 85' lang='lat' dir='ltr'>cuni</span> <span class='ocrx_word' id='word_1_996' title='bbox 554 3516 723 3547; x_wconf 79' lang='lat' dir='ltr'>claudebant,</span> <span class='ocrx_word' id='word_1_997' title='bbox 742 3522 770 3539; x_wconf 91' lang='lat' dir='ltr'>ac</span> <span class='ocrx_word' id='word_1_998' title='bbox 784 3512 830 3538; x_wconf 86' lang='lat' dir='ltr'>diu</span> <span class='ocrx_word' id='word_1_999' title='bbox 844 3508 908 3544; x_wconf 82' lang='lat' dir='ltr'>post,</span> <span class='ocrx_word' id='word_1_1000' title='bbox 926 3507 973 3534; x_wconf 88' lang='lat' dir='ltr'>vbi</span> <span class='ocrx_word' id='word_1_1001' title='bbox 988 3512 1042 3533; x_wconf 85' lang='lat' dir='ltr'>crat</span> <span class='ocrx_word' id='word_1_1002' title='bbox 1057 3507 1126 3531; x_wconf 84' lang='lat' dir='ltr'>visus</span> <span class='ocrx_word' id='word_1_1003' title='bbox 1142 3506 1179 3532; x_wconf 89' lang='lat' dir='ltr'>sol</span> <span class='ocrx_word' id='word_1_1004' title='bbox 1194 3506 1286 3532; x_wconf 86' lang='lat' dir='ltr'>arden·</span> <span class='ocrx_word' id='word_1_1005' title='bbox 1301 3509 1332 3535; x_wconf 83' lang='lat'>95</span> <span class='ocrx_word' id='word_1_1006' title='bbox 1350 3509 1463 3537; x_wconf 57' lang='lat' dir='ltr'>rejeffio</span> <span class='ocrx_word' id='word_1_1007' title='bbox 1479 3506 1614 3538; x_wconf 79' lang='lat' dir='ltr'>indicum,</span> <span class='ocrx_word' id='word_1_1008' title='bbox 1631 3503 1677 3530; x_wconf 92' lang='lat' dir='ltr'>vbi</span> <span class='ocrx_word' id='word_1_1009' title='bbox 1693 3510 1719 3529; x_wconf 87' lang='lat' dir='ltr'>et</span> <span class='ocrx_word' id='word_1_1010' title='bbox 1732 3509 1847 3530; x_wconf 81' lang='lat' dir='ltr'>retentio</span> <span class='ocrx_word' id='word_1_1011' title='bbox 1861 3503 2021 3530; x_wconf 78' lang='lat' dir='ltr'>continetur.</span> 
     </span>
    </p>
   </div>
   <div class='ocr_carea' id='block_1_21' title="bbox 241 3541 1287 3691">
    <p class='ocr_par' dir='ltr' id='par_1_33' title="bbox 241 3541 1287 3691">
     <span class='ocr_line' id='line_1_103' title="bbox 241 3541 1286 3589; baseline -0.017 -6"><span class='ocrx_word' id='word_1_1012' title='bbox 241 3557 366 3588; x_wconf 79' lang='lat' dir='ltr'>tissimus,</span> <span class='ocrx_word' id='word_1_1013' title='bbox 387 3559 494 3589; x_wconf 79' lang='lat' dir='ltr'>repente</span> <span class='ocrx_word' id='word_1_1014' title='bbox 513 3552 671 3583; x_wconf 76' lang='lat' dir='ltr'>educebant,</span> <span class='ocrx_word' id='word_1_1015' title='bbox 690 3557 715 3577; x_wconf 87' lang='lat' dir='ltr'>et</span> <span class='ocrx_word' id='word_1_1016' title='bbox 735 3547 859 3576; x_wconf 78' lang='lat' dir='ltr'>aduersus</span> <span class='ocrx_word' id='word_1_1017' title='bbox 878 3544 945 3570; x_wconf 55' lang='lat' dir='ltr'>icius</span> <span class='ocrx_word' id='word_1_1018' title='bbox 960 3542 1023 3569; x_wconf 84' lang='lat' dir='ltr'>solis</span> <span class='ocrx_word' id='word_1_1019' title='bbox 1036 3541 1186 3577; x_wconf 82' lang='lat' dir='ltr'>oppofitum</span> <span class='ocrx_word' id='word_1_1020' title='bbox 1202 3541 1286 3567; x_wconf 87' lang='lat' dir='ltr'>conti-</span> 
     </span>
     <span class='ocr_line' id='line_1_104' title="bbox 244 3577 1287 3624; baseline -0.016 -6"><span class='ocrx_word' id='word_1_1021' title='bbox 244 3592 355 3622; x_wconf 83' lang='lat' dir='ltr'>nebant,</span> <span class='ocrx_word' id='word_1_1022' title='bbox 374 3597 452 3624; x_wconf 87' lang='lat' dir='ltr'>atque</span> <span class='ocrx_word' id='word_1_1023' title='bbox 469 3587 604 3614; x_wconf 81' lang='lat' dir='ltr'>intendere</span> <span class='ocrx_word' id='word_1_1024' title='bbox 618 3587 645 3612; x_wconf 85' lang='lat' dir='ltr'>iti</span> <span class='ocrx_word' id='word_1_1025' title='bbox 660 3586 759 3613; x_wconf 80' lang='lat' dir='ltr'>caelum</span> <span class='ocrx_word' id='word_1_1026' title='bbox 774 3582 864 3610; x_wconf 90' lang='lat' dir='ltr'>oculos</span> <span class='ocrx_word' id='word_1_1027' title='bbox 877 3579 1013 3614; x_wconf 81' lang='lat' dir='ltr'>cogebant.</span> <span class='ocrx_word' id='word_1_1028' title='bbox 1069 3577 1207 3611; x_wconf 82' lang='lat' dir='ltr'>Palpebras</span> <span class='ocrx_word' id='word_1_1029' title='bbox 1222 3585 1287 3611; x_wconf 88' lang='lat' dir='ltr'>quo-</span> 
     </span>
     <span class='ocr_line' id='line_1_105' title="bbox 244 3612 1286 3661; baseline -0.015 -8"><span class='ocrx_word' id='word_1_1030' title='bbox 244 3637 295 3661; x_wconf 84' lang='lat' dir='ltr'>que</span> <span class='ocrx_word' id='word_1_1031' title='bbox 310 3628 381 3657; x_wconf 81' lang='lat' dir='ltr'>eius,</span> <span class='ocrx_word' id='word_1_1032' title='bbox 401 3634 433 3651; x_wconf 88' lang='lat' dir='ltr'>ne</span> <span class='ocrx_word' id='word_1_1033' title='bbox 448 3623 590 3650; x_wconf 86' lang='lat' dir='ltr'>couniucre</span> <span class='ocrx_word' id='word_1_1034' title='bbox 604 3623 681 3655; x_wconf 74' lang='lat' dir='ltr'>poss&#39;ct</span> <span class='ocrx_word' id='word_1_1035' title='bbox 692 3642 699 3653; x_wconf 91' lang='lat'>,</span> <span class='ocrx_word' id='word_1_1036' title='bbox 710 3621 812 3647; x_wconf 87' lang='lat' dir='ltr'>sursum</span> <span class='ocrx_word' id='word_1_1037' title='bbox 824 3626 853 3644; x_wconf 87' lang='lat' dir='ltr'>ac</span> <span class='ocrx_word' id='word_1_1038' title='bbox 867 3615 990 3642; x_wconf 86' lang='lat' dir='ltr'>deorsum</span> <span class='ocrx_word' id='word_1_1039' title='bbox 1004 3612 1123 3640; x_wconf 62' lang='lat' dir='ltr'>didufilas</span> <span class='ocrx_word' id='word_1_1040' title='bbox 1141 3612 1286 3639; x_wconf 78' lang='lat' dir='ltr'>insuebant.</span> 
     </span>
     <span class='ocr_line' id='line_1_106' title="bbox 242 3649 1287 3691; baseline -0.016 -2"><span class='ocrx_word' id='word_1_1041' title='bbox 242 3662 394 3690; x_wconf 83' lang='lat' dir='ltr'>Tuditanus</span> <span class='ocrx_word' id='word_1_1042' title='bbox 408 3666 511 3691; x_wconf 80' lang='lat' dir='ltr'>autem,</span> <span class='ocrx_word' id='word_1_1043' title='bbox 527 3659 618 3684; x_wconf 85' lang='lat' dir='ltr'>somno</span> <span class='ocrx_word' id='word_1_1044' title='bbox 634 3656 678 3682; x_wconf 88' lang='lat' dir='ltr'>diu</span> <span class='ocrx_word' id='word_1_1045' title='bbox 692 3655 869 3690; x_wconf 82' lang='lat' dir='ltr'>prohibitum,</span> <span class='ocrx_word' id='word_1_1046' title='bbox 888 3657 966 3685; x_wconf 86' lang='lat' dir='ltr'>atque</span> <span class='ocrx_word' id='word_1_1047' title='bbox 978 3650 1014 3676; x_wconf 81' lang='lat' dir='ltr'>ita</span> <span class='ocrx_word' id='word_1_1048' title='bbox 1028 3650 1084 3676; x_wconf 87' lang='lat' dir='ltr'>vita</span> <span class='ocrx_word' id='word_1_1049' title='bbox 1098 3649 1233 3683; x_wconf 86' lang='lat' dir='ltr'>priuatum</span> <span class='ocrx_word' id='word_1_1050' title='bbox 1246 3657 1287 3674; x_wconf 86' lang='lat' dir='ltr'>re-</span> 
     </span>
    </p>
   </div>
   <div class='ocr_carea' id='block_1_22' title="bbox 243 3699 1286 3764">
    <p class='ocr_par' dir='ltr' id='par_1_34' title="bbox 243 3699 1286 3764">
     <span class='ocr_line' id='line_1_107' title="bbox 243 3699 304 3724; baseline -0.016 0"><span class='ocrx_word' id='word_1_1051' title='bbox 243 3699 269 3724; x_wconf 81' lang='lat' dir='ltr'>se</span> <span class='ocrx_word' id='word_1_1052' title='bbox 286 3705 304 3724; x_wconf 91' lang='lat' dir='ltr'>t.</span> 
     </span>
     <span class='ocr_line' id='line_1_108' title="bbox 243 3707 1286 3764; baseline -0.015 -4"><span class='ocrx_word' id='word_1_1053' title='bbox 243 3707 304 3763; x_wconf 55' lang='grc' dir='ltr'>νοτε,</span> <span class='ocrx_word' id='word_1_1054' title='bbox 322 3732 413 3758; x_wconf 85' lang='lat' dir='ltr'>liberis</span> <span class='ocrx_word' id='word_1_1055' title='bbox 433 3730 527 3764; x_wconf 77' lang='lat' dir='ltr'>Reguli</span> <span class='ocrx_word' id='word_1_1056' title='bbox 544 3737 559 3754; x_wconf 88' lang='lat' dir='ltr'>a</span> <span class='ocrx_word' id='word_1_1057' title='bbox 580 3727 675 3754; x_wconf 84' lang='lat' dir='ltr'>Senatu</span> <span class='ocrx_word' id='word_1_1058' title='bbox 694 3727 812 3756; x_wconf 83' lang='lat' dir='ltr'>deditos,</span> <span class='ocrx_word' id='word_1_1059' title='bbox 829 3730 855 3751; x_wconf 90' lang='lat' dir='ltr'>et</span> <span class='ocrx_word' id='word_1_1060' title='bbox 874 3723 908 3750; x_wconf 90' lang='lat' dir='ltr'>ab</span> <span class='ocrx_word' id='word_1_1061' title='bbox 920 3723 953 3748; x_wconf 90' lang='lat' dir='ltr'>iis</span> <span class='ocrx_word' id='word_1_1062' title='bbox 967 3722 995 3747; x_wconf 91' lang='lat' dir='ltr'>in</span> <span class='ocrx_word' id='word_1_1063' title='bbox 1007 3720 1125 3748; x_wconf 85' lang='lat' dir='ltr'>armario</span> <span class='ocrx_word' id='word_1_1064' title='bbox 1137 3719 1286 3746; x_wconf 85' lang='lat' dir='ltr'>muricibus</span> 
     </span>
    </p>
   </div>
   <div class='ocr_carea' id='block_1_23' title="bbox 240 3754 1287 3903">
    <p class='ocr_par' dir='ltr' id='par_1_35' title="bbox 240 3754 1287 3903">
     <span class='ocr_line' id='line_1_109' title="bbox 242 3754 1287 3803; baseline -0.014 -8"><span class='ocrx_word' id='word_1_1065' title='bbox 242 3768 360 3803; x_wconf 77' lang='lat' dir='ltr'>praefixo</span> <span class='ocrx_word' id='word_1_1066' title='bbox 373 3767 524 3796; x_wconf 77' lang='lat' dir='ltr'>destitutos,</span> <span class='ocrx_word' id='word_1_1067' title='bbox 546 3763 691 3796; x_wconf 81' lang='lat' dir='ltr'>cademque</span> <span class='ocrx_word' id='word_1_1068' title='bbox 706 3762 835 3787; x_wconf 85' lang='lat' dir='ltr'>insomnia</span> <span class='ocrx_word' id='word_1_1069' title='bbox 848 3759 978 3786; x_wconf 83' lang='lat' dir='ltr'>cruciatos</span> <span class='ocrx_word' id='word_1_1070' title='bbox 997 3756 1120 3783; x_wconf 78' lang='lat' dir='ltr'>interisse.</span> <span class='ocrx_word' id='word_1_1071' title='bbox 1158 3754 1287 3781; x_wconf 70' lang='lat' dir='ltr'>Hac‘lenus</span> 
     </span>
     <span class='ocr_line' id='line_1_110' title="bbox 241 3791 1286 3836; baseline -0.015 -5"><span class='ocrx_word' id='word_1_1072' title='bbox 241 3804 358 3832; x_wconf 83' lang='lat' dir='ltr'>Tubero</span> <span class='ocrx_word' id='word_1_1073' title='bbox 373 3803 438 3836; x_wconf 70' lang='lat' dir='ltr'>apud</span> <span class='ocrx_word' id='word_1_1074' title='bbox 451 3801 576 3826; x_wconf 82' lang='lat' dir='ltr'>Gellium.</span> <span class='ocrx_word' id='word_1_1075' title='bbox 667 3797 723 3823; x_wconf 87' lang='lat' dir='ltr'>Cic.</span> <span class='ocrx_word' id='word_1_1076' title='bbox 737 3797 764 3821; x_wconf 89' lang='lat' dir='ltr'>in</span> <span class='ocrx_word' id='word_1_1077' title='bbox 779 3797 863 3822; x_wconf 86' lang='lat' dir='ltr'>Pison.</span> <span class='ocrx_word' id='word_1_1078' title='bbox 877 3803 909 3827; x_wconf 82' lang='lat'>43</span> <span class='ocrx_word' id='word_1_1079' title='bbox 927 3794 964 3820; x_wconf 90' lang='lat' dir='ltr'>M.</span> <span class='ocrx_word' id='word_1_1080' title='bbox 980 3791 1109 3826; x_wconf 74' lang='lat' dir='ltr'>Regulus,</span> <span class='ocrx_word' id='word_1_1081' title='bbox 1129 3800 1208 3825; x_wconf 83' lang='lat' dir='ltr'>quein</span> <span class='ocrx_word' id='word_1_1082' title='bbox 1223 3792 1286 3817; x_wconf 91' lang='lat' dir='ltr'>Car-</span> 
     </span>
     <span class='ocr_line' id='line_1_111' title="bbox 240 3826 1286 3874; baseline -0.014 -8"><span class='ocrx_word' id='word_1_1083' title='bbox 240 3839 417 3874; x_wconf 71' lang='lat' dir='ltr'>thaginienses</span> <span class='ocrx_word' id='word_1_1084' title='bbox 436 3836 542 3864; x_wconf 64' lang='lat' dir='ltr'>resectis</span> <span class='ocrx_word' id='word_1_1085' title='bbox 561 3833 710 3869; x_wconf 76' lang='lat' dir='ltr'>palpebris,</span> <span class='ocrx_word' id='word_1_1086' title='bbox 729 3832 860 3865; x_wconf 78' lang='lat' dir='ltr'>illigatum</span> <span class='ocrx_word' id='word_1_1087' title='bbox 880 3831 908 3855; x_wconf 90' lang='lat' dir='ltr'>in</span> <span class='ocrx_word' id='word_1_1088' title='bbox 928 3828 1064 3859; x_wconf 86' lang='lat' dir='ltr'>machina,</span> <span class='ocrx_word' id='word_1_1089' title='bbox 1090 3826 1227 3860; x_wconf 83' lang='lat' dir='ltr'>vigilando</span> <span class='ocrx_word' id='word_1_1090' title='bbox 1242 3835 1286 3852; x_wconf 87' lang='lat' dir='ltr'>ne-</span> 
     </span>
     <span class='ocr_line' id='line_1_112' title="bbox 241 3880 373 3903; baseline -0.023 -1"><span class='ocrx_word' id='word_1_1091' title='bbox 241 3880 373 3903; x_wconf 83' lang='lat' dir='ltr'>cauerunt.</span> 
     </span>
    </p>
   </div>
   <div class='ocr_carea' id='block_1_24' title="bbox 1188 1376 1310 1413">
    <p class='ocr_par' dir='ltr' id='par_1_36' title="bbox 1188 1376 1310 1413">
     <span class='ocr_line' id='line_1_113' title="bbox 1188 1376 1310 1413; baseline 0 -12"><span class='ocrx_word' id='word_1_1092' title='bbox 1188 1376 1262 1401; x_wconf 82' lang='lat' dir='ltr'>Idem</span> <span class='ocrx_word' id='word_1_1093' title='bbox 1280 1386 1310 1413; x_wconf 78' lang='lat'>35</span> 
     </span>
    </p>
   </div>
   <div class='ocr_carea' id='block_1_25' title="bbox 1284 1730 1920 1766">
    <p class='ocr_par' dir='ltr' id='par_1_37' title="bbox 1284 1730 1920 1766">
     <span class='ocr_line' id='line_1_114' title="bbox 1284 1730 1920 1766; baseline -0.005 -8"><span class='ocrx_word' id='word_1_1094' title='bbox 1284 1736 1319 1762; x_wconf 76' lang='lat'>43</span> <span class='ocrx_word' id='word_1_1095' title='bbox 1334 1731 1385 1766; x_wconf 86' lang='lat' dir='ltr'>ptis</span> <span class='ocrx_word' id='word_1_1096' title='bbox 1399 1731 1487 1765; x_wconf 84' lang='lat' dir='ltr'>sagula</span> <span class='ocrx_word' id='word_1_1097' title='bbox 1501 1731 1651 1757; x_wconf 78' lang='lat' dir='ltr'>reiecerunt</span> <span class='ocrx_word' id='word_1_1098' title='bbox 1667 1730 1723 1757; x_wconf 85' lang='lat' dir='ltr'>Cic.</span> <span class='ocrx_word' id='word_1_1099' title='bbox 1737 1731 1765 1756; x_wconf 89' lang='lat' dir='ltr'>iii</span> <span class='ocrx_word' id='word_1_1100' title='bbox 1778 1730 1864 1756; x_wconf 82' lang='lat' dir='ltr'>Pison.</span> <span class='ocrx_word' id='word_1_1101' title='bbox 1878 1738 1920 1762; x_wconf 79' lang='lat'>54.</span> 
     </span>
    </p>
   </div>
   <div class='ocr_carea' id='block_1_26' title="bbox 1161 1906 2011 1946">
    <p class='ocr_par' dir='ltr' id='par_1_38' title="bbox 1161 1906 2011 1946">
     <span class='ocr_line' id='line_1_115' title="bbox 1161 1906 2011 1946; baseline -0.006 -8"><span class='ocrx_word' id='word_1_1102' title='bbox 1161 1906 1271 1940; x_wconf 88' lang='lat' dir='ltr'>Olympi</span> <span class='ocrx_word' id='word_1_1103' title='bbox 1285 1918 1317 1944; x_wconf 80' lang='lat'>50</span> <span class='ocrx_word' id='word_1_1104' title='bbox 1328 1912 1434 1946; x_wconf 77' lang='lat' dir='ltr'>pliciter</span> <span class='ocrx_word' id='word_1_1105' title='bbox 1441 1917 1490 1944; x_wconf 77' lang='lat' dir='ltr'>pro</span> <span class='ocrx_word' id='word_1_1106' title='bbox 1504 1917 1600 1935; x_wconf 67' lang='lat' dir='ltr'>cornere</span> <span class='ocrx_word' id='word_1_1107' title='bbox 1625 1908 1745 1936; x_wconf 83' lang='lat' dir='ltr'>Scribon.</span> <span class='ocrx_word' id='word_1_1108' title='bbox 1764 1914 1816 1939; x_wconf 82' lang='lat'>180.</span> <span class='ocrx_word' id='word_1_1109' title='bbox 1835 1913 1887 1940; x_wconf 82' lang='lat'>198.</span> <span class='ocrx_word' id='word_1_1110' title='bbox 1900 1915 1954 1933; x_wconf 83' lang='lat'>200</span> <span class='ocrx_word' id='word_1_1111' title='bbox 1966 1914 2011 1934; x_wconf 76' lang='lat' dir='ltr'>etc.</span> 
     </span>
    </p>
   </div>
   <div class='ocr_carea' id='block_1_27' title="bbox 1288 2260 2048 2295">
    <p class='ocr_par' dir='ltr' id='par_1_39' title="bbox 1288 2260 2048 2295">
     <span class='ocr_line' id='line_1_116' title="bbox 1288 2260 2048 2295; baseline -0.003 -7"><span class='ocrx_word' id='word_1_1112' title='bbox 1288 2260 1322 2285; x_wconf 87' lang='lat'>60</span> <span class='ocrx_word' id='word_1_1113' title='bbox 1337 2263 1393 2288; x_wconf 91' lang='lat' dir='ltr'>sum</span> <span class='ocrx_word' id='word_1_1114' title='bbox 1407 2262 1502 2288; x_wconf 85' lang='lat' dir='ltr'>Austro</span> <span class='ocrx_word' id='word_1_1115' title='bbox 1516 2260 1669 2286; x_wconf 79' lang='lat' dir='ltr'>vehementi</span> <span class='ocrx_word' id='word_1_1116' title='bbox 1681 2260 1713 2287; x_wconf 86' lang='lat' dir='ltr'>ad</span> <span class='ocrx_word' id='word_1_1117' title='bbox 1728 2261 1837 2287; x_wconf 87' lang='lat' dir='ltr'>eandem</span> <span class='ocrx_word' id='word_1_1118' title='bbox 1849 2261 2048 2295; x_wconf 83' lang='lat' dir='ltr'>Leucopetram.</span> 
     </span>
    </p>
   </div>
   <div class='ocr_carea' id='block_1_28' title="bbox 588 2612 2066 2652">
    <p class='ocr_par' dir='ltr' id='par_1_40' title="bbox 588 2612 2066 2652">
     <span class='ocr_line' id='line_1_117' title="bbox 588 2612 2066 2652; baseline -0.009 0"><span class='ocrx_word' id='word_1_1119' title='bbox 588 2627 637 2652; x_wconf 86' lang='lat' dir='ltr'>Pro</span> <span class='ocrx_word' id='word_1_1120' title='bbox 652 2624 797 2652; x_wconf 80' lang='lat' dir='ltr'>Reuocare,</span> <span class='ocrx_word' id='word_1_1121' title='bbox 804 2617 830 2652; x_wconf 86' lang='lat' dir='ltr'><strong><em>fi</em></strong></span> <span class='ocrx_word' id='word_1_1122' title='bbox 848 2616 969 2644; x_wconf 70' lang='lat' dir='ltr'>credimus</span> <span class='ocrx_word' id='word_1_1123' title='bbox 989 2615 1083 2641; x_wconf 76' lang='lat' dir='ltr'>Nonio</span> <span class='ocrx_word' id='word_1_1124' title='bbox 1104 2622 1130 2646; x_wconf 73' lang='grc' dir='ltr'>Ζ,</span> <span class='ocrx_word' id='word_1_1125' title='bbox 1150 2621 1200 2647; x_wconf 79' lang='lat'>743</span> <span class='ocrx_word' id='word_1_1126' title='bbox 1213 2612 1281 2639; x_wconf 72' lang='lat' dir='ltr'>dixit</span> <span class='ocrx_word' id='word_1_1127' title='bbox 1287 2618 1323 2647; x_wconf 88' lang='lat'>70</span> <span class='ocrx_word' id='word_1_1128' title='bbox 1339 2618 1482 2645; x_wconf 85' lang='lat' dir='ltr'>Refutetur</span> <span class='ocrx_word' id='word_1_1129' title='bbox 1500 2624 1529 2642; x_wconf 83' lang='lat' dir='ltr'>ac</span> <span class='ocrx_word' id='word_1_1130' title='bbox 1543 2614 1679 2641; x_wconf 80' lang='lat' dir='ltr'>reiiciatui·</span> <span class='ocrx_word' id='word_1_1131' title='bbox 1692 2613 1791 2640; x_wconf 86' lang='lat' dir='ltr'>clamor</span> <span class='ocrx_word' id='word_1_1132' title='bbox 1828 2613 1882 2639; x_wconf 87' lang='lat' dir='ltr'>Cic.</span> <span class='ocrx_word' id='word_1_1133' title='bbox 1897 2613 1979 2639; x_wconf 85' lang='lat' dir='ltr'>Tiisc.</span> <span class='ocrx_word' id='word_1_1134' title='bbox 1992 2622 2015 2646; x_wconf 82' lang='lat'>2,</span> <span class='ocrx_word' id='word_1_1135' title='bbox 2029 2621 2066 2646; x_wconf 77' lang='lat'>55,</span> 
     </span>
    </p>
   </div>
   <div class='ocr_carea' id='block_1_29' title="bbox 1184 2968 2106 3004">
    <p class='ocr_par' dir='ltr' id='par_1_41' title="bbox 1184 2968 2106 3004">
     <span class='ocr_line' id='line_1_118' title="bbox 1184 2968 2106 3004; baseline -0.002 -8"><span class='ocrx_word' id='word_1_1136' title='bbox 1184 2970 1281 3003; x_wconf 85' lang='lat' dir='ltr'>Neque</span> <span class='ocrx_word' id='word_1_1137' title='bbox 1293 2970 1326 2996; x_wconf 83' lang='lat'>80</span> <span class='ocrx_word' id='word_1_1138' title='bbox 1345 2974 1417 3000; x_wconf 80' lang='lat' dir='ltr'>dubio</span> <span class='ocrx_word' id='word_1_1139' title='bbox 1430 2973 1542 3000; x_wconf 83' lang='lat' dir='ltr'>reiicere</span> <span class='ocrx_word' id='word_1_1140' title='bbox 1556 2969 1587 3004; x_wconf 75' lang='lat' dir='ltr'>est</span> <span class='ocrx_word' id='word_1_1141' title='bbox 1604 2969 1711 2996; x_wconf 68' lang='lat' dir='ltr'>rcieelis</span> <span class='ocrx_word' id='word_1_1142' title='bbox 1725 2969 1868 3004; x_wconf 74' lang='lat' dir='ltr'>quibusdam</span> <span class='ocrx_word' id='word_1_1143' title='bbox 1881 2976 1989 2996; x_wconf 71' lang='lat' dir='ltr'>caeteros</span> <span class='ocrx_word' id='word_1_1144' title='bbox 2002 2968 2106 3002; x_wconf 75' lang='lat' dir='ltr'>eligere.</span> 
     </span>
    </p>
   </div>
   <div class='ocr_carea' id='block_1_30' title="bbox 357 3681 1841 3730">
    <p class='ocr_par' dir='ltr' id='par_1_42' title="bbox 357 3681 1841 3730">
     <span class='ocr_line' id='line_1_119' title="bbox 357 3681 1841 3730; baseline -0.011 -8"><span class='ocrx_word' id='word_1_1145' title='bbox 357 3697 439 3730; x_wconf 84' lang='lat' dir='ltr'>quue</span> <span class='ocrx_word' id='word_1_1146' title='bbox 457 3695 503 3721; x_wconf 75' lang='lat' dir='ltr'>vbi</span> <span class='ocrx_word' id='word_1_1147' title='bbox 523 3694 623 3719; x_wconf 74' lang='lat' dir='ltr'>Romae</span> <span class='ocrx_word' id='word_1_1148' title='bbox 637 3693 770 3725; x_wconf 71' lang='lat' dir='ltr'>cognitum</span> <span class='ocrx_word' id='word_1_1149' title='bbox 783 3690 834 3723; x_wconf 78' lang='lat' dir='ltr'>cst,</span> <span class='ocrx_word' id='word_1_1150' title='bbox 854 3686 1029 3714; x_wconf 69' lang='lat' dir='ltr'>nobilissimos</span> <span class='ocrx_word' id='word_1_1151' title='bbox 1044 3686 1193 3711; x_wconf 88' lang='lat' dir='ltr'>Poenorum</span> <span class='ocrx_word' id='word_1_1152' title='bbox 1207 3684 1286 3718; x_wconf 76' lang='lat' dir='ltr'>capti.</span> <span class='ocrx_word' id='word_1_1153' title='bbox 1296 3689 1343 3707; x_wconf 84' lang='lat'>100</span> <span class='ocrx_word' id='word_1_1154' title='bbox 1351 3689 1399 3715; x_wconf 74' lang='lat' dir='ltr'>effe</span> <span class='ocrx_word' id='word_1_1155' title='bbox 1414 3686 1506 3715; x_wconf 81' lang='lat' dir='ltr'>debes,</span> <span class='ocrx_word' id='word_1_1156' title='bbox 1525 3690 1553 3709; x_wconf 88' lang='lat' dir='ltr'>vt</span> <span class='ocrx_word' id='word_1_1157' title='bbox 1568 3682 1637 3708; x_wconf 88' lang='lat' dir='ltr'>nihil</span> <span class='ocrx_word' id='word_1_1158' title='bbox 1651 3681 1701 3708; x_wconf 89' lang='lat' dir='ltr'>huc</span> <span class='ocrx_word' id='word_1_1159' title='bbox 1715 3681 1819 3707; x_wconf 82' lang='lat' dir='ltr'>reiicias</span> <span class='ocrx_word' id='word_1_1160' title='bbox 1835 3692 1841 3707; x_wconf 67' lang='grc' dir='ltr'><strong><em>ε</em></strong></span> 
     </span>
    </p>
   </div>
   <div class='ocr_carea' id='block_1_31' title="bbox 462 3858 2033 3902">
    <p class='ocr_par' dir='ltr' id='par_1_43' title="bbox 462 3858 2033 3902">
     <span class='ocr_line' id='line_1_120' title="bbox 462 3858 2033 3902; baseline -0.009 -3"><span class='ocrx_word' id='word_1_1161' title='bbox 462 3871 537 3900; x_wconf 85' lang='lat' dir='ltr'>Idem</span> <span class='ocrx_word' id='word_1_1162' title='bbox 550 3871 581 3897; x_wconf 84' lang='lat' dir='ltr'>de</span> <span class='ocrx_word' id='word_1_1163' title='bbox 594 3870 613 3897; x_wconf 86' lang='lat' dir='ltr'>F</span> <span class='ocrx_word' id='word_1_1164' title='bbox 616 3867 683 3896; x_wconf 86' lang='lat' dir='ltr'>inib.</span> <span class='ocrx_word' id='word_1_1165' title='bbox 697 3876 719 3902; x_wconf 83' lang='lat'>5,</span> <span class='ocrx_word' id='word_1_1166' title='bbox 733 3872 765 3898; x_wconf 74' lang='lat'>82</span> <span class='ocrx_word' id='word_1_1167' title='bbox 784 3867 840 3900; x_wconf 78' lang='lat' dir='ltr'>Qii</span> <span class='ocrx_word' id='word_1_1168' title='bbox 855 3867 884 3893; x_wconf 87' lang='lat' dir='ltr'>in</span> <span class='ocrx_word' id='word_1_1169' title='bbox 894 3864 1021 3900; x_wconf 77' lang='lat' dir='ltr'>potestate</span> <span class='ocrx_word' id='word_1_1170' title='bbox 1033 3862 1165 3895; x_wconf 87' lang='lat' dir='ltr'>hostium,</span> <span class='ocrx_word' id='word_1_1171' title='bbox 1182 3862 1285 3897; x_wconf 84' lang='lat' dir='ltr'>vigiliis</span> <span class='ocrx_word' id='word_1_1172' title='bbox 1295 3861 1400 3894; x_wconf 80' lang='lat' dir='ltr'>¹05Att.</span> <span class='ocrx_word' id='word_1_1173' title='bbox 1412 3868 1436 3900; x_wconf 72' lang='lat'>8,</span> <span class='ocrx_word' id='word_1_1174' title='bbox 1449 3871 1483 3899; x_wconf 68' lang='grc' dir='ltr'>ις.</span> <span class='ocrx_word' id='word_1_1175' title='bbox 1518 3863 1537 3887; x_wconf 76' lang='grc' dir='ltr'>ι’.</span> <span class='ocrx_word' id='word_1_1176' title='bbox 1567 3861 1600 3888; x_wconf 70' lang='grc' dir='ltr'>δι’</span> <span class='ocrx_word' id='word_1_1177' title='bbox 1611 3860 1676 3889; x_wconf 79' lang='lat' dir='ltr'>hanc</span> <span class='ocrx_word' id='word_1_1178' title='bbox 1688 3860 1896 3897; x_wconf 68' lang='lat' dir='ltr'>curamfiiscipir.</span> <span class='ocrx_word' id='word_1_1179' title='bbox 1932 3858 2033 3885; x_wconf 67' lang='lat' dir='ltr'>Mamm</span> 
     </span>
    </p>
   </div>
   <div class='ocr_carea' id='block_1_32' title="bbox 1723 76 2355 139">
    <p class='ocr_par' dir='ltr' id='par_1_44' title="bbox 1723 76 2355 139">
     <span class='ocr_line' id='line_1_121' title="bbox 1723 76 2355 139; baseline 0.005 -22"><span class='ocrx_word' id='word_1_1180' title='bbox 1723 76 1756 117; x_wconf 86' lang='lat' dir='ltr'>R</span> <span class='ocrx_word' id='word_1_1181' title='bbox 1831 77 1866 119; x_wconf 86' lang='lat' dir='ltr'>E</span> <span class='ocrx_word' id='word_1_1182' title='bbox 1947 79 1965 121; x_wconf 91' lang='lat'>1</span> <span class='ocrx_word' id='word_1_1183' title='bbox 2291 98 2355 139; x_wconf 56' lang='lat'>,332</span> 
     </span>
    </p>
   </div>
   <div class='ocr_carea' id='block_1_33' title="bbox 1315 166 2359 312">
    <p class='ocr_par' dir='ltr' id='par_1_45' title="bbox 1315 166 2359 312">
     <span class='ocr_line' id='line_1_122' title="bbox 1321 166 2356 210; baseline 0.003 -14"><span class='ocrx_word' id='word_1_1184' title='bbox 1321 174 1348 197; x_wconf 87' lang='lat' dir='ltr'>et</span> <span class='ocrx_word' id='word_1_1185' title='bbox 1361 168 1450 210; x_wconf 77' lang='lat' dir='ltr'>inedia</span> <span class='ocrx_word' id='word_1_1186' title='bbox 1461 175 1565 196; x_wconf 86' lang='lat' dir='ltr'>necatus</span> <span class='ocrx_word' id='word_1_1187' title='bbox 1578 168 1615 195; x_wconf 85' lang='lat' dir='ltr'>est</span> <span class='ocrx_word' id='word_1_1188' title='bbox 1627 167 1741 202; x_wconf 82' lang='lat' dir='ltr'>Regulus</span> <span class='ocrx_word' id='word_1_1189' title='bbox 1758 168 1767 193; x_wconf 77' lang='lat'>3</span> <span class='ocrx_word' id='word_1_1190' title='bbox 1802 166 1842 193; x_wconf 79' lang='lat' dir='ltr'>De</span> <span class='ocrx_word' id='word_1_1191' title='bbox 1853 168 1932 206; x_wconf 77' lang='lat' dir='ltr'>rebus</span> <span class='ocrx_word' id='word_1_1192' title='bbox 1944 169 1977 197; x_wconf 90' lang='lat' dir='ltr'>ab</span> <span class='ocrx_word' id='word_1_1193' title='bbox 1990 179 2022 197; x_wconf 92' lang='lat' dir='ltr'>eo</span> <span class='ocrx_word' id='word_1_1194' title='bbox 2034 171 2111 205; x_wconf 83' lang='lat' dir='ltr'>gestis</span> <span class='ocrx_word' id='word_1_1195' title='bbox 2120 191 2128 204; x_wconf 93' lang='lat'>,</span> <span class='ocrx_word' id='word_1_1196' title='bbox 2147 171 2199 198; x_wconf 78' lang='lat' dir='ltr'>vid.</span> <span class='ocrx_word' id='word_1_1197' title='bbox 2212 172 2276 199; x_wconf 87' lang='lat' dir='ltr'>Aur.</span> <span class='ocrx_word' id='word_1_1198' title='bbox 2289 172 2356 202; x_wconf 64' lang='lat' dir='ltr'>Vi&amp;</span> 
     </span>
     <span class='ocr_line' id='line_1_123' title="bbox 1324 204 2359 247; baseline 0.003 -16"><span class='ocrx_word' id='word_1_1199' title='bbox 1324 205 1355 231; x_wconf 88' lang='lat' dir='ltr'>de</span> <span class='ocrx_word' id='word_1_1200' title='bbox 1367 206 1440 247; x_wconf 65' lang='lat' dir='ltr'>.V¹¹.&#39;¹⁵</span> <span class='ocrx_word' id='word_1_1201' title='bbox 1455 205 1551 232; x_wconf 86' lang='lat' dir='ltr'>Illustr.</span> <span class='ocrx_word' id='word_1_1202' title='bbox 1564 243 1567 246; x_wconf 33' lang='grc'><strong>-</strong></span> <span class='ocrx_word' id='word_1_1203' title='bbox 1594 211 1616 232; x_wconf 73' lang='lat' dir='ltr'>et</span> <span class='ocrx_word' id='word_1_1204' title='bbox 1631 204 1720 245; x_wconf 40' lang='lat' dir='ltr'>Val-er.</span> <span class='ocrx_word' id='word_1_1205' title='bbox 1735 204 1804 229; x_wconf 75' lang='lat' dir='ltr'>Max.</span> <span class='ocrx_word' id='word_1_1206' title='bbox 1818 211 1878 235; x_wconf 84' lang='lat'>4‚4.</span> <span class='ocrx_word' id='word_1_1207' title='bbox 1917 206 2011 245; x_wconf 61' lang='lat' dir='ltr'>{sarias</span> <span class='ocrx_word' id='word_1_1208' title='bbox 2022 208 2051 233; x_wconf 76' lang='lat' dir='ltr'>de</span> <span class='ocrx_word' id='word_1_1209' title='bbox 2064 207 2296 243; x_wconf 59' lang='lat' dir='ltr'>gmiercfiippli&#39;ci&#39;i,</span> <span class='ocrx_word' id='word_1_1210' title='bbox 2314 218 2359 244; x_wconf 74' lang='lat' dir='ltr'>qim</span> 
     </span>
     <span class='ocr_line' id='line_1_124' title="bbox 1315 237 2359 284; baseline 0.011 -29"><span class='ocrx_word' id='word_1_1211' title='bbox 1315 247 1441 282; x_wconf 36' lang='lat' dir='ltr'>pmcn„</span> <span class='ocrx_word' id='word_1_1212' title='bbox 1455 238 1843 284; x_wconf 39' lang='lat' dir='ltr'>fintfaitmrattulit-Drakenb.</span> <span class='ocrx_word' id='word_1_1213' title='bbox 1858 237 1892 278; x_wconf 72' lang='grc' dir='ltr'>αεζ</span> <span class='ocrx_word' id='word_1_1214' title='bbox 1901 239 1946 267; x_wconf 90' lang='lat' dir='ltr'>Sil.</span> <span class='ocrx_word' id='word_1_1215' title='bbox 1959 244 1985 274; x_wconf 89' lang='lat'>6,</span> <span class='ocrx_word' id='word_1_1216' title='bbox 1999 250 2053 275; x_wconf 80' lang='lat'>539.</span> <span class='ocrx_word' id='word_1_1217' title='bbox 2127 243 2218 270; x_wconf 84' lang='lat' dir='ltr'>Totum</span> <span class='ocrx_word' id='word_1_1218' title='bbox 2230 243 2258 269; x_wconf 78' lang='lat' dir='ltr'>de</span> <span class='ocrx_word' id='word_1_1219' title='bbox 2263 243 2359 281; x_wconf 73' lang='lat' dir='ltr'>suppli.</span> 
     </span>
     <span class='ocr_line' id='line_1_125' title="bbox 1322 274 2359 312; baseline 0.004 -11"><span class='ocrx_word' id='word_1_1220' title='bbox 1322 285 1360 302; x_wconf 78' lang='lat' dir='ltr'>cio</span> <span class='ocrx_word' id='word_1_1221' title='bbox 1384 276 1477 302; x_wconf 67' lang='lat' dir='ltr'>crudeli</span> <span class='ocrx_word' id='word_1_1222' title='bbox 1502 277 1570 302; x_wconf 74' lang='lat' dir='ltr'>illius</span> <span class='ocrx_word' id='word_1_1223' title='bbox 1589 285 1617 302; x_wconf 76' lang='lat' dir='ltr'>ziz</span> <span class='ocrx_word' id='word_1_1224' title='bbox 1635 280 1781 310; x_wconf 62' lang='lat' dir='ltr'>captiuum?</span> <span class='ocrx_word' id='word_1_1225' title='bbox 1794 274 1855 308; x_wconf 84' lang='lat' dir='ltr'>fato</span> <span class='ocrx_word' id='word_1_1226' title='bbox 1866 275 1913 308; x_wconf 83' lang='lat' dir='ltr'>Juo</span> <span class='ocrx_word' id='word_1_1227' title='bbox 1930 281 2022 304; x_wconf 82' lang='lat' dir='ltr'>mortui</span> <span class='ocrx_word' id='word_1_1228' title='bbox 2041 276 2170 312; x_wconf 55' lang='lat' dir='ltr'>:orificium</span> <span class='ocrx_word' id='word_1_1229' title='bbox 2181 284 2275 312; x_wconf 75' lang='lat' dir='ltr'>putat,</span> <span class='ocrx_word' id='word_1_1230' title='bbox 2294 287 2316 305; x_wconf 78' lang='lat' dir='ltr'>cc</span> <span class='ocrx_word' id='word_1_1231' title='bbox 2329 280 2359 307; x_wconf 74' lang='lat' dir='ltr'>ab</span> 
     </span>
    </p>
   </div>
   <div class='ocr_carea' id='block_1_34' title="bbox 1289 309 2360 351">
    <p class='ocr_par' dir='ltr' id='par_1_46' title="bbox 1289 309 2360 351">
     <span class='ocr_line' id='line_1_126' title="bbox 1289 309 2360 351; baseline -0.001 -13"><span class='ocrx_word' id='word_1_1232' title='bbox 1289 319 1303 345; x_wconf 86' lang='lat'>5</span> <span class='ocrx_word' id='word_1_1233' title='bbox 1319 320 1396 338; x_wconf 76' lang='lat' dir='ltr'>uxore</span> <span class='ocrx_word' id='word_1_1234' title='bbox 1407 313 1498 351; x_wconf 57' lang='lat' dir='ltr'>Regali</span> <span class='ocrx_word' id='word_1_1235' title='bbox 1511 313 1655 348; x_wconf 80' lang='lat' dir='ltr'>vulgatum,</span> <span class='ocrx_word' id='word_1_1236' title='bbox 1672 318 1701 337; x_wconf 84' lang='grc' dir='ltr'>υι</span> <span class='ocrx_word' id='word_1_1237' title='bbox 1714 309 1837 344; x_wconf 67' lang='lat' dir='ltr'>excusaret</span> <span class='ocrx_word' id='word_1_1238' title='bbox 1849 309 2017 338; x_wconf 70' lang='lat' dir='ltr'>crudelitatem</span> <span class='ocrx_word' id='word_1_1239' title='bbox 2030 313 2099 347; x_wconf 74' lang='lat' dir='ltr'>[icam</span> <span class='ocrx_word' id='word_1_1240' title='bbox 2112 322 2171 348; x_wconf 76' lang='lat' dir='ltr'>erga</span> <span class='ocrx_word' id='word_1_1241' title='bbox 2185 317 2296 348; x_wconf 76' lang='lat' dir='ltr'>captiuos</span> <span class='ocrx_word' id='word_1_1242' title='bbox 2302 315 2360 342; x_wconf 74' lang='lat' dir='ltr'>Car-</span> 
     </span>
    </p>
   </div>
   <div class='ocr_carea' id='block_1_35' title="bbox 1321 343 2360 490">
    <p class='ocr_par' dir='ltr' id='par_1_47' title="bbox 1321 343 2360 490">
     <span class='ocr_line' id='line_1_127' title="bbox 1321 343 2358 384; baseline 0.005 -12"><span class='ocrx_word' id='word_1_1243' title='bbox 1321 346 1450 383; x_wconf 70' lang='lat' dir='ltr'>thaginien</span> <span class='ocrx_word' id='word_1_1244' title='bbox 1463 356 1527 380; x_wconf 80' lang='lat' dir='ltr'>rum,</span> <span class='ocrx_word' id='word_1_1245' title='bbox 1541 347 1680 382; x_wconf 75' lang='lat' dir='ltr'>probabilis</span> <span class='ocrx_word' id='word_1_1246' title='bbox 1705 343 1738 378; x_wconf 80' lang='lat' dir='ltr'>est</span> <span class='ocrx_word' id='word_1_1247' title='bbox 1754 345 1880 381; x_wconf 65' lang='lat' dir='ltr'>Jivitentia</span> <span class='ocrx_word' id='word_1_1248' title='bbox 1902 346 2037 379; x_wconf 55' lang='lat' dir='ltr'>Palma-ii,</span> <span class='ocrx_word' id='word_1_1249' title='bbox 2056 349 2164 374; x_wconf 70' lang='lat' dir='ltr'>Exercaet.</span> <span class='ocrx_word' id='word_1_1250' title='bbox 2181 351 2208 373; x_wconf 82' lang='lat' dir='ltr'>in</span> <span class='ocrx_word' id='word_1_1251' title='bbox 2222 349 2358 384; x_wconf 70' lang='lat' dir='ltr'>scriptores</span> 
     </span>
     <span class='ocr_line' id='line_1_128' title="bbox 1321 379 2356 418; baseline 0.002 -10"><span class='ocrx_word' id='word_1_1252' title='bbox 1321 381 1428 408; x_wconf 79' lang='lat' dir='ltr'>Graecos</span> <span class='ocrx_word' id='word_1_1253' title='bbox 1457 390 1483 417; x_wconf 84' lang='lat' dir='ltr'>p.</span> <span class='ocrx_word' id='word_1_1254' title='bbox 1516 393 1554 417; x_wconf 72' lang='lat'>¹51</span> <span class='ocrx_word' id='word_1_1255' title='bbox 1579 383 1637 418; x_wconf 85' lang='lat' dir='ltr'>sqq.</span> <span class='ocrx_word' id='word_1_1256' title='bbox 1744 382 1820 407; x_wconf 81' lang='lat' dir='ltr'>Mens</span> <span class='ocrx_word' id='word_1_1257' title='bbox 1834 379 1947 414; x_wconf 78' lang='lat' dir='ltr'>prouida</span> <span class='ocrx_word' id='word_1_1258' title='bbox 1961 382 2056 417; x_wconf 85' lang='lat' dir='ltr'>Reguli</span> <span class='ocrx_word' id='word_1_1259' title='bbox 2081 384 2151 410; x_wconf 79' lang='lat' dir='ltr'>Hor.</span> <span class='ocrx_word' id='word_1_1260' title='bbox 2166 384 2254 410; x_wconf 82' lang='lat' dir='ltr'>Carni.</span> <span class='ocrx_word' id='word_1_1261' title='bbox 2267 393 2289 416; x_wconf 80' lang='lat'>3,</span> <span class='ocrx_word' id='word_1_1262' title='bbox 2303 392 2324 417; x_wconf 85' lang='lat'>5,</span> <span class='ocrx_word' id='word_1_1263' title='bbox 2335 393 2356 417; x_wconf 80' lang='lat'>3.</span> 
     </span>
     <span class='ocr_line' id='line_1_129' title="bbox 1322 413 2360 455; baseline 0.004 -13"><span class='ocrx_word' id='word_1_1264' title='bbox 1322 415 1363 449; x_wconf 78' lang='lat' dir='ltr'>Est</span> <span class='ocrx_word' id='word_1_1265' title='bbox 1376 417 1412 443; x_wconf 81' lang='lat' dir='ltr'>ibi</span> <span class='ocrx_word' id='word_1_1266' title='bbox 1420 417 1528 452; x_wconf 77' lang='lat' dir='ltr'>pulchra</span> <span class='ocrx_word' id='word_1_1267' title='bbox 1540 418 1665 453; x_wconf 51' lang='lat' dir='ltr'>ethopoeia</span> <span class='ocrx_word' id='word_1_1268' title='bbox 1679 413 1840 448; x_wconf 64' lang='lat' dir='ltr'>dtffiaeatiemis</span> <span class='ocrx_word' id='word_1_1269' title='bbox 1857 422 2059 451; x_wconf 72' lang='lat' dir='ltr'>permutationem</span> <span class='ocrx_word' id='word_1_1270' title='bbox 2078 423 2246 454; x_wconf 72' lang='lat' dir='ltr'>captiuorum,</span> <span class='ocrx_word' id='word_1_1271' title='bbox 2264 429 2292 445; x_wconf 82' lang='lat' dir='ltr'>m</span> <span class='ocrx_word' id='word_1_1272' title='bbox 2309 424 2360 455; x_wconf 85' lang='lat' dir='ltr'>qui-</span> 
     </span>
     <span class='ocr_line' id='line_1_130' title="bbox 1321 450 2360 490; baseline 0.004 -12"><span class='ocrx_word' id='word_1_1273' title='bbox 1321 450 1365 477; x_wconf 79' lang='lat' dir='ltr'>bus</span> <span class='ocrx_word' id='word_1_1274' title='bbox 1377 453 1500 488; x_wconf 71' lang='lat' dir='ltr'>ipsefm&#39;t.</span> <span class='ocrx_word' id='word_1_1275' title='bbox 1750 460 1766 478; x_wconf 82' lang='lat'>2</span> <span class='ocrx_word' id='word_1_1276' title='bbox 1804 453 1865 479; x_wconf 75' lang='lat' dir='ltr'>Sunt</span> <span class='ocrx_word' id='word_1_1277' title='bbox 1884 457 1906 477; x_wconf 74' lang='lat' dir='ltr'>et</span> <span class='ocrx_word' id='word_1_1278' title='bbox 1924 452 1970 478; x_wconf 83' lang='lat' dir='ltr'>alii</span> <span class='ocrx_word' id='word_1_1279' title='bbox 1988 453 2060 480; x_wconf 82' lang='lat' dir='ltr'>huius</span> <span class='ocrx_word' id='word_1_1280' title='bbox 2078 457 2202 487; x_wconf 72' lang='lat' dir='ltr'>nvminis,</span> <span class='ocrx_word' id='word_1_1281' title='bbox 2218 457 2284 481; x_wconf 80' lang='lat' dir='ltr'>inter</span> <span class='ocrx_word' id='word_1_1282' title='bbox 2300 464 2360 490; x_wconf 72' lang='lat' dir='ltr'>quos</span> 
     </span>
    </p>
   </div>
   <div class='ocr_carea' id='block_1_36' title="bbox 1278 451 1914 523">
    <p class='ocr_par' dir='ltr' id='par_1_48' title="bbox 1278 451 1914 523">
     <span class='ocr_line' id='line_1_131' title="bbox 1278 451 1914 523; baseline -0.002 -9"><span class='ocrx_word' id='word_1_1283' title='bbox 1278 496 1307 514; x_wconf 90' lang='lat'>10</span> <span class='ocrx_word' id='word_1_1284' title='bbox 1321 486 1362 512; x_wconf 75' lang='lat' dir='ltr'>ille</span> <span class='ocrx_word' id='word_1_1285' title='bbox 1375 488 1411 514; x_wconf 89' lang='lat' dir='ltr'>M.</span> <span class='ocrx_word' id='word_1_1286' title='bbox 1425 488 1558 522; x_wconf 79' lang='lat' dir='ltr'>Regulus,</span> <span class='ocrx_word' id='word_1_1287' title='bbox 1576 487 1605 514; x_wconf 83' lang='lat' dir='ltr'>de</span> <span class='ocrx_word' id='word_1_1288' title='bbox 1615 496 1663 523; x_wconf 83' lang='lat' dir='ltr'>quo</span> <span class='ocrx_word' id='word_1_1289' title='bbox 1683 451 1750 514; x_wconf 67' lang='lat' dir='ltr'>Psin.</span> <span class='ocrx_word' id='word_1_1290' title='bbox 1767 485 1844 522; x_wconf 85' lang='lat' dir='ltr'>Epist.</span> <span class='ocrx_word' id='word_1_1291' title='bbox 1859 496 1880 518; x_wconf 87' lang='lat'>1,</span> <span class='ocrx_word' id='word_1_1292' title='bbox 1894 495 1914 520; x_wconf 84' lang='lat'>5.</span> 
     </span>
    </p>
   </div>
   <div class='ocr_carea' id='block_1_37' title="bbox 1323 522 2362 592">
    <p class='ocr_par' dir='ltr' id='par_1_49' title="bbox 1323 522 2362 592">
     <span class='ocr_line' id='line_1_132' title="bbox 1349 522 2359 564; baseline 0.005 -17"><span class='ocrx_word' id='word_1_1293' title='bbox 1349 527 1381 561; x_wconf 69' lang='lat' dir='ltr'>⁸n</span> <span class='ocrx_word' id='word_1_1294' title='bbox 1394 529 1410 548; x_wconf 78' lang='lat' dir='ltr'>E</span> <span class='ocrx_word' id='word_1_1295' title='bbox 1423 529 1443 549; x_wconf 86' lang='lat' dir='ltr'>G</span> <span class='ocrx_word' id='word_1_1296' title='bbox 1455 531 1495 550; x_wconf 85' lang='lat' dir='ltr'>vs</span> <span class='ocrx_word' id='word_1_1297' title='bbox 1504 529 1525 548; x_wconf 76' lang='lat' dir='ltr'>T</span> <span class='ocrx_word' id='word_1_1298' title='bbox 1535 531 1571 556; x_wconf 83' lang='grc' dir='ltr'>ο,</span> <span class='ocrx_word' id='word_1_1299' title='bbox 1609 528 1660 549; x_wconf 74' lang='lat' dir='ltr'>are.</span> <span class='ocrx_word' id='word_1_1300' title='bbox 1702 523 1715 564; x_wconf 89' lang='lat'>[</span> <span class='ocrx_word' id='word_1_1301' title='bbox 1728 522 1876 563; x_wconf 36' lang='lat' dir='ltr'>dyonysii-mm</span> <span class='ocrx_word' id='word_1_1302' title='bbox 1889 524 1918 562; x_wconf 34' lang='lat'>]-</span> <span class='ocrx_word' id='word_1_1303' title='bbox 1948 523 2043 550; x_wconf 82' lang='lat' dir='ltr'>Iterum</span> <span class='ocrx_word' id='word_1_1304' title='bbox 2074 523 2181 559; x_wconf 75' lang='lat' dir='ltr'>gustare.</span> <span class='ocrx_word' id='word_1_1305' title='bbox 2218 525 2359 559; x_wconf 76' lang='lat' dir='ltr'>Metaphor.</span> 
     </span>
     <span class='ocr_line' id='line_1_133' title="bbox 1323 556 2362 592; baseline 0.005 -10"><span class='ocrx_word' id='word_1_1306' title='bbox 1323 556 1379 582; x_wconf 85' lang='lat' dir='ltr'>Cic.</span> <span class='ocrx_word' id='word_1_1307' title='bbox 1388 557 1440 584; x_wconf 89' lang='lat' dir='ltr'>Att.</span> <span class='ocrx_word' id='word_1_1308' title='bbox 1449 568 1475 591; x_wconf 80' lang='lat'>4,</span> <span class='ocrx_word' id='word_1_1309' title='bbox 1484 560 1512 584; x_wconf 85' lang='lat'>16</span> <span class='ocrx_word' id='word_1_1310' title='bbox 1529 559 1599 585; x_wconf 85' lang='lat' dir='ltr'>Nam</span> <span class='ocrx_word' id='word_1_1311' title='bbox 1607 558 1734 586; x_wconf 77' lang='lat' dir='ltr'>Vestorio</span> <span class='ocrx_word' id='word_1_1312' title='bbox 1742 559 1820 585; x_wconf 79' lang='lat' dir='ltr'>dandi</span> <span class='ocrx_word' id='word_1_1313' title='bbox 1827 559 1885 584; x_wconf 89' lang='lat' dir='ltr'>sunt</span> <span class='ocrx_word' id='word_1_1314' title='bbox 1893 558 1955 588; x_wconf 82' lang='lat' dir='ltr'>dies,</span> <span class='ocrx_word' id='word_1_1315' title='bbox 1962 564 1987 584; x_wconf 81' lang='lat' dir='ltr'>et</span> <span class='ocrx_word' id='word_1_1316' title='bbox 1996 558 2041 585; x_wconf 84' lang='lat' dir='ltr'>ille</span> <span class='ocrx_word' id='word_1_1317' title='bbox 2049 559 2156 586; x_wconf 84' lang='lat' dir='ltr'>Latinus</span> <span class='ocrx_word' id='word_1_1318' title='bbox 2164 560 2321 592; x_wconf 61' lang='grc' dir='ltr'>Ἀττικισμόε</span> <span class='ocrx_word' id='word_1_1319' title='bbox 2329 570 2362 588; x_wconf 79' lang='lat' dir='ltr'>cic</span> 
     </span>
    </p>
   </div>
   <div class='ocr_carea' id='block_1_38' title="bbox 1322 591 2363 664">
    <p class='ocr_par' dir='ltr' id='par_1_50' title="bbox 1322 591 2363 664">
     <span class='ocr_line' id='line_1_134' title="bbox 1322 591 2363 634; baseline 0.007 -17"><span class='ocrx_word' id='word_1_1320' title='bbox 1322 591 1463 632; x_wconf 76' lang='lat' dir='ltr'>interuallo</span> <span class='ocrx_word' id='word_1_1321' title='bbox 1470 593 1646 634; x_wconf 74' lang='lat' dir='ltr'>regustandus.</span> <span class='ocrx_word' id='word_1_1322' title='bbox 1681 595 1772 621; x_wconf 83' lang='lat' dir='ltr'>Eidem</span> <span class='ocrx_word' id='word_1_1323' title='bbox 1783 603 1816 626; x_wconf 77' lang='lat'>13,</span> <span class='ocrx_word' id='word_1_1324' title='bbox 1826 602 1850 625; x_wconf 80' lang='lat'>¹3</span> <span class='ocrx_word' id='word_1_1325' title='bbox 1858 601 1921 620; x_wconf 77' lang='lat' dir='ltr'>extr.</span> <span class='ocrx_word' id='word_1_1326' title='bbox 1929 594 1976 620; x_wconf 83' lang='lat' dir='ltr'>Scd</span> <span class='ocrx_word' id='word_1_1327' title='bbox 1983 594 2076 621; x_wconf 84' lang='lat' dir='ltr'>crebro</span> <span class='ocrx_word' id='word_1_1328' title='bbox 2084 595 2187 629; x_wconf 81' lang='lat' dir='ltr'>regusto</span> <span class='ocrx_word' id='word_1_1329' title='bbox 2196 602 2251 622; x_wconf 87' lang='lat' dir='ltr'>tuas</span> <span class='ocrx_word' id='word_1_1330' title='bbox 2259 595 2363 624; x_wconf 86' lang='lat' dir='ltr'>literas:</span> 
     </span>
     <span class='ocr_line' id='line_1_135' title="bbox 1323 626 2362 664; baseline 0.004 -10"><span class='ocrx_word' id='word_1_1331' title='bbox 1323 636 1352 654; x_wconf 82' lang='lat' dir='ltr'>in</span> <span class='ocrx_word' id='word_1_1332' title='bbox 1365 626 1406 653; x_wconf 86' lang='lat' dir='ltr'>his</span> <span class='ocrx_word' id='word_1_1333' title='bbox 1420 631 1570 662; x_wconf 84' lang='lat' dir='ltr'>acquiesce,</span> <span class='ocrx_word' id='word_1_1334' title='bbox 1590 636 1677 656; x_wconf 83' lang='lat' dir='ltr'>tamen</span> <span class='ocrx_word' id='word_1_1335' title='bbox 1691 630 1811 664; x_wconf 62' lang='lat' dir='ltr'>exspecto</span> <span class='ocrx_word' id='word_1_1336' title='bbox 1825 638 1916 656; x_wconf 79' lang='lat' dir='ltr'>nouas.</span> <span class='ocrx_word' id='word_1_1337' title='bbox 1952 632 1969 655; x_wconf 85' lang='lat' dir='ltr'>i.</span> <span class='ocrx_word' id='word_1_1338' title='bbox 1989 630 2077 656; x_wconf 76' lang='lat' dir='ltr'>Crebro</span> <span class='ocrx_word' id='word_1_1339' title='bbox 2098 637 2153 657; x_wconf 76' lang='lat' dir='ltr'>tuiis</span> <span class='ocrx_word' id='word_1_1340' title='bbox 2175 633 2263 657; x_wconf 66' lang='lat' dir='ltr'>literas</span> <span class='ocrx_word' id='word_1_1341' title='bbox 2276 634 2302 657; x_wconf 82' lang='lat' dir='ltr'>in</span> <span class='ocrx_word' id='word_1_1342' title='bbox 2313 641 2362 662; x_wconf 63' lang='lat' dir='ltr'>ma,-</span> 
     </span>
    </p>
   </div>
   <div class='ocr_carea' id='block_1_39' title="bbox 686 662 2363 702">
    <p class='ocr_par' dir='ltr' id='par_1_51' title="bbox 686 662 2363 702">
     <span class='ocr_line' id='line_1_136' title="bbox 686 662 2363 702; baseline -0.002 -6"><span class='ocrx_word' id='word_1_1343' title='bbox 686 670 767 697; x_wconf 76' lang='lat' dir='ltr'>Caelo</span> <span class='ocrx_word' id='word_1_1344' title='bbox 782 674 915 696; x_wconf 80' lang='lat' dir='ltr'>tonantem</span> <span class='ocrx_word' id='word_1_1345' title='bbox 930 664 1089 691; x_wconf 69' lang='lat' dir='ltr'>credidimus</span> <span class='ocrx_word' id='word_1_1346' title='bbox 1109 665 1202 691; x_wconf 90' lang='lat' dir='ltr'>Iouem</span> <span class='ocrx_word' id='word_1_1347' title='bbox 1222 672 1262 690; x_wconf 64' lang='lat' dir='ltr'>re·</span> <span class='ocrx_word' id='word_1_1348' title='bbox 1280 675 1306 701; x_wconf 75' lang='grc' dir='ltr'>ις</span> <span class='ocrx_word' id='word_1_1349' title='bbox 1324 673 1371 689; x_wconf 67' lang='lat'>’1115</span> <span class='ocrx_word' id='word_1_1350' title='bbox 1384 662 1453 697; x_wconf 80' lang='lat' dir='ltr'>sumo</span> <span class='ocrx_word' id='word_1_1351' title='bbox 1466 674 1473 688; x_wconf 89' lang='lat'>··</span> <span class='ocrx_word' id='word_1_1352' title='bbox 1507 667 1540 691; x_wconf 81' lang='lat' dir='ltr'>iis</span> <span class='ocrx_word' id='word_1_1353' title='bbox 1560 664 1668 701; x_wconf 70' lang='lat' dir='ltr'>legendis</span> <span class='ocrx_word' id='word_1_1354' title='bbox 1688 666 1827 702; x_wconf 64' lang='lat' dir='ltr'>acquiesco,</span> <span class='ocrx_word' id='word_1_1355' title='bbox 1845 669 1904 700; x_wconf 82' lang='lat' dir='ltr'>quia</span> <span class='ocrx_word' id='word_1_1356' title='bbox 1917 664 2011 700; x_wconf 72' lang='lat' dir='ltr'>scribis</span> <span class='ocrx_word' id='word_1_1357' title='bbox 2028 672 2053 691; x_wconf 76' lang='lat' dir='ltr'>te</span> <span class='ocrx_word' id='word_1_1358' title='bbox 2070 665 2098 691; x_wconf 78' lang='lat' dir='ltr'>de</span> <span class='ocrx_word' id='word_1_1359' title='bbox 2118 669 2208 693; x_wconf 70' lang='lat' dir='ltr'>Attica</span> <span class='ocrx_word' id='word_1_1360' title='bbox 2221 674 2363 702; x_wconf 74' lang='lat' dir='ltr'>aegrotante</span> 
     </span>
    </p>
   </div>
   <div class='ocr_carea' id='block_1_40' title="bbox 1324 698 2364 804">
    <p class='ocr_par' dir='ltr' id='par_1_52' title="bbox 1324 698 2364 804">
     <span class='ocr_line' id='line_1_137' title="bbox 1324 698 2364 738; baseline 0.003 -15"><span class='ocrx_word' id='word_1_1361' title='bbox 1324 699 1380 725; x_wconf 65' lang='lat' dir='ltr'>bene</span> <span class='ocrx_word' id='word_1_1362' title='bbox 1388 698 1498 738; x_wconf 52' lang='lat' dir='ltr'>sperare.</span> <span class='ocrx_word' id='word_1_1363' title='bbox 1571 700 1627 726; x_wconf 78' lang='lat' dir='ltr'>Cic.</span> <span class='ocrx_word' id='word_1_1364' title='bbox 1641 701 1693 727; x_wconf 69' lang='lat' dir='ltr'>Ati.</span> <span class='ocrx_word' id='word_1_1365' title='bbox 1711 710 1745 733; x_wconf 80' lang='lat'>13,</span> <span class='ocrx_word' id='word_1_1366' title='bbox 1760 702 1851 736; x_wconf 73' lang='lat' dir='ltr'>48fin.</span> <span class='ocrx_word' id='word_1_1367' title='bbox 1888 701 1978 726; x_wconf 87' lang='lat' dir='ltr'>Velim</span> <span class='ocrx_word' id='word_1_1368' title='bbox 1991 701 2027 726; x_wconf 91' lang='lat' dir='ltr'>M.</span> <span class='ocrx_word' id='word_1_1369' title='bbox 2042 701 2168 728; x_wconf 85' lang='lat' dir='ltr'>Varronis</span> <span class='ocrx_word' id='word_1_1370' title='bbox 2182 708 2205 728; x_wconf 86' lang='lat' dir='ltr'>ct</span> <span class='ocrx_word' id='word_1_1371' title='bbox 2219 702 2288 728; x_wconf 85' lang='lat' dir='ltr'>Ollii</span> <span class='ocrx_word' id='word_1_1372' title='bbox 2304 703 2364 729; x_wconf 87' lang='lat' dir='ltr'>mit-</span> 
     </span>
     <span class='ocr_line' id='line_1_138' title="bbox 1324 733 2364 771; baseline 0.004 -11"><span class='ocrx_word' id='word_1_1373' title='bbox 1324 740 1363 760; x_wconf 89' lang='lat' dir='ltr'>tas</span> <span class='ocrx_word' id='word_1_1374' title='bbox 1380 733 1566 761; x_wconf 77' lang='lat' dir='ltr'>laudationem.</span> <span class='ocrx_word' id='word_1_1375' title='bbox 1601 735 1668 762; x_wconf 88' lang='lat' dir='ltr'>Ollii</span> <span class='ocrx_word' id='word_1_1376' title='bbox 1688 737 1780 771; x_wconf 84' lang='lat' dir='ltr'>vtique</span> <span class='ocrx_word' id='word_1_1377' title='bbox 1796 748 1801 762; x_wconf 90' lang='lat'><strong>:</strong></span> <span class='ocrx_word' id='word_1_1378' title='bbox 1837 745 1899 762; x_wconf 88' lang='lat' dir='ltr'>nam</span> <span class='ocrx_word' id='word_1_1379' title='bbox 1911 735 1985 763; x_wconf 87' lang='lat' dir='ltr'>illam</span> <span class='ocrx_word' id='word_1_1380' title='bbox 2005 736 2056 771; x_wconf 84' lang='lat' dir='ltr'>legi</span> <span class='ocrx_word' id='word_1_1381' title='bbox 2072 747 2077 762; x_wconf 92' lang='lat'>:</span> <span class='ocrx_word' id='word_1_1382' title='bbox 2113 738 2177 764; x_wconf 88' lang='lat' dir='ltr'>volo</span> <span class='ocrx_word' id='word_1_1383' title='bbox 2190 744 2278 764; x_wconf 86' lang='lat' dir='ltr'>tamen</span> <span class='ocrx_word' id='word_1_1384' title='bbox 2291 747 2364 765; x_wconf 73' lang='lat' dir='ltr'>revu-</span> 
     </span>
     <span class='ocr_line' id='line_1_139' title="bbox 1324 759 2335 804; baseline 0.004 -7"><span class='ocrx_word' id='word_1_1385' title='bbox 1324 769 1399 797; x_wconf 86' lang='lat' dir='ltr'>stare.</span> <span class='ocrx_word' id='word_1_1386' title='bbox 1472 769 1544 804; x_wconf 81' lang='lat' dir='ltr'>Conf.</span> <span class='ocrx_word' id='word_1_1387' title='bbox 1558 771 1616 796; x_wconf 85' lang='lat' dir='ltr'>Sen.</span> <span class='ocrx_word' id='word_1_1388' title='bbox 1631 771 1662 798; x_wconf 86' lang='lat' dir='ltr'>dc</span> <span class='ocrx_word' id='word_1_1389' title='bbox 1677 771 1784 798; x_wconf 83' lang='lat' dir='ltr'>Prouid.</span> <span class='ocrx_word' id='word_1_1390' title='bbox 1799 780 1821 804; x_wconf 75' lang='lat'>3.</span> <span class='ocrx_word' id='word_1_1391' title='bbox 2320 759 2335 772; x_wconf 71' lang='lat' dir='ltr'><em>v</em></span> 
     </span>
    </p>
   </div>
   <div class='ocr_carea' id='block_1_41' title="bbox 1361 806 2369 843">
    <p class='ocr_par' dir='ltr' id='par_1_53' title="bbox 1361 806 2369 843">
     <span class='ocr_line' id='line_1_140' title="bbox 1361 806 2369 843; baseline 0.005 -13"><span class='ocrx_word' id='word_1_1392' title='bbox 1361 811 1380 831; x_wconf 84' lang='lat' dir='ltr'><strong>R</strong></span> <span class='ocrx_word' id='word_1_1393' title='bbox 1394 812 1409 831; x_wconf 85' lang='lat' dir='ltr'>E</span> <span class='ocrx_word' id='word_1_1394' title='bbox 1419 810 1440 830; x_wconf 89' lang='lat' dir='ltr'>G</span> <span class='ocrx_word' id='word_1_1395' title='bbox 1451 811 1470 830; x_wconf 83' lang='lat' dir='ltr'>v</span> <span class='ocrx_word' id='word_1_1396' title='bbox 1480 812 1492 831; x_wconf 88' lang='lat' dir='ltr'>s</span> <span class='ocrx_word' id='word_1_1397' title='bbox 1504 811 1526 830; x_wconf 80' lang='lat' dir='ltr'>&#39;r</span> <span class='ocrx_word' id='word_1_1398' title='bbox 1537 806 1587 832; x_wconf 77' lang='grc' dir='ltr'>ᾸΤ</span> <span class='ocrx_word' id='word_1_1399' title='bbox 1597 813 1658 840; x_wconf 87' lang='lat' dir='ltr'>vs,</span> <span class='ocrx_word' id='word_1_1400' title='bbox 1668 816 1707 843; x_wconf 12' lang='lat' dir='ltr'>aa,</span> <span class='ocrx_word' id='word_1_1401' title='bbox 1728 816 1782 834; x_wconf 86' lang='lat' dir='ltr'>uui.</span> <span class='ocrx_word' id='word_1_1402' title='bbox 1798 809 1866 835; x_wconf 83' lang='lat' dir='ltr'>Part.</span> <span class='ocrx_word' id='word_1_1403' title='bbox 1902 808 1969 836; x_wconf 81' lang='lat' dir='ltr'>Pers.</span> <span class='ocrx_word' id='word_1_1404' title='bbox 1984 808 2034 834; x_wconf 87' lang='lat' dir='ltr'>Sat.</span> <span class='ocrx_word' id='word_1_1405' title='bbox 2049 815 2072 842; x_wconf 92' lang='lat'>5,</span> <span class='ocrx_word' id='word_1_1406' title='bbox 2088 813 2125 840; x_wconf 82' lang='lat'>138</span> <span class='ocrx_word' id='word_1_1407' title='bbox 2142 808 2312 843; x_wconf 85' lang='lat' dir='ltr'>Regustatuin</span> <span class='ocrx_word' id='word_1_1408' title='bbox 2329 808 2369 836; x_wconf 78' lang='lat' dir='ltr'>sa-&#39;</span> 
     </span>
    </p>
   </div>
   <div class='ocr_carea' id='block_1_42' title="bbox 525 839 1650 883">
    <p class='ocr_par' dir='ltr' id='par_1_54' title="bbox 525 839 1650 883">
     <span class='ocr_line' id='line_1_141' title="bbox 525 839 1650 883; baseline -0.008 -6"><span class='ocrx_word' id='word_1_1409' title='bbox 525 852 580 877; x_wconf 89' lang='lat' dir='ltr'>Cic.</span> <span class='ocrx_word' id='word_1_1410' title='bbox 594 852 664 876; x_wconf 77' lang='lat' dir='ltr'>Fam.</span> <span class='ocrx_word' id='word_1_1411' title='bbox 678 856 704 883; x_wconf 84' lang='lat'>7,</span> <span class='ocrx_word' id='word_1_1412' title='bbox 717 856 751 879; x_wconf 80' lang='lat'>24</span> <span class='ocrx_word' id='word_1_1413' title='bbox 783 844 858 872; x_wconf 87' lang='lat' dir='ltr'>Olim</span> <span class='ocrx_word' id='word_1_1414' title='bbox 876 853 960 879; x_wconf 88' lang='lat' dir='ltr'>quum</span> <span class='ocrx_word' id='word_1_1415' title='bbox 970 852 1082 877; x_wconf 75' lang='lat' dir='ltr'>regnare</span> <span class='ocrx_word' id='word_1_1416' title='bbox 1095 841 1261 868; x_wconf 79' lang='lat' dir='ltr'>existimaba-</span> <span class='ocrx_word' id='word_1_1417' title='bbox 1273 851 1308 869; x_wconf 87' lang='lat'>20</span> <span class='ocrx_word' id='word_1_1418' title='bbox 1322 841 1417 867; x_wconf 89' lang='lat' dir='ltr'>linum.</span> <span class='ocrx_word' id='word_1_1419' title='bbox 1451 842 1483 866; x_wconf 79' lang='grc' dir='ltr'>αΙ.</span> <span class='ocrx_word' id='word_1_1420' title='bbox 1504 839 1650 868; x_wconf 86' lang='lat' dir='ltr'>Falernum.</span> 
     </span>
    </p>
   </div>
   <div class='ocr_carea' id='block_1_43' title="bbox 1323 876 2368 951">
    <p class='ocr_par' dir='ltr' id='par_1_55' title="bbox 1323 876 2368 951">
     <span class='ocr_line' id='line_1_142' title="bbox 1359 876 2368 916; baseline 0.003 -13"><span class='ocrx_word' id='word_1_1421' title='bbox 1359 883 1378 903; x_wconf 80' lang='lat' dir='ltr'><strong>R</strong></span> <span class='ocrx_word' id='word_1_1422' title='bbox 1388 881 1435 916; x_wconf 43' lang='lat' dir='ltr'>E·G</span> <span class='ocrx_word' id='word_1_1423' title='bbox 1446 876 1493 902; x_wconf 70' lang='lat' dir='ltr'>Y‘R</span> <span class='ocrx_word' id='word_1_1424' title='bbox 1504 882 1522 901; x_wconf 84' lang='lat' dir='ltr'>O</span> <span class='ocrx_word' id='word_1_1425' title='bbox 1532 895 1540 907; x_wconf 83' lang='lat'>‚</span> <span class='ocrx_word' id='word_1_1426' title='bbox 1561 881 1611 902; x_wconf 72' lang='lat' dir='ltr'>are.</span> <span class='ocrx_word' id='word_1_1427' title='bbox 1646 878 1756 904; x_wconf 78' lang='lat' dir='ltr'>Reuolui.</span> <span class='ocrx_word' id='word_1_1428' title='bbox 1792 878 1864 905; x_wconf 84' lang='lat' dir='ltr'>Flor.</span> <span class='ocrx_word' id='word_1_1429' title='bbox 1872 888 1899 912; x_wconf 86' lang='lat'>4,</span> <span class='ocrx_word' id='word_1_1430' title='bbox 1907 887 1934 911; x_wconf 84' lang='lat'>2,</span> <span class='ocrx_word' id='word_1_1431' title='bbox 1947 880 1963 904; x_wconf 86' lang='lat'>6</span> <span class='ocrx_word' id='word_1_1432' title='bbox 1980 879 2113 905; x_wconf 82' lang='lat' dir='ltr'>Postremo</span> <span class='ocrx_word' id='word_1_1433' title='bbox 2126 880 2153 906; x_wconf 89' lang='lat' dir='ltr'>in</span> <span class='ocrx_word' id='word_1_1434' title='bbox 2169 879 2322 913; x_wconf 84' lang='lat' dir='ltr'>Hispaniam</span> <span class='ocrx_word' id='word_1_1435' title='bbox 2329 888 2368 906; x_wconf 86' lang='lat' dir='ltr'>rc-</span> 
     </span>
     <span class='ocr_line' id='line_1_143' title="bbox 1323 910 2368 951; baseline 0.003 -13"><span class='ocrx_word' id='word_1_1436' title='bbox 1323 917 1446 946; x_wconf 84' lang='lat' dir='ltr'>gyrauit‚</span> <span class='ocrx_word' id='word_1_1437' title='bbox 1465 910 1530 947; x_wconf 78' lang='lat' dir='ltr'>quod</span> <span class='ocrx_word' id='word_1_1438' title='bbox 1537 912 1645 945; x_wconf 76' lang='lat' dir='ltr'>probant</span> <span class='ocrx_word' id='word_1_1439' title='bbox 1657 913 1758 950; x_wconf 72' lang='lat' dir='ltr'>Salmas.</span> <span class='ocrx_word' id='word_1_1440' title='bbox 1774 915 1846 940; x_wconf 87' lang='lat' dir='ltr'>Grut.</span> <span class='ocrx_word' id='word_1_1441' title='bbox 1859 914 1952 940; x_wconf 70' lang='lat' dir='ltr'>Duker.</span> <span class='ocrx_word' id='word_1_1442' title='bbox 2025 916 2101 941; x_wconf 88' lang='lat' dir='ltr'>Varr.</span> <span class='ocrx_word' id='word_1_1443' title='bbox 2116 916 2147 941; x_wconf 83' lang='lat' dir='ltr'>R.</span> <span class='ocrx_word' id='word_1_1444' title='bbox 2163 916 2192 941; x_wconf 78' lang='lat' dir='ltr'>R.</span> <span class='ocrx_word' id='word_1_1445' title='bbox 2207 923 2227 947; x_wconf 91' lang='lat'>1,</span> <span class='ocrx_word' id='word_1_1446' title='bbox 2242 924 2274 951; x_wconf 83' lang='lat'>57</span> <span class='ocrx_word' id='word_1_1447' title='bbox 2292 917 2368 949; x_wconf 85' lang='lat' dir='ltr'>Qiae</span> 
     </span>
    </p>
   </div>
   <div class='ocr_carea' id='block_1_44' title="bbox 1322 948 2375 1018">
    <p class='ocr_par' dir='ltr' id='par_1_56' title="bbox 1322 948 2375 1018">
     <span class='ocr_line' id='line_1_144' title="bbox 1322 948 2375 989; baseline 0.004 -15"><span class='ocrx_word' id='word_1_1448' title='bbox 1322 963 1370 989; x_wconf 55' lang='lat' dir='ltr'>j—</span> <span class='ocrx_word' id='word_1_1449' title='bbox 1406 953 1499 974; x_wconf 83' lang='lat' dir='ltr'>ventus</span> <span class='ocrx_word' id='word_1_1450' title='bbox 1513 955 1635 989; x_wconf 61' lang='lat' dir='ltr'>regyrare</span> <span class='ocrx_word' id='word_1_1451' title='bbox 1646 948 1727 982; x_wconf 81' lang='lat' dir='ltr'>pellit.</span> <span class='ocrx_word' id='word_1_1452' title='bbox 1764 949 1811 976; x_wconf 81' lang='lat' dir='ltr'>Sed</span> <span class='ocrx_word' id='word_1_1453' title='bbox 1831 951 1864 977; x_wconf 81' lang='lat' dir='ltr'>cil.</span> <span class='ocrx_word' id='word_1_1454' title='bbox 1882 950 2019 985; x_wconf 82' lang='lat' dir='ltr'>regelare:</span> <span class='ocrx_word' id='word_1_1455' title='bbox 2055 952 2121 977; x_wconf 77' lang='lat' dir='ltr'>Iocus</span> <span class='ocrx_word' id='word_1_1456' title='bbox 2135 954 2254 977; x_wconf 67' lang='lat' dir='ltr'>incertus.</span> <span class='ocrx_word' id='word_1_1457' title='bbox 2288 948 2375 978; x_wconf 75' lang='lat' dir='ltr'>Gloffi&#39;</span> 
     </span>
     <span class='ocr_line' id='line_1_145' title="bbox 1325 982 1825 1018; baseline 0.004 -8"><span class='ocrx_word' id='word_1_1458' title='bbox 1325 984 1418 1010; x_wconf 82' lang='lat' dir='ltr'>Graec.</span> <span class='ocrx_word' id='word_1_1459' title='bbox 1431 984 1488 1012; x_wconf 83' lang='lat' dir='ltr'>Lat.</span> <span class='ocrx_word' id='word_1_1460' title='bbox 1503 982 1671 1018; x_wconf 60' lang='grc' dir='ltr'>περικαμψαι,</span> <span class='ocrx_word' id='word_1_1461' title='bbox 1693 993 1825 1018; x_wconf 81' lang='lat' dir='ltr'>regyrare.</span> 
     </span>
    </p>
   </div>
   <div class='ocr_carea' id='block_1_45' title="bbox 1713 1059 1995 1091">
    <p class='ocr_par' dir='ltr' id='par_1_57' title="bbox 1713 1059 1995 1091">
     <span class='ocr_line' id='line_1_146' title="bbox 1713 1059 1995 1091; baseline 0.004 -1"><span class='ocrx_word' id='word_1_1462' title='bbox 1713 1059 1741 1090; x_wconf 83' lang='lat' dir='ltr'>R</span> <span class='ocrx_word' id='word_1_1463' title='bbox 1837 1059 1995 1091; x_wconf 53' lang='lat' dir='ltr'>E,H</span> 
     </span>
    </p>
   </div>
   <div class='ocr_carea' id='block_1_46' title="bbox 1320 1126 2371 1197">
    <p class='ocr_par' dir='ltr' id='par_1_58' title="bbox 1320 1126 2371 1197">
     <span class='ocr_line' id='line_1_147' title="bbox 1320 1126 2369 1165; baseline 0.004 -12"><span class='ocrx_word' id='word_1_1464' title='bbox 1320 1153 1322 1157; x_wconf 83' lang='grc'>,</span> <span class='ocrx_word' id='word_1_1465' title='bbox 1362 1126 1498 1154; x_wconf 65' lang='grc' dir='ltr'>ΕΕΗᾹΙ.</span> <span class='ocrx_word' id='word_1_1466' title='bbox 1510 1133 1547 1159; x_wconf 90' lang='lat'>0,</span> <span class='ocrx_word' id='word_1_1467' title='bbox 1565 1129 1618 1153; x_wconf 59' lang='lat' dir='ltr'>are.</span> <span class='ocrx_word' id='word_1_1468' title='bbox 1653 1126 1792 1162; x_wconf 69' lang='grc' dir='ltr'>[οἷτμίξω]</span> <span class='ocrx_word' id='word_1_1469' title='bbox 1827 1129 1921 1154; x_wconf 76' lang='lat' dir='ltr'>Iterum</span> <span class='ocrx_word' id='word_1_1470' title='bbox 1935 1127 2006 1162; x_wconf 77' lang='lat' dir='ltr'>halo,</span> <span class='ocrx_word' id='word_1_1471' title='bbox 2026 1129 2128 1165; x_wconf 76' lang='lat' dir='ltr'>respira.</span> <span class='ocrx_word' id='word_1_1472' title='bbox 2166 1130 2271 1156; x_wconf 81' lang='lat' dir='ltr'>Luci-ct.</span> <span class='ocrx_word' id='word_1_1473' title='bbox 2287 1132 2313 1162; x_wconf 83' lang='grc'>6,</span> <span class='ocrx_word' id='word_1_1474' title='bbox 2321 1138 2369 1163; x_wconf 83' lang='lat'>522</span> 
     </span>
     <span class='ocr_line' id='line_1_148' title="bbox 1327 1162 2371 1197; baseline 0.003 -8"><span class='ocrx_word' id='word_1_1475' title='bbox 1327 1162 1472 1196; x_wconf 84' lang='lat' dir='ltr'>Terraque</span> <span class='ocrx_word' id='word_1_1476' title='bbox 1496 1171 1579 1197; x_wconf 84' lang='lat' dir='ltr'>quum</span> <span class='ocrx_word' id='word_1_1477' title='bbox 1603 1162 1706 1189; x_wconf 86' lang='lat' dir='ltr'>fumans</span> <span class='ocrx_word' id='word_1_1478' title='bbox 1728 1163 1869 1189; x_wconf 86' lang='lat' dir='ltr'>humorem</span> <span class='ocrx_word' id='word_1_1479' title='bbox 1886 1170 1943 1189; x_wconf 88' lang='lat' dir='ltr'>tota</span> <span class='ocrx_word' id='word_1_1480' title='bbox 1955 1163 2063 1192; x_wconf 86' lang='lat' dir='ltr'>rehalat.</span> <span class='ocrx_word' id='word_1_1481' title='bbox 2099 1169 2118 1192; x_wconf 87' lang='lat' dir='ltr'>i.</span> <span class='ocrx_word' id='word_1_1482' title='bbox 2138 1166 2269 1193; x_wconf 64' lang='lat' dir='ltr'>Humorem</span> <span class='ocrx_word' id='word_1_1483' title='bbox 2282 1175 2293 1191; x_wconf 80' lang='lat' dir='ltr'>e</span> <span class='ocrx_word' id='word_1_1484' title='bbox 2305 1167 2371 1193; x_wconf 74' lang='lat' dir='ltr'>caelo</span> 
     </span>
    </p>
   </div>
   <div class='ocr_carea' id='block_1_47' title="bbox 490 1198 1937 1238">
    <p class='ocr_par' dir='ltr' id='par_1_59' title="bbox 490 1198 1937 1238">
     <span class='ocr_line' id='line_1_149' title="bbox 490 1198 1937 1238; baseline -0.005 -6"><span class='ocrx_word' id='word_1_1485' title='bbox 490 1206 558 1231; x_wconf 86' lang='lat' dir='ltr'>Hor.</span> <span class='ocrx_word' id='word_1_1486' title='bbox 572 1203 651 1238; x_wconf 77' lang='lat' dir='ltr'>Epist.</span> <span class='ocrx_word' id='word_1_1487' title='bbox 669 1212 688 1236; x_wconf 91' lang='lat'>1,</span> <span class='ocrx_word' id='word_1_1488' title='bbox 703 1212 740 1233; x_wconf 87' lang='lat'>10,</span> <span class='ocrx_word' id='word_1_1489' title='bbox 758 1207 771 1233; x_wconf 87' lang='lat'>8</span> <span class='ocrx_word' id='word_1_1490' title='bbox 799 1201 873 1235; x_wconf 83' lang='lat' dir='ltr'>Qiid</span> <span class='ocrx_word' id='word_1_1491' title='bbox 886 1200 990 1234; x_wconf 79' lang='lat' dir='ltr'>quaeris</span> <span class='ocrx_word' id='word_1_1492' title='bbox 1006 1200 1014 1225; x_wconf 76' lang='lat'>3</span> <span class='ocrx_word' id='word_1_1493' title='bbox 1051 1198 1116 1224; x_wconf 82' lang='lat' dir='ltr'>viiio</span> <span class='ocrx_word' id='word_1_1494' title='bbox 1131 1203 1156 1223; x_wconf 87' lang='lat' dir='ltr'>et</span> <span class='ocrx_word' id='word_1_1495' title='bbox 1169 1205 1262 1230; x_wconf 83' lang='lat' dir='ltr'>regno.</span> <span class='ocrx_word' id='word_1_1496' title='bbox 1279 1211 1312 1236; x_wconf 79' lang='lat'>30</span> <span class='ocrx_word' id='word_1_1497' title='bbox 1326 1198 1449 1234; x_wconf 68' lang='lat' dir='ltr'>delapsum</span> <span class='ocrx_word' id='word_1_1498' title='bbox 1464 1202 1554 1225; x_wconf 69' lang='lat' dir='ltr'>iterum</span> <span class='ocrx_word' id='word_1_1499' title='bbox 1566 1205 1637 1234; x_wconf 81' lang='lat' dir='ltr'>atque</span> <span class='ocrx_word' id='word_1_1500' title='bbox 1649 1202 1738 1225; x_wconf 75' lang='lat' dir='ltr'>iterum</span> <span class='ocrx_word' id='word_1_1501' title='bbox 1746 1198 1846 1234; x_wconf 73' lang='lat' dir='ltr'>surfinn</span> <span class='ocrx_word' id='word_1_1502' title='bbox 1859 1199 1937 1225; x_wconf 77' lang='lat' dir='ltr'>halat.</span> 
     </span>
    </p>
   </div>
   <div class='ocr_carea' id='block_1_48' title="bbox 1325 1233 2385 1307">
    <p class='ocr_par' dir='ltr' id='par_1_60' title="bbox 1325 1233 2385 1307">
     <span class='ocr_line' id='line_1_150' title="bbox 1365 1233 2385 1274; baseline 0.003 -14"><span class='ocrx_word' id='word_1_1503' title='bbox 1365 1240 1385 1260; x_wconf 80' lang='lat' dir='ltr'>R</span> <span class='ocrx_word' id='word_1_1504' title='bbox 1395 1240 1411 1260; x_wconf 79' lang='lat' dir='ltr'><strong>E</strong></span> <span class='ocrx_word' id='word_1_1505' title='bbox 1422 1241 1443 1274; x_wconf 75' lang='lat' dir='ltr'>ii</span> <span class='ocrx_word' id='word_1_1506' title='bbox 1452 1240 1468 1260; x_wconf 71' lang='lat' dir='ltr'>c</span> <span class='ocrx_word' id='word_1_1507' title='bbox 1480 1241 1494 1274; x_wconf 71' lang='lat'>13</span> <span class='ocrx_word' id='word_1_1508' title='bbox 1505 1241 1521 1260; x_wconf 85' lang='lat' dir='ltr'>E</span> <span class='ocrx_word' id='word_1_1509' title='bbox 1534 1239 1555 1259; x_wconf 81' lang='grc' dir='ltr'>Τ</span> <span class='ocrx_word' id='word_1_1510' title='bbox 1568 1240 1584 1259; x_wconf 81' lang='lat' dir='ltr'>E</span> <span class='ocrx_word' id='word_1_1511' title='bbox 1593 1241 1605 1260; x_wconf 89' lang='lat' dir='ltr'>s</span> <span class='ocrx_word' id='word_1_1512' title='bbox 1616 1240 1632 1260; x_wconf 88' lang='lat' dir='ltr'>c</span> <span class='ocrx_word' id='word_1_1513' title='bbox 1643 1240 1662 1260; x_wconf 95' lang='lat' dir='ltr'>o</span> <span class='ocrx_word' id='word_1_1514' title='bbox 1673 1254 1682 1266; x_wconf 88' lang='lat'>,</span> <span class='ocrx_word' id='word_1_1515' title='bbox 1720 1236 1773 1260; x_wconf 71' lang='lat' dir='ltr'>ere.</span> <span class='ocrx_word' id='word_1_1516' title='bbox 1823 1234 1907 1266; x_wconf 80' lang='lat' dir='ltr'>Puto,</span> <span class='ocrx_word' id='word_1_1517' title='bbox 1925 1233 2170 1269; x_wconf 80' lang='lat' dir='ltr'>rehebetesceretis,</span> <span class='ocrx_word' id='word_1_1518' title='bbox 2190 1237 2208 1263; x_wconf 81' lang='lat' dir='ltr'>si</span> <span class='ocrx_word' id='word_1_1519' title='bbox 2242 1236 2385 1263; x_wconf 67' lang='lat' dir='ltr'>videretis</span> 
     </span>
     <span class='ocr_line' id='line_1_151' title="bbox 1325 1269 2369 1307; baseline 0.002 -11"><span class='ocrx_word' id='word_1_1520' title='bbox 1325 1269 1554 1304; x_wconf 84' lang='lat' dir='ltr'>pulchritudinem</span> <span class='ocrx_word' id='word_1_1521' title='bbox 1567 1269 1723 1303; x_wconf 80' lang='lat' dir='ltr'>angelorum</span> <span class='ocrx_word' id='word_1_1522' title='bbox 1761 1269 1896 1302; x_wconf 79' lang='lat' dir='ltr'>Augustin.</span> <span class='ocrx_word' id='word_1_1523' title='bbox 1909 1269 1989 1297; x_wconf 82' lang='lat' dir='ltr'>Serm.</span> <span class='ocrx_word' id='word_1_1524' title='bbox 2003 1279 2017 1297; x_wconf 82' lang='lat' dir='ltr'>a</span> <span class='ocrx_word' id='word_1_1525' title='bbox 2029 1271 2170 1298; x_wconf 79' lang='lat' dir='ltr'>sii-mondo</span> <span class='ocrx_word' id='word_1_1526' title='bbox 2184 1272 2248 1300; x_wconf 84' lang='lat' dir='ltr'>cdit.</span> <span class='ocrx_word' id='word_1_1527' title='bbox 2258 1282 2276 1306; x_wconf 84' lang='lat'>4</span> <span class='ocrx_word' id='word_1_1528' title='bbox 2294 1282 2320 1307; x_wconf 83' lang='lat' dir='ltr'>p.</span> <span class='ocrx_word' id='word_1_1529' title='bbox 2328 1281 2369 1306; x_wconf 87' lang='lat'>50.</span> 
     </span>
    </p>
   </div>
   <div class='ocr_carea' id='block_1_49' title="bbox 1327 1303 2236 1379">
    <p class='ocr_par' dir='ltr' id='par_1_61' title="bbox 1327 1303 2236 1379">
     <span class='ocr_line' id='line_1_152' title="bbox 1327 1303 2216 1343; baseline 0.008 -16"><span class='ocrx_word' id='word_1_1530' title='bbox 1327 1306 1372 1334; x_wconf 65' lang='lat' dir='ltr'>Ad</span> <span class='ocrx_word' id='word_1_1531' title='bbox 1385 1307 1465 1334; x_wconf 77' lang='lat' dir='ltr'>oculos</span> <span class='ocrx_word' id='word_1_1532' title='bbox 1477 1305 1604 1340; x_wconf 64' lang='lat' dir='ltr'>refertur,</span> <span class='ocrx_word' id='word_1_1533' title='bbox 1621 1308 1664 1340; x_wconf 81' lang='lat' dir='ltr'>qui</span> <span class='ocrx_word' id='word_1_1534' title='bbox 1671 1303 1909 1340; x_wconf 67' lang='lat' dir='ltr'>praestinguuntur‚</span> <span class='ocrx_word' id='word_1_1535' title='bbox 1928 1312 1950 1332; x_wconf 76' lang='lat' dir='ltr'>et</span> <span class='ocrx_word' id='word_1_1536' title='bbox 1963 1306 2029 1340; x_wconf 70' lang='lat' dir='ltr'>quali</span> <span class='ocrx_word' id='word_1_1537' title='bbox 2040 1307 2131 1334; x_wconf 71' lang='lat' dir='ltr'>hebetes</span> <span class='ocrx_word' id='word_1_1538' title='bbox 2137 1307 2216 1343; x_wconf 74' lang='lat' dir='ltr'>flunt.</span> 
     </span>
     <span class='ocr_line' id='line_1_153' title="bbox 1366 1339 2236 1379; baseline 0.003 -11"><span class='ocrx_word' id='word_1_1539' title='bbox 1366 1348 1387 1368; x_wconf 83' lang='lat' dir='ltr'>R</span> <span class='ocrx_word' id='word_1_1540' title='bbox 1399 1348 1416 1368; x_wconf 84' lang='lat' dir='ltr'>E</span> <span class='ocrx_word' id='word_1_1541' title='bbox 1426 1348 1446 1368; x_wconf 75' lang='lat' dir='ltr'>H</span> <span class='ocrx_word' id='word_1_1542' title='bbox 1457 1346 1487 1367; x_wconf 88' lang='lat' dir='ltr'>1S</span> <span class='ocrx_word' id='word_1_1543' title='bbox 1497 1348 1513 1368; x_wconf 76' lang='lat' dir='ltr'>c</span> <span class='ocrx_word' id='word_1_1544' title='bbox 1522 1347 1541 1367; x_wconf 86' lang='lat'>0</span> <span class='ocrx_word' id='word_1_1545' title='bbox 1549 1361 1558 1375; x_wconf 91' lang='lat'>,</span> <span class='ocrx_word' id='word_1_1546' title='bbox 1582 1342 1635 1368; x_wconf 62' lang='lat' dir='ltr'>ere.</span> <span class='ocrx_word' id='word_1_1547' title='bbox 1671 1340 1802 1373; x_wconf 66' lang='grc' dir='ltr'>οἷντιχαίνω</span> <span class='ocrx_word' id='word_1_1548' title='bbox 1817 1339 1896 1368; x_wconf 79' lang='lat' dir='ltr'>Gloss.</span> <span class='ocrx_word' id='word_1_1549' title='bbox 1911 1341 1956 1368; x_wconf 90' lang='lat' dir='ltr'>Gr.</span> <span class='ocrx_word' id='word_1_1550' title='bbox 1970 1341 2026 1367; x_wconf 82' lang='lat' dir='ltr'>Lat.</span> <span class='ocrx_word' id='word_1_1551' title='bbox 2038 1349 2126 1369; x_wconf 77' lang='lat' dir='ltr'>contra</span> <span class='ocrx_word' id='word_1_1552' title='bbox 2136 1343 2236 1379; x_wconf 76' lang='lat' dir='ltr'>hiscere.</span> 
     </span>
    </p>
   </div>
   <div class='ocr_carea' id='block_1_50' title="bbox 1721 1411 1998 1446">
    <p class='ocr_par' dir='ltr' id='par_1_62' title="bbox 1721 1411 1998 1446">
     <span class='ocr_line' id='line_1_154' title="bbox 1721 1411 1998 1446; baseline -0.014 0"><span class='ocrx_word' id='word_1_1553' title='bbox 1721 1412 1751 1446; x_wconf 82' lang='lat' dir='ltr'>R</span> <span class='ocrx_word' id='word_1_1554' title='bbox 1850 1413 1877 1444; x_wconf 91' lang='lat' dir='ltr'>E</span> <span class='ocrx_word' id='word_1_1555' title='bbox 1983 1411 1998 1442; x_wconf 94' lang='lat'>1</span> 
     </span>
    </p>
   </div>
   <div class='ocr_carea' id='block_1_51' title="bbox 1329 1479 2375 1551">
    <p class='ocr_par' dir='ltr' id='par_1_63' title="bbox 1329 1479 2375 1551">
     <span class='ocr_line' id='line_1_155' title="bbox 1340 1479 2375 1525; baseline 0 -16"><span class='ocrx_word' id='word_1_1556' title='bbox 1340 1516 1347 1525; x_wconf 50' lang='lat'>²</span> <span class='ocrx_word' id='word_1_1557' title='bbox 1367 1489 1429 1509; x_wconf 73' lang='lat' dir='ltr'>REi</span> <span class='ocrx_word' id='word_1_1558' title='bbox 1442 1482 1455 1510; x_wconf 85' lang='lat' dir='ltr'>i&#39;</span> <span class='ocrx_word' id='word_1_1559' title='bbox 1464 1490 1498 1510; x_wconf 87' lang='lat' dir='ltr'>ci</span> <span class='ocrx_word' id='word_1_1560' title='bbox 1509 1490 1546 1515; x_wconf 91' lang='lat' dir='ltr'>o,</span> <span class='ocrx_word' id='word_1_1561' title='bbox 1565 1483 1633 1514; x_wconf 65' lang='lat' dir='ltr'>ieci,</span> <span class='ocrx_word' id='word_1_1562' title='bbox 1653 1481 1751 1508; x_wconf 67' lang='lat' dir='ltr'>&#39;tectum</span> <span class='ocrx_word' id='word_1_1563' title='bbox 1763 1503 1771 1516; x_wconf 87' lang='lat'>,</span> <span class='ocrx_word' id='word_1_1564' title='bbox 1792 1483 1845 1508; x_wconf 67' lang='lat' dir='ltr'>ere.</span> <span class='ocrx_word' id='word_1_1565' title='bbox 1867 1479 2030 1514; x_wconf 36' lang='lat' dir='ltr'>[aufidum</span> <span class='ocrx_word' id='word_1_1566' title='bbox 2049 1479 2215 1513; x_wconf 64' lang='grc' dir='ltr'>οἷιατῖθεμαι,</span> <span class='ocrx_word' id='word_1_1567' title='bbox 2233 1480 2375 1517; x_wconf 46' lang='lat' dir='ltr'>infimae,</span> 
     </span>
     <span class='ocr_line' id='line_1_156' title="bbox 1329 1517 2374 1551; baseline 0.002 -9"><span class='ocrx_word' id='word_1_1568' title='bbox 1329 1519 1530 1551; x_wconf 70' lang='grc' dir='ltr'>αποπέμπομαι]</span> <span class='ocrx_word' id='word_1_1569' title='bbox 1566 1519 1643 1543; x_wconf 80' lang='lat' dir='ltr'>Retro</span> <span class='ocrx_word' id='word_1_1570' title='bbox 1655 1520 1742 1543; x_wconf 76' lang='lat' dir='ltr'>iacere.</span> <span class='ocrx_word' id='word_1_1571' title='bbox 1780 1518 1856 1551; x_wconf 85' lang='lat' dir='ltr'>Virg.</span> <span class='ocrx_word' id='word_1_1572' title='bbox 1870 1518 1935 1543; x_wconf 84' lang='lat' dir='ltr'>Aen.</span> <span class='ocrx_word' id='word_1_1573' title='bbox 1950 1525 1982 1549; x_wconf 83' lang='lat'>11,</span> <span class='ocrx_word' id='word_1_1574' title='bbox 1995 1520 2042 1549; x_wconf 86' lang='lat'>619</span> <span class='ocrx_word' id='word_1_1575' title='bbox 2070 1517 2206 1542; x_wconf 79' lang='lat' dir='ltr'>Reiiciuut</span> <span class='ocrx_word' id='word_1_1576' title='bbox 2219 1524 2333 1550; x_wconf 75' lang='lat' dir='ltr'>parmas,</span> <span class='ocrx_word' id='word_1_1577' title='bbox 2346 1527 2374 1546; x_wconf 79' lang='lat' dir='ltr'>ct</span> 
     </span>
    </p>
   </div>
   <div class='ocr_carea' id='block_1_52' title="bbox 1195 1550 2370 1588">
    <p class='ocr_par' dir='ltr' id='par_1_64' title="bbox 1195 1550 2370 1588">
     <span class='ocr_line' id='line_1_157' title="bbox 1195 1550 2370 1588; baseline 0.003 -12"><span class='ocrx_word' id='word_1_1578' title='bbox 1195 1550 1269 1576; x_wconf 79' lang='lat' dir='ltr'>Acci·</span> <span class='ocrx_word' id='word_1_1579' title='bbox 1286 1561 1324 1585; x_wconf 83' lang='lat'>40</span> <span class='ocrx_word' id='word_1_1580' title='bbox 1333 1562 1416 1587; x_wconf 87' lang='lat' dir='ltr'>equos</span> <span class='ocrx_word' id='word_1_1581' title='bbox 1436 1552 1469 1580; x_wconf 84' lang='lat' dir='ltr'>ad</span> <span class='ocrx_word' id='word_1_1582' title='bbox 1488 1552 1596 1579; x_wconf 84' lang='lat' dir='ltr'>moenia</span> <span class='ocrx_word' id='word_1_1583' title='bbox 1615 1556 1744 1578; x_wconf 85' lang='lat' dir='ltr'>vertunt:</span> <span class='ocrx_word' id='word_1_1584' title='bbox 1773 1555 1874 1586; x_wconf 71' lang='lat' dir='ltr'>parmis</span> <span class='ocrx_word' id='word_1_1585' title='bbox 1891 1559 1963 1588; x_wconf 80' lang='lat' dir='ltr'>terga</span> <span class='ocrx_word' id='word_1_1586' title='bbox 1982 1558 2084 1587; x_wconf 75' lang='lat' dir='ltr'>tegunt,</span> <span class='ocrx_word' id='word_1_1587' title='bbox 2103 1560 2162 1586; x_wconf 79' lang='lat' dir='ltr'>quae</span> <span class='ocrx_word' id='word_1_1588' title='bbox 2176 1551 2332 1587; x_wconf 70' lang='lat' dir='ltr'>obuerturitiar</span> <span class='ocrx_word' id='word_1_1589' title='bbox 2341 1557 2370 1580; x_wconf 73' lang='lat' dir='ltr'>iit</span> 
     </span>
    </p>
   </div>
   <div class='ocr_carea' id='block_1_53' title="bbox 1325 1586 2376 2088">
    <p class='ocr_par' dir='ltr' id='par_1_65' title="bbox 1325 1586 2376 2088">
     <span class='ocr_line' id='line_1_158' title="bbox 1325 1586 2367 1628; baseline 0.002 -14"><span class='ocrx_word' id='word_1_1590' title='bbox 1325 1587 1481 1628; x_wconf 33' lang='lat' dir='ltr'>fuga-hasti.</span> <span class='ocrx_word' id='word_1_1591' title='bbox 1558 1623 1564 1627; x_wconf 37' lang='grc'>1</span> <span class='ocrx_word' id='word_1_1592' title='bbox 1573 1587 1621 1615; x_wconf 66' lang='lat' dir='ltr'>Sed</span> <span class='ocrx_word' id='word_1_1593' title='bbox 1634 1588 1706 1614; x_wconf 85' lang='lat' dir='ltr'>Caes.</span> <span class='ocrx_word' id='word_1_1594' title='bbox 1720 1587 1785 1614; x_wconf 90' lang='lat' dir='ltr'>Bell.</span> <span class='ocrx_word' id='word_1_1595' title='bbox 1799 1586 1868 1613; x_wconf 91' lang='lat' dir='ltr'>Gall.</span> <span class='ocrx_word' id='word_1_1596' title='bbox 1884 1595 1903 1617; x_wconf 86' lang='lat'>1,</span> <span class='ocrx_word' id='word_1_1597' title='bbox 1916 1589 1953 1620; x_wconf 85' lang='lat'>46</span> <span class='ocrx_word' id='word_1_1598' title='bbox 1970 1587 2080 1621; x_wconf 83' lang='lat' dir='ltr'>Suisque</span> <span class='ocrx_word' id='word_1_1599' title='bbox 2094 1587 2248 1621; x_wconf 80' lang='lat' dir='ltr'>imperauit,</span> <span class='ocrx_word' id='word_1_1600' title='bbox 2258 1596 2288 1614; x_wconf 84' lang='lat' dir='ltr'>ne</span> <span class='ocrx_word' id='word_1_1601' title='bbox 2299 1589 2367 1623; x_wconf 87' lang='lat' dir='ltr'>quod</span> 
     </span>
     <span class='ocr_line' id='line_1_159' title="bbox 1333 1622 2369 1659; baseline 0 -9"><span class='ocrx_word' id='word_1_1602' title='bbox 1333 1632 1445 1651; x_wconf 85' lang='lat' dir='ltr'>omnino</span> <span class='ocrx_word' id='word_1_1603' title='bbox 1459 1623 1541 1650; x_wconf 88' lang='lat' dir='ltr'>telum</span> <span class='ocrx_word' id='word_1_1604' title='bbox 1557 1632 1584 1649; x_wconf 82' lang='lat' dir='ltr'>in</span> <span class='ocrx_word' id='word_1_1605' title='bbox 1598 1623 1699 1649; x_wconf 77' lang='lat' dir='ltr'>hostem</span> <span class='ocrx_word' id='word_1_1606' title='bbox 1712 1623 1862 1649; x_wconf 69' lang='lat' dir='ltr'>reticerent.</span> <span class='ocrx_word' id='word_1_1607' title='bbox 1895 1622 1920 1649; x_wconf 81' lang='lat' dir='ltr'>h.</span> <span class='ocrx_word' id='word_1_1608' title='bbox 1935 1632 1954 1648; x_wconf 83' lang='lat' dir='ltr'>e.</span> <span class='ocrx_word' id='word_1_1609' title='bbox 1980 1622 2089 1657; x_wconf 71' lang='lat' dir='ltr'>Viciffi&#39;m</span> <span class='ocrx_word' id='word_1_1610' title='bbox 2108 1627 2216 1649; x_wconf 72' lang='lat' dir='ltr'>iacerent</span> <span class='ocrx_word' id='word_1_1611' title='bbox 2222 1642 2232 1655; x_wconf 92' lang='lat'>,</span> <span class='ocrx_word' id='word_1_1612' title='bbox 2255 1627 2369 1659; x_wconf 68' lang='lat' dir='ltr'>retdrqur-</span> 
     </span>
     <span class='ocr_line' id='line_1_160' title="bbox 1332 1657 2370 1693; baseline 0 -7"><span class='ocrx_word' id='word_1_1613' title='bbox 1332 1667 1397 1688; x_wconf 77' lang='lat' dir='ltr'>rent.</span> <span class='ocrx_word' id='word_1_1614' title='bbox 1495 1658 1514 1685; x_wconf 81' lang='lat' dir='ltr'>E</span> <span class='ocrx_word' id='word_1_1615' title='bbox 1528 1659 1631 1693; x_wconf 81' lang='lat' dir='ltr'>gremio</span> <span class='ocrx_word' id='word_1_1616' title='bbox 1644 1658 1755 1685; x_wconf 71' lang='lat' dir='ltr'>reticere</span> <span class='ocrx_word' id='word_1_1617' title='bbox 1769 1657 1870 1692; x_wconf 85' lang='lat' dir='ltr'>aliquid</span> <span class='ocrx_word' id='word_1_1618' title='bbox 1904 1657 1985 1684; x_wconf 86' lang='lat' dir='ltr'>Ouid.</span> <span class='ocrx_word' id='word_1_1619' title='bbox 2001 1658 2087 1685; x_wconf 81' lang='lat' dir='ltr'>Ti-ist.</span> <span class='ocrx_word' id='word_1_1620' title='bbox 2104 1667 2124 1691; x_wconf 85' lang='lat'>1,</span> <span class='ocrx_word' id='word_1_1621' title='bbox 2140 1667 2159 1688; x_wconf 86' lang='lat'>1,</span> <span class='ocrx_word' id='word_1_1622' title='bbox 2174 1660 2218 1684; x_wconf 87' lang='lat'>66.</span> <span class='ocrx_word' id='word_1_1623' title='bbox 2302 1660 2370 1686; x_wconf 77' lang='lat' dir='ltr'>Arni-</span> 
     </span>
     <span class='ocr_line' id='line_1_161' title="bbox 1334 1693 2373 1728; baseline -0.003 -6"><span class='ocrx_word' id='word_1_1624' title='bbox 1334 1696 1406 1722; x_wconf 71' lang='lat' dir='ltr'>&amp;uni</span> <span class='ocrx_word' id='word_1_1625' title='bbox 1418 1695 1513 1722; x_wconf 86' lang='lat' dir='ltr'>reiecit</span> <span class='ocrx_word' id='word_1_1626' title='bbox 1527 1703 1559 1721; x_wconf 81' lang='lat' dir='ltr'>ex</span> <span class='ocrx_word' id='word_1_1627' title='bbox 1574 1694 1692 1722; x_wconf 88' lang='lat' dir='ltr'>humeris</span> <span class='ocrx_word' id='word_1_1628' title='bbox 1716 1695 1792 1728; x_wconf 83' lang='lat' dir='ltr'>Virg.</span> <span class='ocrx_word' id='word_1_1629' title='bbox 1807 1696 1871 1720; x_wconf 84' lang='lat' dir='ltr'>Aen.</span> <span class='ocrx_word' id='word_1_1630' title='bbox 1886 1701 1909 1727; x_wconf 85' lang='lat'>5,</span> <span class='ocrx_word' id='word_1_1631' title='bbox 1923 1702 1978 1726; x_wconf 85' lang='lat'>421.</span> <span class='ocrx_word' id='word_1_1632' title='bbox 2067 1694 2187 1720; x_wconf 62' lang='lat' dir='ltr'>Liftores</span> <span class='ocrx_word' id='word_1_1633' title='bbox 2199 1693 2296 1728; x_wconf 78' lang='lat' dir='ltr'>tegulis</span> <span class='ocrx_word' id='word_1_1634' title='bbox 2308 1703 2373 1723; x_wconf 84' lang='lat' dir='ltr'>acce.</span> 
     </span>
     <span class='ocr_line' id='line_1_162' title="bbox 1490 1729 2375 1772; baseline 0.002 -18"><span class='ocrx_word' id='word_1_1635' title='bbox 1490 1766 1496 1772; x_wconf 81' lang='lat'>,</span> <span class='ocrx_word' id='word_1_1636' title='bbox 1534 1766 1538 1770; x_wconf 95' lang='lat'>.</span> <span class='ocrx_word' id='word_1_1637' title='bbox 1652 1765 1657 1770; x_wconf 92' lang='lat'>.</span> <span class='ocrx_word' id='word_1_1638' title='bbox 1713 1765 1717 1769; x_wconf 33' lang='grc'>1</span> <span class='ocrx_word' id='word_1_1639' title='bbox 2017 1729 2138 1756; x_wconf 88' lang='lat' dir='ltr'>Membra</span> <span class='ocrx_word' id='word_1_1640' title='bbox 2156 1730 2265 1763; x_wconf 79' lang='lat' dir='ltr'>fatigata</span> <span class='ocrx_word' id='word_1_1641' title='bbox 2277 1730 2375 1764; x_wconf 77' lang='lat' dir='ltr'>reiecit,</span> 
     </span>
     <span class='ocr_line' id='line_1_163' title="bbox 1335 1765 2373 1798; baseline -0.001 -4"><span class='ocrx_word' id='word_1_1642' title='bbox 1335 1767 1409 1794; x_wconf 86' lang='lat' dir='ltr'>velut</span> <span class='ocrx_word' id='word_1_1643' title='bbox 1423 1774 1499 1792; x_wconf 87' lang='lat' dir='ltr'>omni</span> <span class='ocrx_word' id='word_1_1644' title='bbox 1513 1772 1584 1792; x_wconf 83' lang='lat' dir='ltr'>Vitae</span> <span class='ocrx_word' id='word_1_1645' title='bbox 1598 1765 1690 1793; x_wconf 79' lang='lat' dir='ltr'>debito</span> <span class='ocrx_word' id='word_1_1646' title='bbox 1701 1765 1828 1792; x_wconf 87' lang='lat' dir='ltr'>liberatus</span> <span class='ocrx_word' id='word_1_1647' title='bbox 1847 1766 1921 1791; x_wconf 86' lang='lat' dir='ltr'>Curt.</span> <span class='ocrx_word' id='word_1_1648' title='bbox 1935 1773 1973 1798; x_wconf 87' lang='lat'>10,</span> <span class='ocrx_word' id='word_1_1649' title='bbox 1989 1772 2013 1797; x_wconf 87' lang='lat'>5,</span> <span class='ocrx_word' id='word_1_1650' title='bbox 2029 1774 2050 1797; x_wconf 77' lang='lat'>3.</span> <span class='ocrx_word' id='word_1_1651' title='bbox 2085 1769 2104 1791; x_wconf 88' lang='grc' dir='ltr'>ι’.</span> <span class='ocrx_word' id='word_1_1652' title='bbox 2119 1766 2241 1792; x_wconf 63' lang='lat' dir='ltr'>recutiat.</span> <span class='ocrx_word' id='word_1_1653' title='bbox 2310 1765 2373 1793; x_wconf 76' lang='lat' dir='ltr'>Ptin.</span> 
     </span>
     <span class='ocr_line' id='line_1_164' title="bbox 1334 1800 2376 1841; baseline -0.001 -12"><span class='ocrx_word' id='word_1_1654' title='bbox 1334 1803 1413 1837; x_wconf 80' lang='lat' dir='ltr'>Epist.</span> <span class='ocrx_word' id='word_1_1655' title='bbox 1424 1807 1465 1841; x_wconf 63' lang='lat'>831</span> <span class='ocrx_word' id='word_1_1656' title='bbox 1486 1801 1627 1836; x_wconf 87' lang='lat' dir='ltr'>Encolpius</span> <span class='ocrx_word' id='word_1_1657' title='bbox 1643 1801 1729 1828; x_wconf 69' lang='lat' dir='ltr'>lec&#39;tor</span> <span class='ocrx_word' id='word_1_1658' title='bbox 1767 1815 1811 1821; x_wconf 72' lang='lat'><em>—</em></span> <span class='ocrx_word' id='word_1_1659' title='bbox 1848 1800 2001 1835; x_wconf 77' lang='lat' dir='ltr'>exasperatis</span> <span class='ocrx_word' id='word_1_1660' title='bbox 2018 1801 2138 1827; x_wconf 85' lang='lat' dir='ltr'>faucibus</span> <span class='ocrx_word' id='word_1_1661' title='bbox 2152 1801 2260 1835; x_wconf 84' lang='lat' dir='ltr'>puluere</span> <span class='ocrx_word' id='word_1_1662' title='bbox 2273 1801 2376 1835; x_wconf 57' lang='lat' dir='ltr'>Sangui.</span> 
     </span>
     <span class='ocr_line' id='line_1_165' title="bbox 1334 1836 2373 1879; baseline -0.002 -14"><span class='ocrx_word' id='word_1_1663' title='bbox 1334 1847 1395 1879; x_wconf 80' lang='lat' dir='ltr'>nem</span> <span class='ocrx_word' id='word_1_1664' title='bbox 1410 1838 1513 1877; x_wconf 78' lang='lat' dir='ltr'>reiecit.</span> <span class='ocrx_word' id='word_1_1665' title='bbox 1532 1872 1538 1878; x_wconf 50' lang='grc'><em>.</em></span> <span class='ocrx_word' id='word_1_1666' title='bbox 1621 1838 1652 1864; x_wconf 75' lang='lat' dir='ltr'>Et</span> <span class='ocrx_word' id='word_1_1667' title='bbox 1665 1844 1688 1870; x_wconf 76' lang='grc' dir='ltr'>ς,</span> <span class='ocrx_word' id='word_1_1668' title='bbox 1704 1845 1731 1869; x_wconf 90' lang='lat'>19</span> <span class='ocrx_word' id='word_1_1669' title='bbox 1750 1837 1821 1863; x_wconf 89' lang='lat' dir='ltr'>Dum</span> <span class='ocrx_word' id='word_1_1670' title='bbox 1835 1836 1936 1862; x_wconf 86' lang='lat' dir='ltr'>intente</span> <span class='ocrx_word' id='word_1_1671' title='bbox 1948 1836 2127 1871; x_wconf 81' lang='lat' dir='ltr'>instanterque</span> <span class='ocrx_word' id='word_1_1672' title='bbox 2141 1837 2305 1874; x_wconf 79' lang='lat' dir='ltr'>pronuntiat,</span> <span class='ocrx_word' id='word_1_1673' title='bbox 2317 1838 2373 1864; x_wconf 84' lang='lat' dir='ltr'>San-</span> 
     </span>
     <span class='ocr_line' id='line_1_166' title="bbox 1334 1868 2374 1910; baseline -0.001 -10"><span class='ocrx_word' id='word_1_1674' title='bbox 1334 1883 1444 1910; x_wconf 86' lang='lat' dir='ltr'>guinem</span> <span class='ocrx_word' id='word_1_1675' title='bbox 1458 1877 1560 1900; x_wconf 82' lang='lat' dir='ltr'>reiecit.</span> <span class='ocrx_word' id='word_1_1676' title='bbox 1596 1888 1642 1893; x_wconf 91' lang='lat'>—</span> <span class='ocrx_word' id='word_1_1677' title='bbox 1679 1872 1777 1898; x_wconf 82' lang='lat' dir='ltr'>Rursus</span> <span class='ocrx_word' id='word_1_1678' title='bbox 1791 1871 1944 1906; x_wconf 82' lang='lat' dir='ltr'>sanguinem</span> <span class='ocrx_word' id='word_1_1679' title='bbox 1957 1872 2082 1899; x_wconf 85' lang='lat' dir='ltr'>reddidit.</span> <span class='ocrx_word' id='word_1_1680' title='bbox 2199 1868 2374 1906; x_wconf 62' lang='lat' dir='ltr'>Reticerestmss</span> 
     </span>
     <span class='ocr_line' id='line_1_167' title="bbox 1367 1907 2374 1951; baseline 0.002 -17"><span class='ocrx_word' id='word_1_1681' title='bbox 1367 1946 1384 1951; x_wconf 91' lang='lat'>..</span> <span class='ocrx_word' id='word_1_1682' title='bbox 1521 1945 1525 1948; x_wconf 18' lang='grc' dir='ltr'><strong><em>γ</em></strong></span> <span class='ocrx_word' id='word_1_1683' title='bbox 2104 1907 2210 1934; x_wconf 82' lang='lat' dir='ltr'>Vestem</span> <span class='ocrx_word' id='word_1_1684' title='bbox 2224 1908 2255 1934; x_wconf 79' lang='lat' dir='ltr'>de</span> <span class='ocrx_word' id='word_1_1685' title='bbox 2270 1917 2374 1943; x_wconf 80' lang='lat' dir='ltr'>corpore</span> 
     </span>
     <span class='ocr_line' id='line_1_168' title="bbox 1334 1943 2371 1977; baseline -0.001 -4"><span class='ocrx_word' id='word_1_1686' title='bbox 1334 1954 1448 1973; x_wconf 81' lang='lat' dir='ltr'>reiicere</span> <span class='ocrx_word' id='word_1_1687' title='bbox 1472 1943 1556 1971; x_wconf 86' lang='lat' dir='ltr'>Ouid.</span> <span class='ocrx_word' id='word_1_1688' title='bbox 1573 1944 1636 1970; x_wconf 86' lang='lat' dir='ltr'>Met.</span> <span class='ocrx_word' id='word_1_1689' title='bbox 1650 1952 1677 1977; x_wconf 87' lang='lat'>9,</span> <span class='ocrx_word' id='word_1_1690' title='bbox 1690 1952 1725 1976; x_wconf 71' lang='lat'>32.</span> <span class='ocrx_word' id='word_1_1691' title='bbox 1799 1945 1918 1970; x_wconf 79' lang='lat' dir='ltr'>Reiicerc</span> <span class='ocrx_word' id='word_1_1692' title='bbox 1931 1952 1962 1969; x_wconf 83' lang='lat' dir='ltr'>ex</span> <span class='ocrx_word' id='word_1_1693' title='bbox 1975 1943 2094 1970; x_wconf 84' lang='lat' dir='ltr'>humeris</span> <span class='ocrx_word' id='word_1_1694' title='bbox 2102 1943 2208 1970; x_wconf 84' lang='lat' dir='ltr'>Vestem</span> <span class='ocrx_word' id='word_1_1695' title='bbox 2229 1945 2301 1970; x_wconf 86' lang='lat' dir='ltr'>Idem</span> <span class='ocrx_word' id='word_1_1696' title='bbox 2312 1943 2371 1972; x_wconf 82' lang='lat' dir='ltr'>ibid.</span> 
     </span>
     <span class='ocr_line' id='line_1_169' title="bbox 1335 1976 2366 2015; baseline 0 -8"><span class='ocrx_word' id='word_1_1697' title='bbox 1335 1992 1357 2014; x_wconf 88' lang='lat'>2,</span> <span class='ocrx_word' id='word_1_1698' title='bbox 1371 1985 1421 2015; x_wconf 80' lang='lat'>582.</span> <span class='ocrx_word' id='word_1_1699' title='bbox 1516 1980 1572 2006; x_wconf 85' lang='lat' dir='ltr'>Cic.</span> <span class='ocrx_word' id='word_1_1700' title='bbox 1587 1980 1659 2006; x_wconf 88' lang='lat' dir='ltr'>Fam.</span> <span class='ocrx_word' id='word_1_1701' title='bbox 1674 1988 1712 2012; x_wconf 86' lang='lat'>10,</span> <span class='ocrx_word' id='word_1_1702' title='bbox 1728 1987 1758 2010; x_wconf 78' lang='lat'>32</span> <span class='ocrx_word' id='word_1_1703' title='bbox 1775 1979 1864 2012; x_wconf 84' lang='lat' dir='ltr'>Qium</span> <span class='ocrx_word' id='word_1_1704' title='bbox 1878 1979 1986 2014; x_wconf 86' lang='lat' dir='ltr'>quidem</span> <span class='ocrx_word' id='word_1_1705' title='bbox 2000 1981 2105 2014; x_wconf 87' lang='lat' dir='ltr'>pransus</span> <span class='ocrx_word' id='word_1_1706' title='bbox 2119 1979 2195 2006; x_wconf 86' lang='lat' dir='ltr'>nudis</span> <span class='ocrx_word' id='word_1_1707' title='bbox 2208 1976 2366 2014; x_wconf 60' lang='lat' dir='ltr'>pcdibus‚t11-&#39;</span> 
     </span>
     <span class='ocr_line' id='line_1_170' title="bbox 1336 2014 2363 2050; baseline -0.003 -7"><span class='ocrx_word' id='word_1_1708' title='bbox 1336 2018 1395 2045; x_wconf 84' lang='lat' dir='ltr'>nica</span> <span class='ocrx_word' id='word_1_1709' title='bbox 1409 2016 1508 2047; x_wconf 86' lang='lat' dir='ltr'>soluta,</span> <span class='ocrx_word' id='word_1_1710' title='bbox 1528 2016 1651 2042; x_wconf 76' lang='lat' dir='ltr'>manibus</span> <span class='ocrx_word' id='word_1_1711' title='bbox 1666 2015 1699 2042; x_wconf 83' lang='lat' dir='ltr'>ad</span> <span class='ocrx_word' id='word_1_1712' title='bbox 1712 2021 1814 2049; x_wconf 84' lang='lat' dir='ltr'>tergum</span> <span class='ocrx_word' id='word_1_1713' title='bbox 1835 2015 1940 2042; x_wconf 62' lang='lat' dir='ltr'>reieciis</span> <span class='ocrx_word' id='word_1_1714' title='bbox 1961 2015 2137 2041; x_wconf 77' lang='lat' dir='ltr'>inambularet</span> <span class='ocrx_word' id='word_1_1715' title='bbox 2151 2026 2157 2041; x_wconf 77' lang='lat' dir='ltr'><em>z</em></span> <span class='ocrx_word' id='word_1_1716' title='bbox 2192 2014 2263 2050; x_wconf 83' lang='lat' dir='ltr'>otiofi</span> <span class='ocrx_word' id='word_1_1717' title='bbox 2276 2016 2363 2042; x_wconf 74' lang='lat' dir='ltr'>bonu&#39;ne&#39;s</span> 
     </span>
     <span class='ocr_line' id='line_1_171' title="bbox 1335 2049 2364 2088; baseline -0.001 -9"><span class='ocrx_word' id='word_1_1718' title='bbox 1335 2060 1359 2079; x_wconf 78' lang='lat' dir='ltr'>et</span> <span class='ocrx_word' id='word_1_1719' title='bbox 1367 2053 1452 2088; x_wconf 67' lang='grc' dir='ltr'>[πιανέ</span> <span class='ocrx_word' id='word_1_1720' title='bbox 1465 2050 1555 2088; x_wconf 66' lang='lat' dir='ltr'>gestus.</span> <span class='ocrx_word' id='word_1_1721' title='bbox 1628 2051 1750 2078; x_wconf 82' lang='lat' dir='ltr'>Reiicere</span> <span class='ocrx_word' id='word_1_1722' title='bbox 1766 2052 1789 2077; x_wconf 85' lang='lat' dir='ltr'>se</span> <span class='ocrx_word' id='word_1_1723' title='bbox 1802 2051 1831 2077; x_wconf 88' lang='lat' dir='ltr'>in</span> <span class='ocrx_word' id='word_1_1724' title='bbox 1844 2049 1961 2085; x_wconf 82' lang='lat' dir='ltr'>aliquem</span> <span class='ocrx_word' id='word_1_1725' title='bbox 1974 2051 2162 2082; x_wconf 82' lang='lat' dir='ltr'>familiai-iter,</span> <span class='ocrx_word' id='word_1_1726' title='bbox 2176 2051 2204 2077; x_wconf 77' lang='lat' dir='ltr'>tle</span> <span class='ocrx_word' id='word_1_1727' title='bbox 2211 2051 2304 2087; x_wconf 74' lang='lat' dir='ltr'>puella,</span> <span class='ocrx_word' id='word_1_1728' title='bbox 2314 2058 2364 2085; x_wconf 77' lang='lat' dir='ltr'>quae</span> 
     </span>
    </p>
   </div>
   <div class='ocr_carea' id='block_1_54' title="bbox 1289 2086 2391 2123">
    <p class='ocr_par' dir='ltr' id='par_1_66' title="bbox 1289 2086 2391 2123">
     <span class='ocr_line' id='line_1_172' title="bbox 1289 2086 2391 2123; baseline -0.003 -9"><span class='ocrx_word' id='word_1_1729' title='bbox 1289 2094 1318 2121; x_wconf 82' lang='lat'>55</span> <span class='ocrx_word' id='word_1_1730' title='bbox 1336 2087 1530 2123; x_wconf 60' lang='lat' dir='ltr'>amplet‘leiitise</span> <span class='ocrx_word' id='word_1_1731' title='bbox 1546 2087 1693 2123; x_wconf 73' lang='lat' dir='ltr'>Pamphilo,</span> <span class='ocrx_word' id='word_1_1732' title='bbox 1714 2087 1759 2113; x_wconf 77' lang='lat' dir='ltr'>dat</span> <span class='ocrx_word' id='word_1_1733' title='bbox 1769 2106 1777 2118; x_wconf 88' lang='lat'>,</span> <span class='ocrx_word' id='word_1_1734' title='bbox 1796 2096 1845 2113; x_wconf 75' lang='lat' dir='ltr'>non</span> <span class='ocrx_word' id='word_1_1735' title='bbox 1857 2089 1979 2122; x_wconf 76' lang='lat' dir='ltr'>explicare</span> <span class='ocrx_word' id='word_1_1736' title='bbox 1994 2094 2107 2118; x_wconf 81' lang='lat' dir='ltr'>conatur,</span> <span class='ocrx_word' id='word_1_1737' title='bbox 2122 2087 2169 2122; x_wconf 78' lang='lat' dir='ltr'>fid</span> <span class='ocrx_word' id='word_1_1738' title='bbox 2178 2090 2300 2114; x_wconf 77' lang='lat' dir='ltr'>innititur</span> <span class='ocrx_word' id='word_1_1739' title='bbox 2309 2086 2368 2112; x_wconf 77' lang='lat' dir='ltr'>Ter.</span> <span class='ocrx_word' id='word_1_1740' title='bbox 2387 2104 2391 2109; x_wconf 75' lang='grc'><em>.</em></span> 
     </span>
    </p>
   </div>
   <div class='ocr_carea' id='block_1_55' title="bbox 1334 2121 2379 2260">
    <p class='ocr_par' dir='ltr' id='par_1_67' title="bbox 1334 2121 2379 2260">
     <span class='ocr_line' id='line_1_173' title="bbox 1335 2121 2373 2162; baseline -0.002 -13"><span class='ocrx_word' id='word_1_1741' title='bbox 1335 2124 1416 2149; x_wconf 86' lang='lat' dir='ltr'>Andr.</span> <span class='ocrx_word' id='word_1_1742' title='bbox 1433 2132 1453 2154; x_wconf 89' lang='lat'>1,</span> <span class='ocrx_word' id='word_1_1743' title='bbox 1468 2131 1489 2153; x_wconf 82' lang='lat' dir='ltr'>i,</span> <span class='ocrx_word' id='word_1_1744' title='bbox 1506 2131 1564 2162; x_wconf 63' lang='grc' dir='ltr'>ιο9ἒ</span> <span class='ocrx_word' id='word_1_1745' title='bbox 1668 2122 1779 2148; x_wconf 86' lang='lat' dir='ltr'>Hostem</span> <span class='ocrx_word' id='word_1_1746' title='bbox 1793 2123 1826 2148; x_wconf 91' lang='lat' dir='ltr'>ab</span> <span class='ocrx_word' id='word_1_1747' title='bbox 1839 2123 1932 2156; x_wconf 88' lang='lat' dir='ltr'>aliquo</span> <span class='ocrx_word' id='word_1_1748' title='bbox 1944 2123 2005 2148; x_wconf 91' lang='lat' dir='ltr'>loco</span> <span class='ocrx_word' id='word_1_1749' title='bbox 2023 2123 2079 2149; x_wconf 92' lang='lat' dir='ltr'>Cic.</span> <span class='ocrx_word' id='word_1_1750' title='bbox 2093 2124 2165 2150; x_wconf 78' lang='lat' dir='ltr'>Fam.</span> <span class='ocrx_word' id='word_1_1751' title='bbox 2179 2132 2206 2156; x_wconf 85' lang='lat'>2,</span> <span class='ocrx_word' id='word_1_1752' title='bbox 2220 2131 2258 2149; x_wconf 86' lang='grc' dir='ltr'>ιο.</span> <span class='ocrx_word' id='word_1_1753' title='bbox 2340 2121 2373 2148; x_wconf 80' lang='lat' dir='ltr'>Vt.</span> 
     </span>
     <span class='ocr_line' id='line_1_174' title="bbox 1334 2157 2376 2192; baseline -0.004 -7"><span class='ocrx_word' id='word_1_1754' title='bbox 1334 2158 1429 2185; x_wconf 88' lang='lat' dir='ltr'>domus</span> <span class='ocrx_word' id='word_1_1755' title='bbox 1444 2166 1538 2183; x_wconf 87' lang='lat' dir='ltr'>corum</span> <span class='ocrx_word' id='word_1_1756' title='bbox 1550 2160 1622 2181; x_wconf 83' lang='lat' dir='ltr'>tores</span> <span class='ocrx_word' id='word_1_1757' title='bbox 1637 2162 1710 2182; x_wconf 80' lang='lat' dir='ltr'>extra</span> <span class='ocrx_word' id='word_1_1758' title='bbox 1722 2158 1906 2189; x_wconf 81' lang='lat' dir='ltr'>aperirentur,</span> <span class='ocrx_word' id='word_1_1759' title='bbox 1924 2163 1950 2183; x_wconf 85' lang='lat' dir='ltr'>et</span> <span class='ocrx_word' id='word_1_1760' title='bbox 1963 2158 2041 2184; x_wconf 87' lang='lat' dir='ltr'>ianua</span> <span class='ocrx_word' id='word_1_1761' title='bbox 2054 2159 2082 2184; x_wconf 86' lang='lat' dir='ltr'>in</span> <span class='ocrx_word' id='word_1_1762' title='bbox 2104 2158 2239 2192; x_wconf 90' lang='lat' dir='ltr'>publicum</span> <span class='ocrx_word' id='word_1_1763' title='bbox 2260 2157 2376 2185; x_wconf 83' lang='lat' dir='ltr'>reiicere-</span> 
     </span>
     <span class='ocr_line' id='line_1_175' title="bbox 1334 2190 2378 2226; baseline -0.001 -7"><span class='ocrx_word' id='word_1_1764' title='bbox 1334 2199 1378 2220; x_wconf 86' lang='lat' dir='ltr'>tur</span> <span class='ocrx_word' id='word_1_1765' title='bbox 1400 2193 1466 2219; x_wconf 86' lang='lat' dir='ltr'>Plin.</span> <span class='ocrx_word' id='word_1_1766' title='bbox 1480 2194 1521 2224; x_wconf 79' lang='lat'>36,</span> <span class='ocrx_word' id='word_1_1767' title='bbox 1535 2199 1569 2224; x_wconf 71' lang='grc' dir='ltr'>ις.</span> <span class='ocrx_word' id='word_1_1768' title='bbox 1600 2190 1712 2226; x_wconf 53' lang='lat' dir='ltr'>firminus</span> <span class='ocrx_word' id='word_1_1769' title='bbox 1725 2191 1801 2216; x_wconf 81' lang='lat' dir='ltr'>honos</span> <span class='ocrx_word' id='word_1_1770' title='bbox 1819 2193 1876 2216; x_wconf 79' lang='lat' dir='ltr'>olim</span> <span class='ocrx_word' id='word_1_1771' title='bbox 1889 2192 1987 2217; x_wconf 70' lang='lat' dir='ltr'>Romae.</span> <span class='ocrx_word' id='word_1_1772' title='bbox 2092 2194 2147 2219; x_wconf 86' lang='lat' dir='ltr'>Cic.</span> <span class='ocrx_word' id='word_1_1773' title='bbox 2155 2194 2207 2220; x_wconf 74' lang='lat' dir='ltr'>Ate.</span> <span class='ocrx_word' id='word_1_1774' title='bbox 2217 2196 2279 2225; x_wconf 73' lang='lat'>1⁶,6</span> <span class='ocrx_word' id='word_1_1775' title='bbox 2293 2194 2378 2226; x_wconf 82' lang='lat' dir='ltr'>Qtum</span> 
     </span>
     <span class='ocr_line' id='line_1_176' title="bbox 1335 2225 2379 2260; baseline 0 -7"><span class='ocrx_word' id='word_1_1776' title='bbox 1335 2236 1350 2253; x_wconf 88' lang='lat' dir='ltr'>a</span> <span class='ocrx_word' id='word_1_1777' title='bbox 1370 2229 1532 2260; x_wconf 84' lang='lat' dir='ltr'>Leucopetra</span> <span class='ocrx_word' id='word_1_1778' title='bbox 1554 2226 1688 2259; x_wconf 65' lang='lat' dir='ltr'>profthus</span> <span class='ocrx_word' id='word_1_1779' title='bbox 1709 2225 1790 2252; x_wconf 88' lang='lat' dir='ltr'>stadia</span> <span class='ocrx_word' id='word_1_1780' title='bbox 1810 2226 1916 2251; x_wconf 84' lang='lat' dir='ltr'>circiter</span> <span class='ocrx_word' id='word_1_1781' title='bbox 1937 2231 2051 2251; x_wconf 84' lang='lat' dir='ltr'>trecenta</span> <span class='ocrx_word' id='word_1_1782' title='bbox 2065 2227 2248 2260; x_wconf 72' lang='lat' dir='ltr'>proccssill‘eui,</span> <span class='ocrx_word' id='word_1_1783' title='bbox 2268 2228 2379 2255; x_wconf 71' lang='lat' dir='ltr'>reiectus</span> 
     </span>
    </p>
   </div>
   <div class='ocr_carea' id='block_1_56' title="bbox 2120 2264 2379 2293">
    <p class='ocr_par' dir='ltr' id='par_1_68' title="bbox 2120 2264 2379 2293">
     <span class='ocr_line' id='line_1_177' title="bbox 2120 2264 2379 2293; baseline -0.004 -3"><span class='ocrx_word' id='word_1_1784' title='bbox 2120 2264 2151 2287; x_wconf 79' lang='lat' dir='ltr'>Et</span> <span class='ocrx_word' id='word_1_1785' title='bbox 2166 2271 2186 2293; x_wconf 78' lang='lat'>3,</span> <span class='ocrx_word' id='word_1_1786' title='bbox 2201 2269 2214 2292; x_wconf 75' lang='grc' dir='ltr'><strong><em>ε</em></strong></span> <span class='ocrx_word' id='word_1_1787' title='bbox 2243 2265 2329 2290; x_wconf 83' lang='lat' dir='ltr'>Vento</span> <span class='ocrx_word' id='word_1_1788' title='bbox 2341 2271 2379 2289; x_wconf 83' lang='lat' dir='ltr'>re-</span> 
     </span>
    </p>
   </div>
   <div class='ocr_carea' id='block_1_57' title="bbox 1599 2296 2382 2368">
    <p class='ocr_par' dir='ltr' id='par_1_69' title="bbox 1599 2296 2382 2368">
     <span class='ocr_line' id='line_1_178' title="bbox 1609 2296 2382 2335; baseline 0.009 -17"><span class='ocrx_word' id='word_1_1789' title='bbox 1609 2329 1616 2334; x_wconf 30' lang='lat'><strong>·</strong></span> <span class='ocrx_word' id='word_1_1790' title='bbox 1748 2330 1753 2334; x_wconf 42' lang='grc'><em>.</em></span> <span class='ocrx_word' id='word_1_1791' title='bbox 1882 2330 1886 2334; x_wconf 35' lang='lat'><strong>⁴</strong></span> <span class='ocrx_word' id='word_1_1792' title='bbox 1900 2296 2013 2335; x_wconf 60' lang='lat' dir='ltr'>Asctapfr.</span> <span class='ocrx_word' id='word_1_1793' title='bbox 2040 2297 2102 2328; x_wconf 82' lang='lat' dir='ltr'>Qio</span> <span class='ocrx_word' id='word_1_1794' title='bbox 2118 2297 2218 2323; x_wconf 76' lang='lat' dir='ltr'>vtinam</span> <span class='ocrx_word' id='word_1_1795' title='bbox 2232 2299 2300 2325; x_wconf 80' lang='lat' dir='ltr'>velis</span> <span class='ocrx_word' id='word_1_1796' title='bbox 2312 2298 2382 2333; x_wconf 68' lang='lat' dir='ltr'>pallis</span> 
     </span>
     <span class='ocr_line' id='line_1_179' title="bbox 1599 2329 2382 2368; baseline 0.005 -13"><span class='ocrx_word' id='word_1_1797' title='bbox 1599 2330 1635 2355; x_wconf 81' lang='lat' dir='ltr'>liii</span> <span class='ocrx_word' id='word_1_1798' title='bbox 1650 2329 1805 2357; x_wconf 83' lang='lat' dir='ltr'>reflantibus</span> <span class='ocrx_word' id='word_1_1799' title='bbox 1818 2336 1903 2355; x_wconf 81' lang='lat' dir='ltr'>ventis</span> <span class='ocrx_word' id='word_1_1800' title='bbox 1916 2339 2088 2362; x_wconf 73' lang='lat' dir='ltr'>teneremur,</span> <span class='ocrx_word' id='word_1_1801' title='bbox 2104 2339 2190 2359; x_wconf 80' lang='lat' dir='ltr'>tamen</span> <span class='ocrx_word' id='word_1_1802' title='bbox 2203 2333 2296 2359; x_wconf 79' lang='lat' dir='ltr'>eodeni</span> <span class='ocrx_word' id='word_1_1803' title='bbox 2310 2334 2382 2368; x_wconf 74' lang='lat' dir='ltr'>paul-</span> 
     </span>
    </p>
   </div>
   <div class='ocr_carea' id='block_1_58' title="bbox 1339 2364 2383 2435">
    <p class='ocr_par' dir='ltr' id='par_1_70' title="bbox 1339 2364 2383 2435">
     <span class='ocr_line' id='line_1_180' title="bbox 1339 2364 2383 2410; baseline -0.003 -17"><span class='ocrx_word' id='word_1_1804' title='bbox 1339 2367 1481 2410; x_wconf 39' lang='lat' dir='ltr'>lro&#39;tardius</span> <span class='ocrx_word' id='word_1_1805' title='bbox 1495 2366 1644 2391; x_wconf 77' lang='lat' dir='ltr'>rescramur</span> <span class='ocrx_word' id='word_1_1806' title='bbox 1656 2366 1754 2404; x_wconf 65' lang='lat' dir='ltr'>neccsse</span> <span class='ocrx_word' id='word_1_1807' title='bbox 1767 2365 1803 2391; x_wconf 87' lang='lat' dir='ltr'>est</span> <span class='ocrx_word' id='word_1_1808' title='bbox 1824 2365 1879 2405; x_wconf 82' lang='lat' dir='ltr'>Cic.</span> <span class='ocrx_word' id='word_1_1809' title='bbox 1893 2364 1974 2391; x_wconf 87' lang='lat' dir='ltr'>Tusc.</span> <span class='ocrx_word' id='word_1_1810' title='bbox 1989 2373 1999 2390; x_wconf 97' lang='lat'>1</span> <span class='ocrx_word' id='word_1_1811' title='bbox 2012 2374 2033 2391; x_wconf 91' lang='lat' dir='ltr'>c.</span> <span class='ocrx_word' id='word_1_1812' title='bbox 2047 2375 2089 2398; x_wconf 78' lang='lat'>49.</span> <span class='ocrx_word' id='word_1_1813' title='bbox 2158 2368 2233 2402; x_wconf 70' lang='lat' dir='ltr'>Vix-g,</span> <span class='ocrx_word' id='word_1_1814' title='bbox 2248 2369 2301 2394; x_wconf 66' lang='lat' dir='ltr'>Ed,</span> <span class='ocrx_word' id='word_1_1815' title='bbox 2315 2371 2383 2401; x_wconf 70' lang='lat'>3‚96</span> 
     </span>
     <span class='ocr_line' id='line_1_181' title="bbox 1349 2399 2204 2435; baseline -0.001 -7"><span class='ocrx_word' id='word_1_1816' title='bbox 1349 2403 1457 2434; x_wconf 77' lang='lat' dir='ltr'>[ityre‚</span> <span class='ocrx_word' id='word_1_1817' title='bbox 1474 2402 1604 2435; x_wconf 77' lang='lat' dir='ltr'>pascentes</span> <span class='ocrx_word' id='word_1_1818' title='bbox 1628 2409 1643 2426; x_wconf 86' lang='lat' dir='ltr'>a</span> <span class='ocrx_word' id='word_1_1819' title='bbox 1669 2401 1778 2426; x_wconf 87' lang='lat' dir='ltr'>flumine</span> <span class='ocrx_word' id='word_1_1820' title='bbox 1799 2409 1870 2427; x_wconf 80' lang='lat' dir='ltr'>reice</span> <span class='ocrx_word' id='word_1_1821' title='bbox 1888 2400 2016 2434; x_wconf 83' lang='lat' dir='ltr'>capellas,</span> <span class='ocrx_word' id='word_1_1822' title='bbox 2036 2399 2204 2435; x_wconf 50' lang='lat' dir='ltr'>DqDsHabum.</span> 
     </span>
    </p>
   </div>
   <div class='ocr_carea' id='block_1_59' title="bbox 1338 2294 1784 2366">
    <p class='ocr_par' dir='ltr' id='par_1_71' title="bbox 1338 2294 1784 2366">
     <span class='ocr_line' id='line_1_182' title="bbox 1338 2294 1784 2323; baseline -0.007 0"><span class='ocrx_word' id='word_1_1823' title='bbox 1338 2298 1422 2323; x_wconf 61' lang='lat' dir='ltr'>iccius</span> <span class='ocrx_word' id='word_1_1824' title='bbox 1437 2296 1469 2322; x_wconf 91' lang='lat' dir='ltr'>ab</span> <span class='ocrx_word' id='word_1_1825' title='bbox 1485 2295 1534 2321; x_wconf 88' lang='lat' dir='ltr'>illo</span> <span class='ocrx_word' id='word_1_1826' title='bbox 1548 2295 1577 2321; x_wconf 88' lang='lat' dir='ltr'>in</span> <span class='ocrx_word' id='word_1_1827' title='bbox 1591 2294 1784 2321; x_wconf 86' lang='lat' dir='ltr'>Macedoniani.</span> 
     </span>
     <span class='ocr_line' id='line_1_183' title="bbox 1338 2332 1562 2366; baseline -0.009 -8"><span class='ocrx_word' id='word_1_1828' title='bbox 1338 2332 1451 2366; x_wconf 86' lang='lat' dir='ltr'>pcruehi</span> <span class='ocrx_word' id='word_1_1829' title='bbox 1465 2332 1541 2357; x_wconf 86' lang='lat' dir='ltr'>liceat</span> <span class='ocrx_word' id='word_1_1830' title='bbox 1557 2341 1562 2356; x_wconf 90' lang='lat'>:</span> 
     </span>
    </p>
   </div>
   <div class='ocr_carea' id='block_1_60' title="bbox 1337 2404 2388 2758">
    <p class='ocr_par' dir='ltr' id='par_1_72' title="bbox 1337 2404 2388 2758">
     <span class='ocr_line' id='line_1_184' title="bbox 2244 2404 2383 2430; baseline 0.007 -1"><span class='ocrx_word' id='word_1_1831' title='bbox 2244 2404 2302 2430; x_wconf 79' lang='lat' dir='ltr'>Vid.</span> <span class='ocrx_word' id='word_1_1832' title='bbox 2316 2405 2383 2430; x_wconf 82' lang='lat' dir='ltr'>Dia-</span> 
     </span>
     <span class='ocr_line' id='line_1_185' title="bbox 1428 2435 2383 2478; baseline 0.004 -18"><span class='ocrx_word' id='word_1_1833' title='bbox 1428 2474 1432 2478; x_wconf 31' lang='lat'>,</span> <span class='ocrx_word' id='word_1_1834' title='bbox 1534 2472 1542 2477; x_wconf 75' lang='lat'>.</span> <span class='ocrx_word' id='word_1_1835' title='bbox 1701 2435 1902 2475; x_wconf 32' lang='lat' dir='ltr'>*Ter-‚Phornr</span> <span class='ocrx_word' id='word_1_1836' title='bbox 1918 2444 1946 2467; x_wconf 74' lang='lat'>4,</span> <span class='ocrx_word' id='word_1_1837' title='bbox 1960 2445 1982 2466; x_wconf 84' lang='lat'>5,</span> <span class='ocrx_word' id='word_1_1838' title='bbox 1996 2445 2009 2467; x_wconf 84' lang='lat'>5</span> <span class='ocrx_word' id='word_1_1839' title='bbox 2032 2436 2101 2462; x_wconf 84' lang='lat' dir='ltr'>Nam</span> <span class='ocrx_word' id='word_1_1840' title='bbox 2117 2436 2134 2462; x_wconf 85' lang='lat' dir='ltr'>si</span> <span class='ocrx_word' id='word_1_1841' title='bbox 2147 2436 2228 2462; x_wconf 83' lang='lat' dir='ltr'>altera</span> <span class='ocrx_word' id='word_1_1842' title='bbox 2241 2437 2286 2463; x_wconf 82' lang='lat' dir='ltr'>illa</span> <span class='ocrx_word' id='word_1_1843' title='bbox 2299 2439 2383 2472; x_wconf 80' lang='lat' dir='ltr'>magis</span> 
     </span>
     <span class='ocr_line' id='line_1_186' title="bbox 1339 2469 2385 2505; baseline -0.003 -4"><span class='ocrx_word' id='word_1_1844' title='bbox 1339 2473 1461 2505; x_wconf 82' lang='lat' dir='ltr'>instabit,</span> <span class='ocrx_word' id='word_1_1845' title='bbox 1481 2472 1589 2498; x_wconf 81' lang='lat' dir='ltr'>forsitan</span> <span class='ocrx_word' id='word_1_1846' title='bbox 1602 2480 1650 2497; x_wconf 88' lang='lat' dir='ltr'>nos</span> <span class='ocrx_word' id='word_1_1847' title='bbox 1669 2476 1782 2497; x_wconf 85' lang='lat' dir='ltr'>reiiciat.</span> <span class='ocrx_word' id='word_1_1848' title='bbox 1854 2469 1929 2496; x_wconf 83' lang='lat' dir='ltr'>Ideni</span> <span class='ocrx_word' id='word_1_1849' title='bbox 1943 2470 2012 2496; x_wconf 83' lang='lat' dir='ltr'>Prol.</span> <span class='ocrx_word' id='word_1_1850' title='bbox 2023 2470 2128 2497; x_wconf 80' lang='lat' dir='ltr'>Phorm.</span> <span class='ocrx_word' id='word_1_1851' title='bbox 2139 2481 2167 2503; x_wconf 85' lang='lat'>19</span> <span class='ocrx_word' id='word_1_1852' title='bbox 2187 2471 2234 2497; x_wconf 88' lang='lat' dir='ltr'>Ille</span> <span class='ocrx_word' id='word_1_1853' title='bbox 2246 2471 2278 2498; x_wconf 89' lang='lat' dir='ltr'>ad</span> <span class='ocrx_word' id='word_1_1854' title='bbox 2286 2472 2385 2498; x_wconf 80' lang='lat' dir='ltr'>famem</span> 
     </span>
     <span class='ocr_line' id='line_1_187' title="bbox 1338 2504 2388 2539; baseline -0.003 -3"><span class='ocrx_word' id='word_1_1855' title='bbox 1338 2510 1408 2537; x_wconf 85' lang='lat' dir='ltr'>hunc</span> <span class='ocrx_word' id='word_1_1856' title='bbox 1421 2509 1454 2536; x_wconf 91' lang='lat' dir='ltr'>ab</span> <span class='ocrx_word' id='word_1_1857' title='bbox 1469 2507 1556 2535; x_wconf 76' lang='lat' dir='ltr'>studio</span> <span class='ocrx_word' id='word_1_1858' title='bbox 1570 2506 1668 2533; x_wconf 83' lang='lat' dir='ltr'>studuit</span> <span class='ocrx_word' id='word_1_1859' title='bbox 1681 2507 1801 2533; x_wconf 85' lang='lat' dir='ltr'>reiicere.</span> <span class='ocrx_word' id='word_1_1860' title='bbox 1919 2504 2046 2539; x_wconf 75' lang='lat' dir='ltr'>Spe-ruere</span> <span class='ocrx_word' id='word_1_1861' title='bbox 2061 2514 2086 2532; x_wconf 85' lang='lat' dir='ltr'>ct</span> <span class='ocrx_word' id='word_1_1862' title='bbox 2099 2507 2211 2532; x_wconf 82' lang='lat' dir='ltr'>relicere</span> <span class='ocrx_word' id='word_1_1863' title='bbox 2230 2507 2286 2534; x_wconf 89' lang='lat' dir='ltr'>Cic.</span> <span class='ocrx_word' id='word_1_1864' title='bbox 2300 2507 2332 2533; x_wconf 89' lang='lat' dir='ltr'>de</span> <span class='ocrx_word' id='word_1_1865' title='bbox 2345 2508 2388 2533; x_wconf 89' lang='lat' dir='ltr'>Fi-</span> 
     </span>
     <span class='ocr_line' id='line_1_188' title="bbox 1337 2541 2387 2578; baseline -0.003 -6"><span class='ocrx_word' id='word_1_1866' title='bbox 1337 2546 1396 2573; x_wconf 83' lang='lat' dir='ltr'>nib.</span> <span class='ocrx_word' id='word_1_1867' title='bbox 1412 2554 1432 2577; x_wconf 86' lang='lat'>1,</span> <span class='ocrx_word' id='word_1_1868' title='bbox 1444 2553 1471 2578; x_wconf 81' lang='lat'>4.</span> <span class='ocrx_word' id='word_1_1869' title='bbox 1566 2542 1677 2577; x_wconf 87' lang='lat' dir='ltr'>Aliquid</span> <span class='ocrx_word' id='word_1_1870' title='bbox 1689 2550 1704 2568; x_wconf 90' lang='lat' dir='ltr'>a</span> <span class='ocrx_word' id='word_1_1871' title='bbox 1719 2543 1744 2568; x_wconf 88' lang='lat' dir='ltr'>se</span> <span class='ocrx_word' id='word_1_1872' title='bbox 1757 2541 1870 2568; x_wconf 80' lang='lat' dir='ltr'>relicere</span> <span class='ocrx_word' id='word_1_1873' title='bbox 1881 2546 1906 2567; x_wconf 84' lang='lat' dir='ltr'>ct</span> <span class='ocrx_word' id='word_1_1874' title='bbox 1919 2541 2052 2575; x_wconf 86' lang='lat' dir='ltr'>aspernari</span> <span class='ocrx_word' id='word_1_1875' title='bbox 2068 2542 2142 2568; x_wconf 75' lang='lat' dir='ltr'>Ideni</span> <span class='ocrx_word' id='word_1_1876' title='bbox 2157 2551 2204 2575; x_wconf 84' lang='lat' dir='ltr'>pro</span> <span class='ocrx_word' id='word_1_1877' title='bbox 2211 2543 2286 2569; x_wconf 89' lang='lat' dir='ltr'>Rosc.</span> <span class='ocrx_word' id='word_1_1878' title='bbox 2297 2544 2387 2570; x_wconf 85' lang='lat' dir='ltr'>Aiiier.</span> 
     </span>
     <span class='ocr_line' id='line_1_189' title="bbox 1339 2576 2387 2615; baseline -0.001 -10"><span class='ocrx_word' id='word_1_1879' title='bbox 1339 2591 1388 2615; x_wconf 75' lang='lat'>153,</span> <span class='ocrx_word' id='word_1_1880' title='bbox 1497 2580 1571 2613; x_wconf 78' lang='lat' dir='ltr'>Qiae</span> <span class='ocrx_word' id='word_1_1881' title='bbox 1597 2579 1701 2604; x_wconf 83' lang='lat' dir='ltr'>fueram</span> <span class='ocrx_word' id='word_1_1882' title='bbox 1724 2587 1778 2604; x_wconf 86' lang='lat' dir='ltr'>non</span> <span class='ocrx_word' id='word_1_1883' title='bbox 1798 2576 1930 2604; x_wconf 63' lang='lat' dir='ltr'>reiectura</span> <span class='ocrx_word' id='word_1_1884' title='bbox 1943 2578 2076 2603; x_wconf 74' lang='lat' dir='ltr'>petentem</span> <span class='ocrx_word' id='word_1_1885' title='bbox 2112 2577 2193 2604; x_wconf 83' lang='lat' dir='ltr'>Ouid.</span> <span class='ocrx_word' id='word_1_1886' title='bbox 2207 2579 2270 2605; x_wconf 85' lang='lat' dir='ltr'>Met.</span> <span class='ocrx_word' id='word_1_1887' title='bbox 2285 2587 2317 2611; x_wconf 88' lang='lat'>9,</span> <span class='ocrx_word' id='word_1_1888' title='bbox 2338 2587 2387 2611; x_wconf 79' lang='lat'>512.</span> 
     </span>
     <span class='ocr_line' id='line_1_190' title="bbox 2173 2613 2384 2647; baseline -0.005 -8"><span class='ocrx_word' id='word_1_1889' title='bbox 2173 2613 2297 2647; x_wconf 80' lang='lat' dir='ltr'>Deligere</span> <span class='ocrx_word' id='word_1_1890' title='bbox 2309 2613 2384 2646; x_wconf 74' lang='lat' dir='ltr'>bona,</span> 
     </span>
     <span class='ocr_line' id='line_1_191' title="bbox 2183 2646 2385 2686; baseline 0.01 -12"><span class='ocrx_word' id='word_1_1891' title='bbox 2183 2646 2204 2686; x_wconf 61' lang='lat' dir='ltr'>q</span> <span class='ocrx_word' id='word_1_1892' title='bbox 2228 2657 2244 2675; x_wconf 84' lang='lat'>2</span> <span class='ocrx_word' id='word_1_1893' title='bbox 2266 2649 2385 2676; x_wconf 79' lang='lat' dir='ltr'>Reiicere</span> 
     </span>
     <span class='ocr_line' id='line_1_192' title="bbox 1341 2683 2387 2720; baseline -0.006 -4"><span class='ocrx_word' id='word_1_1894' title='bbox 1341 2689 1460 2719; x_wconf 84' lang='lat' dir='ltr'>iudices,</span> <span class='ocrx_word' id='word_1_1895' title='bbox 1497 2686 1659 2719; x_wconf 69' lang='grc' dir='ltr'>[α’πολέγειν,</span> <span class='ocrx_word' id='word_1_1896' title='bbox 1679 2684 1801 2718; x_wconf 66' lang='grc' dir='ltr'>ἐπωθὲῐν]</span> <span class='ocrx_word' id='word_1_1897' title='bbox 1838 2683 1971 2720; x_wconf 81' lang='lat' dir='ltr'>aliquando</span> <span class='ocrx_word' id='word_1_1898' title='bbox 1989 2683 2093 2719; x_wconf 75' lang='lat' dir='ltr'>positum</span> <span class='ocrx_word' id='word_1_1899' title='bbox 2112 2684 2212 2710; x_wconf 71' lang='lat' dir='ltr'>videtur</span> <span class='ocrx_word' id='word_1_1900' title='bbox 2227 2692 2277 2719; x_wconf 75' lang='lat' dir='ltr'>pro</span> <span class='ocrx_word' id='word_1_1901' title='bbox 2292 2685 2387 2720; x_wconf 78' lang='lat' dir='ltr'>Eligere</span> 
     </span>
     <span class='ocr_line' id='line_1_193' title="bbox 1339 2718 2384 2758; baseline -0.005 -7"><span class='ocrx_word' id='word_1_1902' title='bbox 1339 2732 1364 2751; x_wconf 82' lang='lat' dir='ltr'>et</span> <span class='ocrx_word' id='word_1_1903' title='bbox 1377 2727 1487 2758; x_wconf 74' lang='lat' dir='ltr'>acc11&gt;erc</span> <span class='ocrx_word' id='word_1_1904' title='bbox 1502 2721 1603 2748; x_wconf 70' lang='lat' dir='ltr'>iudices.</span> <span class='ocrx_word' id='word_1_1905' title='bbox 1641 2721 1736 2755; x_wconf 79' lang='lat' dir='ltr'>Nempe</span> <span class='ocrx_word' id='word_1_1906' title='bbox 1750 2729 1775 2746; x_wconf 83' lang='lat' dir='ltr'>co</span> <span class='ocrx_word' id='word_1_1907' title='bbox 1787 2719 1848 2755; x_wconf 80' lang='lat' dir='ltr'>1ps0,</span> <span class='ocrx_word' id='word_1_1908' title='bbox 1864 2720 1929 2754; x_wconf 75' lang='lat' dir='ltr'>quod</span> <span class='ocrx_word' id='word_1_1909' title='bbox 1939 2722 2088 2746; x_wconf 76' lang='lat' dir='ltr'>reiici&#39;untur</span> <span class='ocrx_word' id='word_1_1910' title='bbox 2101 2729 2129 2745; x_wconf 79' lang='lat' dir='ltr'>cx</span> <span class='ocrx_word' id='word_1_1911' title='bbox 2143 2719 2184 2746; x_wconf 75' lang='lat' dir='ltr'>his</span> <span class='ocrx_word' id='word_1_1912' title='bbox 2192 2739 2201 2752; x_wconf 87' lang='grc'>,</span> <span class='ocrx_word' id='word_1_1913' title='bbox 2218 2723 2260 2755; x_wconf 77' lang='lat' dir='ltr'>qui</span> <span class='ocrx_word' id='word_1_1914' title='bbox 2267 2718 2384 2756; x_wconf 66' lang='lat' dir='ltr'>propositi</span> 
     </span>
    </p>
   </div>
   <div class='ocr_carea' id='block_1_61' title="bbox 1341 2647 1985 2682">
    <p class='ocr_par' dir='ltr' id='par_1_73' title="bbox 1341 2647 1985 2682">
     <span class='ocr_line' id='line_1_194' title="bbox 1341 2647 1985 2682; baseline -0.009 -2"><span class='ocrx_word' id='word_1_1915' title='bbox 1341 2660 1367 2680; x_wconf 89' lang='lat' dir='ltr'>et</span> <span class='ocrx_word' id='word_1_1916' title='bbox 1382 2653 1520 2682; x_wconf 70' lang='lat' dir='ltr'>Reiiceoe,</span> <span class='ocrx_word' id='word_1_1917' title='bbox 1536 2653 1666 2677; x_wconf 79' lang='lat' dir='ltr'>contraria</span> <span class='ocrx_word' id='word_1_1918' title='bbox 1686 2650 1744 2675; x_wconf 88' lang='lat' dir='ltr'>Cic.</span> <span class='ocrx_word' id='word_1_1919' title='bbox 1759 2649 1791 2675; x_wconf 86' lang='lat' dir='ltr'>dc</span> <span class='ocrx_word' id='word_1_1920' title='bbox 1804 2647 1896 2682; x_wconf 82' lang='lat' dir='ltr'>Legib.</span> <span class='ocrx_word' id='word_1_1921' title='bbox 1912 2657 1933 2681; x_wconf 82' lang='lat'>2,</span> <span class='ocrx_word' id='word_1_1922' title='bbox 1941 2651 1985 2675; x_wconf 89' lang='lat'>60.</span> 
     </span>
    </p>
   </div>
   <div class='ocr_carea' id='block_1_62' title="bbox 1067 2754 2387 2860">
    <p class='ocr_par' dir='ltr' id='par_1_74' title="bbox 1067 2754 2387 2860">
     <span class='ocr_line' id='line_1_195' title="bbox 1092 2754 2387 2797; baseline -0.004 -11"><span class='ocrx_word' id='word_1_1923' title='bbox 1092 2792 1097 2796; x_wconf 93' lang='lat'>.</span> <span class='ocrx_word' id='word_1_1924' title='bbox 1333 2761 1411 2797; x_wconf 69' lang='lat' dir='ltr'>fiant,</span> <span class='ocrx_word' id='word_1_1925' title='bbox 1429 2767 1488 2792; x_wconf 81' lang='lat' dir='ltr'>quos</span> <span class='ocrx_word' id='word_1_1926' title='bbox 1501 2756 1595 2782; x_wconf 64' lang='lat' dir='ltr'>iudices</span> <span class='ocrx_word' id='word_1_1927' title='bbox 1607 2754 1702 2788; x_wconf 66' lang='lat' dir='ltr'>nestros</span> <span class='ocrx_word' id='word_1_1928' title='bbox 1716 2754 1759 2788; x_wconf 70' lang='lat' dir='ltr'>effe</span> <span class='ocrx_word' id='word_1_1929' title='bbox 1771 2757 1987 2791; x_wconf 67' lang='lat' dir='ltr'>nolumus-,reliqui</span> <span class='ocrx_word' id='word_1_1930' title='bbox 2000 2756 2149 2781; x_wconf 82' lang='lat' dir='ltr'>sumuntur.</span> <span class='ocrx_word' id='word_1_1931' title='bbox 2240 2756 2387 2786; x_wconf 47' lang='grc' dir='ltr'>(Ἄρνῃ-τ,</span> 
     </span>
     <span class='ocr_line' id='line_1_196' title="bbox 1067 2790 2386 2828; baseline 0 -10"><span class='ocrx_word' id='word_1_1932' title='bbox 1067 2792 1127 2818; x_wconf 75' lang='lat' dir='ltr'>Liu.</span> <span class='ocrx_word' id='word_1_1933' title='bbox 1140 2799 1183 2824; x_wconf 81' lang='lat'>24,</span> <span class='ocrx_word' id='word_1_1934' title='bbox 1197 2792 1240 2822; x_wconf 76' lang='lat'>26,</span> <span class='ocrx_word' id='word_1_1935' title='bbox 1256 2797 1280 2823; x_wconf 80' lang='lat'>13</span> <span class='ocrx_word' id='word_1_1936' title='bbox 1290 2795 1322 2823; x_wconf 77' lang='lat'>75</span> <span class='ocrx_word' id='word_1_1937' title='bbox 1341 2804 1363 2828; x_wconf 78' lang='lat'>3,</span> <span class='ocrx_word' id='word_1_1938' title='bbox 1377 2800 1408 2825; x_wconf 85' lang='lat'>28</span> <span class='ocrx_word' id='word_1_1939' title='bbox 1428 2793 1502 2826; x_wconf 76' lang='lat' dir='ltr'>Qud</span> <span class='ocrx_word' id='word_1_1940' title='bbox 1517 2798 1622 2826; x_wconf 85' lang='lat' dir='ltr'>praetor</span> <span class='ocrx_word' id='word_1_1941' title='bbox 1638 2792 1647 2818; x_wconf 77' lang='lat'>3</span> <span class='ocrx_word' id='word_1_1942' title='bbox 1684 2790 1760 2818; x_wconf 85' lang='lat' dir='ltr'>iubet</span> <span class='ocrx_word' id='word_1_1943' title='bbox 1774 2791 1979 2825; x_wconf 86' lang='lat' dir='ltr'>Recuperatores</span> <span class='ocrx_word' id='word_1_1944' title='bbox 1992 2791 2113 2817; x_wconf 78' lang='lat' dir='ltr'>reiicere.</span> <span class='ocrx_word' id='word_1_1945' title='bbox 2184 2791 2311 2818; x_wconf 86' lang='lat' dir='ltr'>Decurias</span> <span class='ocrx_word' id='word_1_1946' title='bbox 2329 2790 2386 2818; x_wconf 46' lang='lat' dir='ltr'>scri.-</span> 
     </span>
     <span class='ocr_line' id='line_1_197' title="bbox 1341 2825 2387 2860; baseline -0.005 -3"><span class='ocrx_word' id='word_1_1947' title='bbox 1341 2832 1442 2858; x_wconf 87' lang='lat' dir='ltr'>bainiis.</span> <span class='ocrx_word' id='word_1_1948' title='bbox 1480 2830 1550 2860; x_wconf 79' lang='lat' dir='ltr'>Qias</span> <span class='ocrx_word' id='word_1_1949' title='bbox 1566 2827 1690 2854; x_wconf 83' lang='lat' dir='ltr'>Decurias</span> <span class='ocrx_word' id='word_1_1950' title='bbox 1703 2828 1712 2853; x_wconf 79' lang='lat'>3</span> <span class='ocrx_word' id='word_1_1951' title='bbox 1749 2826 1781 2853; x_wconf 88' lang='lat' dir='ltr'>de</span> <span class='ocrx_word' id='word_1_1952' title='bbox 1795 2826 1905 2852; x_wconf 85' lang='lat' dir='ltr'>cohorte</span> <span class='ocrx_word' id='word_1_1953' title='bbox 1919 2835 1977 2852; x_wconf 86' lang='lat' dir='ltr'>nica</span> <span class='ocrx_word' id='word_1_1954' title='bbox 1990 2827 2112 2858; x_wconf 79' lang='lat' dir='ltr'>reiicies,</span> <span class='ocrx_word' id='word_1_1955' title='bbox 2129 2825 2226 2860; x_wconf 81' lang='lat' dir='ltr'>inquit.</span> <span class='ocrx_word' id='word_1_1956' title='bbox 2333 2826 2387 2855; x_wconf 83' lang='lat' dir='ltr'>Cic.</span> 
     </span>
    </p>
   </div>
   <div class='ocr_carea' id='block_1_63' title="bbox 1340 2858 2423 3330">
    <p class='ocr_par' dir='ltr' id='par_1_75' title="bbox 1340 2858 2423 3330">
     <span class='ocr_line' id='line_1_198' title="bbox 1340 2858 2390 2897; baseline -0.002 -6"><span class='ocrx_word' id='word_1_1957' title='bbox 1340 2868 1418 2894; x_wconf 81' lang='lat' dir='ltr'>Verr,</span> <span class='ocrx_word' id='word_1_1958' title='bbox 1433 2874 1462 2897; x_wconf 78' lang='lat'>3,</span> <span class='ocrx_word' id='word_1_1959' title='bbox 1476 2867 1518 2896; x_wconf 80' lang='lat'>136</span> <span class='ocrx_word' id='word_1_1960' title='bbox 1539 2873 1560 2890; x_wconf 84' lang='lat' dir='ltr'>c.</span> <span class='ocrx_word' id='word_1_1961' title='bbox 1574 2871 1606 2896; x_wconf 85' lang='lat'>59</span> <span class='ocrx_word' id='word_1_1962' title='bbox 1633 2864 1701 2889; x_wconf 88' lang='lat' dir='ltr'>Cum</span> <span class='ocrx_word' id='word_1_1963' title='bbox 1737 2878 1782 2882; x_wconf 86' lang='lat'>-—</span> <span class='ocrx_word' id='word_1_1964' title='bbox 1816 2863 1876 2888; x_wconf 78' lang='lat' dir='ltr'>cffet</span> <span class='ocrx_word' id='word_1_1965' title='bbox 1912 2877 1957 2881; x_wconf 92' lang='lat'>——</span> <span class='ocrx_word' id='word_1_1966' title='bbox 1982 2859 2137 2888; x_wconf 78' lang='lat' dir='ltr'>&#39;conuentus</span> <span class='ocrx_word' id='word_1_1967' title='bbox 2150 2862 2274 2889; x_wconf 82' lang='lat' dir='ltr'>honestus</span> <span class='ocrx_word' id='word_1_1968' title='bbox 2286 2858 2390 2895; x_wconf 63' lang='lat' dir='ltr'>Syracii-</span> 
     </span>
     <span class='ocr_line' id='line_1_199' title="bbox 1343 2897 2387 2934; baseline -0.004 -5"><span class='ocrx_word' id='word_1_1969' title='bbox 1343 2902 1388 2933; x_wconf 84' lang='lat' dir='ltr'>sis,</span> <span class='ocrx_word' id='word_1_1970' title='bbox 1406 2899 1487 2927; x_wconf 85' lang='lat' dir='ltr'>multi</span> <span class='ocrx_word' id='word_1_1971' title='bbox 1500 2899 1601 2934; x_wconf 80' lang='lat' dir='ltr'>equites</span> <span class='ocrx_word' id='word_1_1972' title='bbox 1616 2897 1745 2929; x_wconf 84' lang='lat' dir='ltr'>Romani,</span> <span class='ocrx_word' id='word_1_1973' title='bbox 1766 2898 1821 2924; x_wconf 92' lang='lat' dir='ltr'>viri</span> <span class='ocrx_word' id='word_1_1974' title='bbox 1836 2897 1977 2932; x_wconf 87' lang='lat' dir='ltr'>primarii,</span> <span class='ocrx_word' id='word_1_1975' title='bbox 1997 2905 2028 2924; x_wconf 80' lang='lat' dir='ltr'>ex</span> <span class='ocrx_word' id='word_1_1976' title='bbox 2044 2906 2094 2932; x_wconf 89' lang='lat' dir='ltr'>qua</span> <span class='ocrx_word' id='word_1_1977' title='bbox 2107 2898 2180 2932; x_wconf 86' lang='lat' dir='ltr'>copia</span> <span class='ocrx_word' id='word_1_1978' title='bbox 2193 2905 2387 2934; x_wconf 82' lang='lat' dir='ltr'>recuperatores</span> 
     </span>
     <span class='ocr_line' id='line_1_200' title="bbox 1344 2933 2395 2970; baseline -0.006 -5"><span class='ocrx_word' id='word_1_1979' title='bbox 1344 2938 1422 2964; x_wconf 85' lang='lat' dir='ltr'>reiici</span> <span class='ocrx_word' id='word_1_1980' title='bbox 1437 2941 1591 2970; x_wconf 81' lang='lat' dir='ltr'>oporteret,</span> <span class='ocrx_word' id='word_1_1981' title='bbox 1613 2934 1659 2969; x_wconf 90' lang='lat' dir='ltr'>qui</span> <span class='ocrx_word' id='word_1_1982' title='bbox 1671 2933 1749 2960; x_wconf 84' lang='lat' dir='ltr'>aliter</span> <span class='ocrx_word' id='word_1_1983' title='bbox 1761 2933 1881 2960; x_wconf 80' lang='lat' dir='ltr'>iudicare</span> <span class='ocrx_word' id='word_1_1984' title='bbox 1895 2933 1970 2960; x_wconf 89' lang='lat' dir='ltr'>nullo</span> <span class='ocrx_word' id='word_1_1985' title='bbox 1985 2933 2066 2960; x_wconf 90' lang='lat' dir='ltr'>modo</span> <span class='ocrx_word' id='word_1_1986' title='bbox 2084 2934 2191 2968; x_wconf 74' lang='lat' dir='ltr'>possent.</span> <span class='ocrx_word' id='word_1_1987' title='bbox 2278 2933 2395 2967; x_wconf 55' lang='lat' dir='ltr'>Hit-stne*</span> 
     </span>
     <span class='ocr_line' id='line_1_201' title="bbox 2180 2969 2390 2997; baseline 0.014 -3"><span class='ocrx_word' id='word_1_1988' title='bbox 2180 2969 2253 2995; x_wconf 79' lang='lat' dir='ltr'>Ide-ni</span> <span class='ocrx_word' id='word_1_1989' title='bbox 2268 2969 2325 2997; x_wconf 66' lang='lat' dir='ltr'>A&amp;</span> <span class='ocrx_word' id='word_1_1990' title='bbox 2339 2979 2348 2996; x_wconf 95' lang='lat'>1</span> <span class='ocrx_word' id='word_1_1991' title='bbox 2361 2969 2390 2997; x_wconf 88' lang='lat' dir='ltr'>in</span> 
     </span>
     <span class='ocr_line' id='line_1_202' title="bbox 1345 3000 2388 3040; baseline -0.005 -4"><span class='ocrx_word' id='word_1_1992' title='bbox 1345 3012 1421 3036; x_wconf 84' lang='lat' dir='ltr'>Verr.</span> <span class='ocrx_word' id='word_1_1993' title='bbox 1436 3018 1458 3034; x_wconf 90' lang='lat' dir='ltr'>c.</span> <span class='ocrx_word' id='word_1_1994' title='bbox 1473 3010 1487 3034; x_wconf 91' lang='lat'>6</span> <span class='ocrx_word' id='word_1_1995' title='bbox 1519 3007 1553 3032; x_wconf 85' lang='lat' dir='ltr'>Ea</span> <span class='ocrx_word' id='word_1_1996' title='bbox 1571 3006 1664 3032; x_wconf 72' lang='lat' dir='ltr'>mansit</span> <span class='ocrx_word' id='word_1_1997' title='bbox 1684 3006 1712 3032; x_wconf 91' lang='lat' dir='ltr'>in</span> <span class='ocrx_word' id='word_1_1998' title='bbox 1731 3005 1887 3032; x_wconf 83' lang='lat' dir='ltr'>conditione</span> <span class='ocrx_word' id='word_1_1999' title='bbox 1904 3011 1982 3040; x_wconf 89' lang='lat' dir='ltr'>atque</span> <span class='ocrx_word' id='word_1_2000' title='bbox 1994 3005 2071 3039; x_wconf 61' lang='lat' dir='ltr'>pacto</span> <span class='ocrx_word' id='word_1_2001' title='bbox 2084 3013 2166 3039; x_wconf 82' lang='lat' dir='ltr'>Vsque</span> <span class='ocrx_word' id='word_1_2002' title='bbox 2180 3004 2212 3031; x_wconf 54' lang='lat' dir='ltr'>a‘d</span> <span class='ocrx_word' id='word_1_2003' title='bbox 2225 3004 2285 3032; x_wconf 81' lang='lat' dir='ltr'>cum</span> <span class='ocrx_word' id='word_1_2004' title='bbox 2299 3000 2388 3038; x_wconf 75' lang='lat' dir='ltr'>finem,</span> 
     </span>
     <span class='ocr_line' id='line_1_203' title="bbox 1345 3039 2423 3076; baseline -0.007 -3"><span class='ocrx_word' id='word_1_2005' title='bbox 1345 3046 1408 3072; x_wconf 90' lang='lat' dir='ltr'>dum</span> <span class='ocrx_word' id='word_1_2006' title='bbox 1423 3044 1522 3071; x_wconf 86' lang='lat' dir='ltr'>iudices</span> <span class='ocrx_word' id='word_1_2007' title='bbox 1537 3042 1631 3068; x_wconf 57' lang='lat' dir='ltr'>reiecti</span> <span class='ocrx_word' id='word_1_2008' title='bbox 1646 3042 1712 3068; x_wconf 90' lang='lat' dir='ltr'>sunt.</span> <span class='ocrx_word' id='word_1_2009' title='bbox 1819 3040 1868 3069; x_wconf 65' lang='lat' dir='ltr'>Sed</span> <span class='ocrx_word' id='word_1_2010' title='bbox 1876 3047 1978 3076; x_wconf 75' lang='lat' dir='ltr'>proprie</span> <span class='ocrx_word' id='word_1_2011' title='bbox 1992 3039 2061 3066; x_wconf 89' lang='lat' dir='ltr'>Ibid.</span> <span class='ocrx_word' id='word_1_2012' title='bbox 2075 3048 2105 3072; x_wconf 80' lang='lat'>93</span> <span class='ocrx_word' id='word_1_2013' title='bbox 2133 3041 2172 3067; x_wconf 79' lang='lat' dir='ltr'>Sic</span> <span class='ocrx_word' id='word_1_2014' title='bbox 2186 3040 2300 3069; x_wconf 82' lang='lat' dir='ltr'>habuisti</span> <span class='ocrx_word' id='word_1_2015' title='bbox 2313 3041 2390 3068; x_wconf 78' lang='lat' dir='ltr'>statu·</span> <span class='ocrx_word' id='word_1_2016' title='bbox 2420 3056 2423 3065; x_wconf 89' lang='lat'>.</span> 
     </span>
     <span class='ocr_line' id='line_1_204' title="bbox 1346 3069 2391 3110; baseline -0.006 -1"><span class='ocrx_word' id='word_1_2017' title='bbox 1346 3089 1402 3109; x_wconf 88' lang='lat' dir='ltr'>tuni</span> <span class='ocrx_word' id='word_1_2018' title='bbox 1418 3089 1477 3107; x_wconf 89' lang='lat' dir='ltr'>cum</span> <span class='ocrx_word' id='word_1_2019' title='bbox 1491 3079 1581 3105; x_wconf 86' lang='lat' dir='ltr'>aniiiio</span> <span class='ocrx_word' id='word_1_2020' title='bbox 1596 3086 1624 3104; x_wconf 82' lang='lat' dir='ltr'>ac</span> <span class='ocrx_word' id='word_1_2021' title='bbox 1638 3076 1828 3108; x_wconf 81' lang='lat' dir='ltr'>deliberatum,</span> <span class='ocrx_word' id='word_1_2022' title='bbox 1847 3085 1938 3102; x_wconf 87' lang='lat' dir='ltr'>omncs</span> <span class='ocrx_word' id='word_1_2023' title='bbox 1953 3076 1999 3110; x_wconf 85' lang='lat' dir='ltr'>qui</span> <span class='ocrx_word' id='word_1_2024' title='bbox 2012 3075 2161 3103; x_wconf 85' lang='lat' dir='ltr'>habitarent</span> <span class='ocrx_word' id='word_1_2025' title='bbox 2179 3077 2208 3103; x_wconf 79' lang='lat' dir='ltr'>iii</span> <span class='ocrx_word' id='word_1_2026' title='bbox 2219 3076 2327 3109; x_wconf 78' lang='lat' dir='ltr'>Sicilia,</span> <span class='ocrx_word' id='word_1_2027' title='bbox 2346 3069 2391 3103; x_wconf 72' lang='lat' dir='ltr'>aut:</span> 
     </span>
     <span class='ocr_line' id='line_1_205' title="bbox 1346 3109 2388 3153; baseline -0.005 -9"><span class='ocrx_word' id='word_1_2028' title='bbox 1346 3118 1393 3153; x_wconf 90' lang='lat' dir='ltr'>qui</span> <span class='ocrx_word' id='word_1_2029' title='bbox 1406 3115 1521 3143; x_wconf 85' lang='lat' dir='ltr'>Siciliain</span> <span class='ocrx_word' id='word_1_2030' title='bbox 1536 3120 1561 3140; x_wconf 88' lang='lat' dir='ltr'>te</span> <span class='ocrx_word' id='word_1_2031' title='bbox 1575 3114 1698 3139; x_wconf 84' lang='lat' dir='ltr'>Praetorc</span> <span class='ocrx_word' id='word_1_2032' title='bbox 1712 3112 1863 3146; x_wconf 82' lang='lat' dir='ltr'>attigissent,</span> <span class='ocrx_word' id='word_1_2033' title='bbox 1883 3111 1986 3138; x_wconf 82' lang='lat' dir='ltr'>iudices</span> <span class='ocrx_word' id='word_1_2034' title='bbox 2000 3111 2119 3138; x_wconf 85' lang='lat' dir='ltr'>reiicere.</span> <span class='ocrx_word' id='word_1_2035' title='bbox 2174 3113 2229 3142; x_wconf 71' lang='lat' dir='ltr'>Hoc</span> <span class='ocrx_word' id='word_1_2036' title='bbox 2240 3109 2293 3148; x_wconf 65' lang='lat' dir='ltr'>&#39;ipse</span> <span class='ocrx_word' id='word_1_2037' title='bbox 2307 3113 2334 3138; x_wconf 92' lang='lat' dir='ltr'>in</span> <span class='ocrx_word' id='word_1_2038' title='bbox 2349 3121 2388 3139; x_wconf 88' lang='lat' dir='ltr'>ca-</span> 
     </span>
     <span class='ocr_line' id='line_1_206' title="bbox 1348 3144 2390 3185; baseline -0.006 -6"><span class='ocrx_word' id='word_1_2039' title='bbox 1348 3154 1409 3180; x_wconf 87' lang='lat' dir='ltr'>dem</span> <span class='ocrx_word' id='word_1_2040' title='bbox 1423 3161 1448 3178; x_wconf 89' lang='lat' dir='ltr'>n.</span> <span class='ocrx_word' id='word_1_2041' title='bbox 1465 3159 1507 3185; x_wconf 75' lang='lat'>¹37</span> <span class='ocrx_word' id='word_1_2042' title='bbox 1527 3149 1653 3183; x_wconf 91' lang='lat' dir='ltr'>Iniquum</span> <span class='ocrx_word' id='word_1_2043' title='bbox 1666 3148 1771 3174; x_wconf 87' lang='lat' dir='ltr'>eiurare</span> <span class='ocrx_word' id='word_1_2044' title='bbox 1784 3147 1899 3182; x_wconf 78' lang='lat' dir='ltr'>appellat.</span> <span class='ocrx_word' id='word_1_2045' title='bbox 1973 3148 2022 3173; x_wconf 84' lang='lat' dir='ltr'>Cur</span> <span class='ocrx_word' id='word_1_2046' title='bbox 2035 3155 2114 3173; x_wconf 69' lang='lat' dir='ltr'>autem</span> <span class='ocrx_word' id='word_1_2047' title='bbox 2128 3144 2255 3184; x_wconf 67' lang='lat' dir='ltr'>utramque</span> <span class='ocrx_word' id='word_1_2048' title='bbox 2266 3147 2390 3184; x_wconf 62' lang='lat' dir='ltr'>significa..</span> 
     </span>
     <span class='ocr_line' id='line_1_207' title="bbox 1347 3182 2423 3218; baseline -0.007 -2"><span class='ocrx_word' id='word_1_2049' title='bbox 1347 3193 1437 3216; x_wconf 75' lang='lat' dir='ltr'>tioncm</span> <span class='ocrx_word' id='word_1_2050' title='bbox 1449 3187 1551 3216; x_wconf 76' lang='lat' dir='ltr'>habeat,</span> <span class='ocrx_word' id='word_1_2051' title='bbox 1569 3194 1597 3210; x_wconf 74' lang='lat' dir='ltr'>ex</span> <span class='ocrx_word' id='word_1_2052' title='bbox 1611 3193 1636 3210; x_wconf 87' lang='lat' dir='ltr'>n.</span> <span class='ocrx_word' id='word_1_2053' title='bbox 1652 3192 1700 3216; x_wconf 77' lang='lat'>140</span> <span class='ocrx_word' id='word_1_2054' title='bbox 1713 3183 1831 3209; x_wconf 76' lang='lat' dir='ltr'>ciusdem</span> <span class='ocrx_word' id='word_1_2055' title='bbox 1848 3182 1978 3210; x_wconf 75' lang='lat' dir='ltr'>orationis</span> <span class='ocrx_word' id='word_1_2056' title='bbox 1993 3183 2100 3218; x_wconf 74' lang='lat' dir='ltr'>intelligi</span> <span class='ocrx_word' id='word_1_2057' title='bbox 2109 3182 2200 3218; x_wconf 74' lang='lat' dir='ltr'>potest.</span> <span class='ocrx_word' id='word_1_2058' title='bbox 2269 3183 2390 3217; x_wconf 85' lang='lat' dir='ltr'>Apronio</span> <span class='ocrx_word' id='word_1_2059' title='bbox 2420 3198 2423 3208; x_wconf 81' lang='lat' dir='ltr'>t</span> 
     </span>
     <span class='ocr_line' id='line_1_208' title="bbox 1349 3218 2391 3260; baseline -0.007 -9"><span class='ocrx_word' id='word_1_2060' title='bbox 1349 3223 1491 3260; x_wconf 71' lang='lat' dir='ltr'>permittis,</span> <span class='ocrx_word' id='word_1_2061' title='bbox 1504 3228 1532 3248; x_wconf 95' lang='lat' dir='ltr'>vt</span> <span class='ocrx_word' id='word_1_2062' title='bbox 1547 3229 1613 3255; x_wconf 85' lang='lat' dir='ltr'>quos</span> <span class='ocrx_word' id='word_1_2063' title='bbox 1625 3219 1691 3245; x_wconf 82' lang='lat' dir='ltr'>velit</span> <span class='ocrx_word' id='word_1_2064' title='bbox 1705 3218 1738 3245; x_wconf 82' lang='lat' dir='ltr'>de</span> <span class='ocrx_word' id='word_1_2065' title='bbox 1751 3218 1862 3245; x_wconf 87' lang='lat' dir='ltr'>cohorte</span> <span class='ocrx_word' id='word_1_2066' title='bbox 1876 3219 1960 3245; x_wconf 87' lang='lat' dir='ltr'>sumat</span> <span class='ocrx_word' id='word_1_2067' title='bbox 1972 3219 2188 3252; x_wconf 77' lang='lat' dir='ltr'>RecuperatoreS.</span> <span class='ocrx_word' id='word_1_2068' title='bbox 2238 3219 2391 3253; x_wconf 80' lang='lat' dir='ltr'>Indignum,</span> 
     </span>
     <span class='ocr_line' id='line_1_209' title="bbox 1348 3249 2391 3295; baseline -0.006 -8"><span class='ocrx_word' id='word_1_2069' title='bbox 1348 3261 1395 3287; x_wconf 77' lang='lat' dir='ltr'>vni</span> <span class='ocrx_word' id='word_1_2070' title='bbox 1422 3258 1509 3295; x_wconf 87' lang='lat' dir='ltr'>potitis</span> <span class='ocrx_word' id='word_1_2071' title='bbox 1530 3265 1561 3282; x_wconf 73' lang='lat' dir='ltr'>ox</span> <span class='ocrx_word' id='word_1_2072' title='bbox 1585 3255 1684 3290; x_wconf 86' lang='lat' dir='ltr'>iniquis</span> <span class='ocrx_word' id='word_1_2073' title='bbox 1703 3253 1840 3286; x_wconf 84' lang='lat' dir='ltr'>sumendi,</span> <span class='ocrx_word' id='word_1_2074' title='bbox 1858 3263 1937 3288; x_wconf 88' lang='lat' dir='ltr'>quam</span> <span class='ocrx_word' id='word_1_2075' title='bbox 1956 3254 2075 3287; x_wconf 80' lang='lat' dir='ltr'>Vtrisque</span> <span class='ocrx_word' id='word_1_2076' title='bbox 2094 3263 2124 3280; x_wconf 81' lang='lat' dir='ltr'>ex</span> <span class='ocrx_word' id='word_1_2077' title='bbox 2145 3249 2236 3289; x_wconf 80' lang='lat' dir='ltr'>aequis</span> <span class='ocrx_word' id='word_1_2078' title='bbox 2249 3254 2391 3281; x_wconf 80' lang='lat' dir='ltr'>reiicieiidi</span> 
     </span>
     <span class='ocr_line' id='line_1_210' title="bbox 1350 3293 1595 3330; baseline -0.02 -8"><span class='ocrx_word' id='word_1_2079' title='bbox 1350 3296 1409 3323; x_wconf 81' lang='lat' dir='ltr'>tici-i</span> <span class='ocrx_word' id='word_1_2080' title='bbox 1435 3293 1595 3330; x_wconf 79' lang='lat' dir='ltr'>potestatem.</span> 
     </span>
    </p>
   </div>
   <div class='ocr_carea' id='block_1_64' title="bbox 1347 3396 2421 3919">
    <p class='ocr_par' dir='ltr' id='par_1_76' title="bbox 1347 3396 2421 3893">
     <span class='ocr_line' id='line_1_211' title="bbox 1350 3396 2389 3435; baseline -0.007 -5"><span class='ocrx_word' id='word_1_2081' title='bbox 1350 3404 1391 3435; x_wconf 81' lang='lat' dir='ltr'>ri,</span> <span class='ocrx_word' id='word_1_2082' title='bbox 1408 3412 1463 3429; x_wconf 89' lang='lat' dir='ltr'>non</span> <span class='ocrx_word' id='word_1_2083' title='bbox 1484 3399 1565 3427; x_wconf 85' lang='lat' dir='ltr'>modo</span> <span class='ocrx_word' id='word_1_2084' title='bbox 1587 3396 1742 3428; x_wconf 82' lang='lat' dir='ltr'>reiiciuiidi,</span> <span class='ocrx_word' id='word_1_2085' title='bbox 1759 3397 1801 3422; x_wconf 84' lang='lat' dir='ltr'>sed</span> <span class='ocrx_word' id='word_1_2086' title='bbox 1826 3396 1907 3423; x_wconf 84' lang='lat' dir='ltr'>etiam</span> <span class='ocrx_word' id='word_1_2087' title='bbox 1927 3397 2048 3423; x_wconf 85' lang='lat' dir='ltr'>sumendi</span> <span class='ocrx_word' id='word_1_2088' title='bbox 2067 3403 2203 3426; x_wconf 77' lang='lat' dir='ltr'>aratores;</span> <span class='ocrx_word' id='word_1_2089' title='bbox 2238 3402 2325 3423; x_wconf 86' lang='lat' dir='ltr'>tamen</span> <span class='ocrx_word' id='word_1_2090' title='bbox 2345 3403 2389 3423; x_wconf 83' lang='lat' dir='ltr'>etc.</span> 
     </span>
     <span class='ocr_line' id='line_1_212' title="bbox 1350 3430 2389 3475; baseline -0.005 -11"><span class='ocrx_word' id='word_1_2091' title='bbox 1350 3441 1416 3475; x_wconf 78' lang='lat' dir='ltr'>Ergo</span> <span class='ocrx_word' id='word_1_2092' title='bbox 1430 3438 1524 3464; x_wconf 88' lang='lat' dir='ltr'>Ascoii.</span> <span class='ocrx_word' id='word_1_2093' title='bbox 1540 3433 1645 3461; x_wconf 76' lang='lat' dir='ltr'>Pedian.</span> <span class='ocrx_word' id='word_1_2094' title='bbox 1660 3432 1692 3459; x_wconf 85' lang='lat' dir='ltr'>ad</span> <span class='ocrx_word' id='word_1_2095' title='bbox 1701 3433 1777 3458; x_wconf 87' lang='lat' dir='ltr'>Verr.</span> <span class='ocrx_word' id='word_1_2096' title='bbox 1793 3441 1811 3462; x_wconf 87' lang='lat'>1,</span> <span class='ocrx_word' id='word_1_2097' title='bbox 1827 3442 1840 3463; x_wconf 77' lang='grc'>4</span> <span class='ocrx_word' id='word_1_2098' title='bbox 1852 3441 1874 3458; x_wconf 83' lang='lat' dir='ltr'>c.</span> <span class='ocrx_word' id='word_1_2099' title='bbox 1887 3440 1900 3457; x_wconf 84' lang='lat'>2</span> <span class='ocrx_word' id='word_1_2100' title='bbox 1920 3432 2069 3467; x_wconf 81' lang='lat' dir='ltr'>Diligenter</span> <span class='ocrx_word' id='word_1_2101' title='bbox 2081 3430 2183 3458; x_wconf 65' lang='lat' dir='ltr'>reiectis</span> <span class='ocrx_word' id='word_1_2102' title='bbox 2197 3430 2229 3457; x_wconf 87' lang='lat' dir='ltr'>ab</span> <span class='ocrx_word' id='word_1_2103' title='bbox 2242 3433 2389 3459; x_wconf 85' lang='lat' dir='ltr'>accusatore</span> 
     </span>
     <span class='ocr_line' id='line_1_213' title="bbox 1351 3467 2390 3506; baseline -0.006 -5"><span class='ocrx_word' id='word_1_2104' title='bbox 1351 3473 1499 3504; x_wconf 82' lang='lat' dir='ltr'>iudicibus,</span> <span class='ocrx_word' id='word_1_2105' title='bbox 1536 3469 1659 3496; x_wconf 71' lang='lat' dir='ltr'>Reiec‘tos</span> <span class='ocrx_word' id='word_1_2106' title='bbox 1672 3467 1773 3495; x_wconf 85' lang='lat' dir='ltr'>iudices</span> <span class='ocrx_word' id='word_1_2107' title='bbox 1787 3476 1836 3506; x_wconf 79' lang='lat' dir='ltr'>pro</span> <span class='ocrx_word' id='word_1_2108' title='bbox 1850 3467 1941 3494; x_wconf 69' lang='lat' dir='ltr'>eletSlis</span> <span class='ocrx_word' id='word_1_2109' title='bbox 1955 3468 2069 3502; x_wconf 80' lang='lat' dir='ltr'>intelligi</span> <span class='ocrx_word' id='word_1_2110' title='bbox 2083 3467 2217 3493; x_wconf 84' lang='lat' dir='ltr'>conuenit.</span> <span class='ocrx_word' id='word_1_2111' title='bbox 2263 3468 2305 3494; x_wconf 80' lang='lat' dir='ltr'>Ibi</span> <span class='ocrx_word' id='word_1_2112' title='bbox 2318 3468 2390 3495; x_wconf 83' lang='lat' dir='ltr'>enim</span> 
     </span>
     <span class='ocr_line' id='line_1_214' title="bbox 1805 3496 2390 3543; baseline 0.003 -16"><span class='ocrx_word' id='word_1_2113' title='bbox 1805 3537 1812 3543; x_wconf 52' lang='grc'>·</span> <span class='ocrx_word' id='word_1_2114' title='bbox 2091 3502 2122 3528; x_wconf 90' lang='lat' dir='ltr'>In</span> <span class='ocrx_word' id='word_1_2115' title='bbox 2143 3501 2290 3530; x_wconf 61' lang='lat' dir='ltr'>reiectione</span> <span class='ocrx_word' id='word_1_2116' title='bbox 2302 3496 2390 3530; x_wconf 76' lang='lat' dir='ltr'>auteni</span> 
     </span>
     <span class='ocr_line' id='line_1_215' title="bbox 1350 3537 2421 3574; baseline -0.008 -1"><span class='ocrx_word' id='word_1_2117' title='bbox 1350 3544 1505 3573; x_wconf 87' lang='lat' dir='ltr'>accusatoris</span> <span class='ocrx_word' id='word_1_2118' title='bbox 1518 3543 1559 3569; x_wconf 83' lang='lat' dir='ltr'>vel</span> <span class='ocrx_word' id='word_1_2119' title='bbox 1575 3541 1638 3566; x_wconf 88' lang='lat' dir='ltr'>fidcs</span> <span class='ocrx_word' id='word_1_2120' title='bbox 1654 3539 1826 3566; x_wconf 83' lang='lat' dir='ltr'>accusationis</span> <span class='ocrx_word' id='word_1_2121' title='bbox 1842 3540 1883 3565; x_wconf 83' lang='lat' dir='ltr'>vel</span> <span class='ocrx_word' id='word_1_2122' title='bbox 1898 3538 2129 3574; x_wconf 84' lang='lat' dir='ltr'>praeuaricationis</span> <span class='ocrx_word' id='word_1_2123' title='bbox 2144 3537 2256 3572; x_wconf 80' lang='lat' dir='ltr'>perfidia</span> <span class='ocrx_word' id='word_1_2124' title='bbox 2273 3544 2388 3574; x_wconf 86' lang='lat' dir='ltr'>apparet,</span> <span class='ocrx_word' id='word_1_2125' title='bbox 2420 3546 2421 3550; x_wconf 62' lang='lat'>¹</span> 
     </span>
     <span class='ocr_line' id='line_1_216' title="bbox 1349 3570 2391 3617; baseline -0.008 -9"><span class='ocrx_word' id='word_1_2126' title='bbox 1349 3585 1368 3609; x_wconf 74' lang='lat' dir='ltr'>i.</span> <span class='ocrx_word' id='word_1_2127' title='bbox 1378 3587 1454 3617; x_wconf 81' lang='lat' dir='ltr'>prout</span> <span class='ocrx_word' id='word_1_2128' title='bbox 1465 3578 1593 3614; x_wconf 67' lang='lat' dir='ltr'>accusato»-</span> <span class='ocrx_word' id='word_1_2129' title='bbox 1604 3578 1689 3603; x_wconf 78' lang='lat' dir='ltr'>reiicit</span> <span class='ocrx_word' id='word_1_2130' title='bbox 1704 3576 1743 3600; x_wconf 81' lang='lat' dir='ltr'>vel</span> <span class='ocrx_word' id='word_1_2131' title='bbox 1756 3575 1829 3600; x_wconf 70' lang='lat' dir='ltr'>bonos</span> <span class='ocrx_word' id='word_1_2132' title='bbox 1848 3578 1931 3606; x_wconf 72' lang='lat' dir='ltr'>uiros,</span> <span class='ocrx_word' id='word_1_2133' title='bbox 1951 3577 1991 3601; x_wconf 77' lang='lat' dir='ltr'>vel</span> <span class='ocrx_word' id='word_1_2134' title='bbox 2002 3572 2138 3610; x_wconf 72' lang='lat' dir='ltr'>fiaspec‘l‘os.</span> <span class='ocrx_word' id='word_1_2135' title='bbox 2179 3574 2237 3600; x_wconf 57' lang='lat' dir='ltr'>lsi-l.</span> <span class='ocrx_word' id='word_1_2136' title='bbox 2256 3570 2391 3602; x_wconf 51' lang='lat' dir='ltr'>SVBSORss</span> 
     </span>
     <span class='ocr_line' id='line_1_217' title="bbox 1353 3607 2392 3647; baseline -0.001 -10"><span class='ocrx_word' id='word_1_2137' title='bbox 1353 3622 1458 3645; x_wconf 65' lang='lat' dir='ltr'>T1T10,</span> <span class='ocrx_word' id='word_1_2138' title='bbox 1655 3608 1676 3647; x_wconf 58' lang='lat' dir='ltr'>fl</span> <span class='ocrx_word' id='word_1_2139' title='bbox 1711 3619 1723 3642; x_wconf 77' lang='lat'>3</span> <span class='ocrx_word' id='word_1_2140' title='bbox 1762 3611 1887 3636; x_wconf 73' lang='lat' dir='ltr'>formulae</span> <span class='ocrx_word' id='word_1_2141' title='bbox 1906 3611 2023 3645; x_wconf 59' lang='grc' dir='ltr'>ὦμεν-[ᾖε.</span> <span class='ocrx_word' id='word_1_2142' title='bbox 2058 3609 2114 3634; x_wconf 79' lang='lat' dir='ltr'>Cic.</span> <span class='ocrx_word' id='word_1_2143' title='bbox 2136 3609 2206 3635; x_wconf 85' lang='lat' dir='ltr'>Fani.</span> <span class='ocrx_word' id='word_1_2144' title='bbox 2227 3619 2265 3642; x_wconf 90' lang='lat'>10,</span> <span class='ocrx_word' id='word_1_2145' title='bbox 2278 3613 2304 3636; x_wconf 87' lang='lat'>16</span> <span class='ocrx_word' id='word_1_2146' title='bbox 2340 3607 2392 3636; x_wconf 65' lang='lat' dir='ltr'>Tu&#39;</span> 
     </span>
     <span class='ocr_line' id='line_1_218' title="bbox 1352 3640 2391 3687; baseline -0.006 -10"><span class='ocrx_word' id='word_1_2147' title='bbox 1352 3657 1512 3687; x_wconf 83' lang='lat' dir='ltr'>quamquam</span> <span class='ocrx_word' id='word_1_2148' title='bbox 1526 3646 1637 3674; x_wconf 82' lang='lat' dir='ltr'>consilio</span> <span class='ocrx_word' id='word_1_2149' title='bbox 1652 3655 1705 3673; x_wconf 91' lang='lat' dir='ltr'>non</span> <span class='ocrx_word' id='word_1_2150' title='bbox 1720 3654 1793 3679; x_wconf 76' lang='lat' dir='ltr'>cge5‚</span> <span class='ocrx_word' id='word_1_2151' title='bbox 1814 3646 1856 3672; x_wconf 81' lang='lat' dir='ltr'>vel</span> <span class='ocrx_word' id='word_1_2152' title='bbox 1871 3645 1987 3672; x_wconf 84' lang='lat' dir='ltr'>abundas</span> <span class='ocrx_word' id='word_1_2153' title='bbox 2001 3643 2103 3678; x_wconf 87' lang='lat' dir='ltr'>potius,</span> <span class='ocrx_word' id='word_1_2154' title='bbox 2124 3651 2211 3671; x_wconf 83' lang='lat' dir='ltr'>tamen</span> <span class='ocrx_word' id='word_1_2155' title='bbox 2230 3645 2281 3672; x_wconf 89' lang='lat' dir='ltr'>hoc</span> <span class='ocrx_word' id='word_1_2156' title='bbox 2299 3640 2391 3671; x_wconf 57' lang='lat' dir='ltr'>animo⁴</span> 
     </span>
     <span class='ocr_line' id='line_1_219' title="bbox 1877 3680 2390 3714; baseline -0.002 -6"><span class='ocrx_word' id='word_1_2157' title='bbox 1877 3690 1944 3708; x_wconf 84' lang='lat' dir='ltr'>neue</span> <span class='ocrx_word' id='word_1_2158' title='bbox 1958 3681 1986 3706; x_wconf 89' lang='lat' dir='ltr'>in</span> <span class='ocrx_word' id='word_1_2159' title='bbox 2001 3680 2078 3705; x_wconf 78' lang='lat' dir='ltr'>rebus</span> <span class='ocrx_word' id='word_1_2160' title='bbox 2096 3686 2149 3706; x_wconf 85' lang='lat' dir='ltr'>tani</span> <span class='ocrx_word' id='word_1_2161' title='bbox 2160 3681 2269 3713; x_wconf 87' lang='lat' dir='ltr'>subitis,</span> <span class='ocrx_word' id='word_1_2162' title='bbox 2283 3681 2390 3714; x_wconf 74' lang='lat' dir='ltr'>tamque.</span> 
     </span>
     <span class='ocr_line' id='line_1_220' title="bbox 1351 3716 2392 3757; baseline -0.007 -8"><span class='ocrx_word' id='word_1_2163' title='bbox 1351 3722 1465 3757; x_wconf 83' lang='lat' dir='ltr'>angustis</span> <span class='ocrx_word' id='word_1_2164' title='bbox 1484 3729 1499 3746; x_wconf 89' lang='lat' dir='ltr'>a</span> <span class='ocrx_word' id='word_1_2165' title='bbox 1522 3719 1615 3745; x_wconf 83' lang='lat' dir='ltr'>Senatu</span> <span class='ocrx_word' id='word_1_2166' title='bbox 1636 3716 1773 3743; x_wconf 83' lang='lat' dir='ltr'>confilium</span> <span class='ocrx_word' id='word_1_2167' title='bbox 1788 3718 1926 3751; x_wconf 86' lang='lat' dir='ltr'>petendum</span> <span class='ocrx_word' id='word_1_2168' title='bbox 1940 3721 2023 3750; x_wconf 89' lang='lat' dir='ltr'>putes.</span> <span class='ocrx_word' id='word_1_2169' title='bbox 2131 3717 2161 3742; x_wconf 88' lang='lat' dir='ltr'>Iu</span> <span class='ocrx_word' id='word_1_2170' title='bbox 2175 3717 2289 3743; x_wconf 87' lang='lat' dir='ltr'>mensem</span> <span class='ocrx_word' id='word_1_2171' title='bbox 2305 3716 2392 3749; x_wconf 61' lang='lat' dir='ltr'>Quin&lt;</span> 
     </span>
     <span class='ocr_line' id='line_1_221' title="bbox 1351 3749 2388 3787; baseline -0.008 -2"><span class='ocrx_word' id='word_1_2172' title='bbox 1351 3759 1441 3786; x_wconf 66' lang='lat' dir='ltr'>&amp;ilem</span> <span class='ocrx_word' id='word_1_2173' title='bbox 1454 3753 1548 3783; x_wconf 66' lang='lat' dir='ltr'>reiecti</span> <span class='ocrx_word' id='word_1_2174' title='bbox 1564 3755 1651 3780; x_wconf 89' lang='lat' dir='ltr'>sumus</span> <span class='ocrx_word' id='word_1_2175' title='bbox 1680 3752 1737 3778; x_wconf 89' lang='lat' dir='ltr'>Cic.</span> <span class='ocrx_word' id='word_1_2176' title='bbox 1752 3753 1804 3779; x_wconf 90' lang='lat' dir='ltr'>Att.</span> <span class='ocrx_word' id='word_1_2177' title='bbox 1821 3762 1838 3785; x_wconf 90' lang='lat' dir='ltr'>i,</span> <span class='ocrx_word' id='word_1_2178' title='bbox 1852 3763 1879 3787; x_wconf 87' lang='lat'>4.</span> <span class='ocrx_word' id='word_1_2179' title='bbox 1952 3750 2025 3784; x_wconf 77' lang='lat' dir='ltr'>Coiif.</span> <span class='ocrx_word' id='word_1_2180' title='bbox 2040 3749 2113 3777; x_wconf 85' lang='lat' dir='ltr'>Idem</span> <span class='ocrx_word' id='word_1_2181' title='bbox 2127 3751 2162 3777; x_wconf 70' lang='lat' dir='ltr'>ad</span> <span class='ocrx_word' id='word_1_2182' title='bbox 2173 3752 2266 3785; x_wconf 77' lang='lat' dir='ltr'>Qiint.</span> <span class='ocrx_word' id='word_1_2183' title='bbox 2279 3752 2321 3779; x_wconf 89' lang='lat' dir='ltr'>Fr.</span> <span class='ocrx_word' id='word_1_2184' title='bbox 2337 3761 2357 3782; x_wconf 85' lang='lat'>2,</span> <span class='ocrx_word' id='word_1_2185' title='bbox 2369 3759 2388 3777; x_wconf 86' lang='lat'>1.</span> 
     </span>
     <span class='ocr_line' id='line_1_222' title="bbox 1351 3787 2386 3824; baseline -0.01 -3"><span class='ocrx_word' id='word_1_2186' title='bbox 1351 3795 1407 3821; x_wconf 82' lang='lat' dir='ltr'>Cic.</span> <span class='ocrx_word' id='word_1_2187' title='bbox 1423 3794 1476 3819; x_wconf 84' lang='lat' dir='ltr'>Att.</span> <span class='ocrx_word' id='word_1_2188' title='bbox 1489 3800 1514 3824; x_wconf 88' lang='lat'>9,</span> <span class='ocrx_word' id='word_1_2189' title='bbox 1529 3798 1552 3822; x_wconf 75' lang='grc'>1,-</span> <span class='ocrx_word' id='word_1_2190' title='bbox 1576 3789 1624 3815; x_wconf 87' lang='lat' dir='ltr'>Sed</span> <span class='ocrx_word' id='word_1_2191' title='bbox 1639 3797 1671 3814; x_wconf 87' lang='lat' dir='ltr'>ne</span> <span class='ocrx_word' id='word_1_2192' title='bbox 1691 3788 1733 3814; x_wconf 88' lang='lat' dir='ltr'>bis</span> <span class='ocrx_word' id='word_1_2193' title='bbox 1746 3788 1836 3814; x_wconf 85' lang='lat' dir='ltr'>cadem</span> <span class='ocrx_word' id='word_1_2194' title='bbox 1850 3789 1936 3822; x_wconf 85' lang='lat' dir='ltr'>legas,</span> <span class='ocrx_word' id='word_1_2195' title='bbox 1955 3787 1985 3812; x_wconf 87' lang='lat' dir='ltr'>ad</span> <span class='ocrx_word' id='word_1_2196' title='bbox 2000 3787 2080 3819; x_wconf 88' lang='lat' dir='ltr'>ipsam</span> <span class='ocrx_word' id='word_1_2197' title='bbox 2094 3794 2119 3813; x_wconf 85' lang='lat' dir='ltr'>tc</span> <span class='ocrx_word' id='word_1_2198' title='bbox 2132 3787 2269 3821; x_wconf 80' lang='lat' dir='ltr'>epistolam</span> <span class='ocrx_word' id='word_1_2199' title='bbox 2285 3787 2386 3815; x_wconf 86' lang='lat' dir='ltr'>reiicio.</span> 
     </span>
     <span class='ocr_line' id='line_1_223' title="bbox 1347 3821 2388 3861; baseline -0.008 -5"><span class='ocrx_word' id='word_1_2200' title='bbox 1347 3834 1367 3856; x_wconf 85' lang='lat' dir='ltr'>i.</span> <span class='ocrx_word' id='word_1_2201' title='bbox 1382 3832 1497 3859; x_wconf 78' lang='lat' dir='ltr'>remitto,</span> <span class='ocrx_word' id='word_1_2202' title='bbox 1513 3826 1591 3861; x_wconf 77' lang='lat' dir='ltr'>legere</span> <span class='ocrx_word' id='word_1_2203' title='bbox 1603 3832 1626 3850; x_wconf 82' lang='lat' dir='ltr'>te</span> <span class='ocrx_word' id='word_1_2204' title='bbox 1639 3822 1763 3858; x_wconf 75' lang='lat' dir='ltr'>epistolam</span> <span class='ocrx_word' id='word_1_2205' title='bbox 1775 3827 1838 3850; x_wconf 70' lang='lat' dir='ltr'>volo.</span> <span class='ocrx_word' id='word_1_2206' title='bbox 1942 3821 1969 3847; x_wconf 84' lang='lat' dir='ltr'>Si</span> <span class='ocrx_word' id='word_1_2207' title='bbox 1983 3821 2033 3847; x_wconf 83' lang='lat' dir='ltr'>liuc</span> <span class='ocrx_word' id='word_1_2208' title='bbox 2047 3828 2072 3848; x_wconf 86' lang='lat' dir='ltr'>te</span> <span class='ocrx_word' id='word_1_2209' title='bbox 2085 3823 2174 3849; x_wconf 82' lang='lat' dir='ltr'>reiicis</span> <span class='ocrx_word' id='word_1_2210' title='bbox 2202 3822 2275 3850; x_wconf 84' lang='lat' dir='ltr'>Balb.</span> <span class='ocrx_word' id='word_1_2211' title='bbox 2287 3823 2321 3851; x_wconf 75' lang='lat' dir='ltr'>acl</span> <span class='ocrx_word' id='word_1_2212' title='bbox 2331 3822 2388 3848; x_wconf 73' lang='lat' dir='ltr'>Cic.v</span> 
     </span>
     <span class='ocr_line' id='line_1_224' title="bbox 2137 3858 2387 3893; baseline -0.012 -8"><span class='ocrx_word' id='word_1_2213' title='bbox 2137 3858 2198 3886; x_wconf 88' lang='lat' dir='ltr'>Liu.</span> <span class='ocrx_word' id='word_1_2214' title='bbox 2211 3868 2234 3893; x_wconf 85' lang='lat'>3,</span> <span class='ocrx_word' id='word_1_2215' title='bbox 2251 3867 2275 3892; x_wconf 82' lang='lat'>13</span> <span class='ocrx_word' id='word_1_2216' title='bbox 2314 3859 2387 3885; x_wconf 51' lang='lat' dir='ltr'>Sum-¹</span> 
     </span>
    </p>

    <p class='ocr_par' dir='ltr' id='par_1_77' title="bbox 2318 3899 2386 3919">
     <span class='ocr_line' id='line_1_225' title="bbox 2318 3899 2386 3919; baseline -0.015 0"><span class='ocrx_word' id='word_1_2217' title='bbox 2318 3899 2386 3919; x_wconf 80' lang='lat' dir='ltr'>mam</span> 
     </span>
    </p>
   </div>
   <div class='ocr_carea' id='block_1_65' title="bbox 1300 3288 2434 3396">
    <p class='ocr_par' dir='ltr' id='par_1_78' title="bbox 1300 3288 2434 3396">
     <span class='ocr_line' id='line_1_226' title="bbox 1667 3288 2434 3330; baseline 0.003 -16"><span class='ocrx_word' id='word_1_2218' title='bbox 1667 3290 1718 3324; x_wconf 56' lang='lat' dir='ltr'>Qu*</span> <span class='ocrx_word' id='word_1_2219' title='bbox 1743 3293 1807 3330; x_wconf 56' lang='lat' dir='ltr'>enim</span> <span class='ocrx_word' id='word_1_2220' title='bbox 1832 3293 1931 3320; x_wconf 71' lang='lat' dir='ltr'>reiicit,</span> <span class='ocrx_word' id='word_1_2221' title='bbox 1948 3292 1970 3315; x_wconf 80' lang='lat' dir='ltr'>is</span> <span class='ocrx_word' id='word_1_2222' title='bbox 1993 3297 2099 3316; x_wconf 70' lang='lat' dir='ltr'>caeteros</span> <span class='ocrx_word' id='word_1_2223' title='bbox 2121 3289 2188 3326; x_wconf 69' lang='lat' dir='ltr'>quusi</span> <span class='ocrx_word' id='word_1_2224' title='bbox 2207 3288 2294 3315; x_wconf 62' lang='lat' dir='ltr'>eled-&#39;hs</span> <span class='ocrx_word' id='word_1_2225' title='bbox 2302 3290 2390 3325; x_wconf 61' lang='lat' dir='ltr'>sumit}</span> <span class='ocrx_word' id='word_1_2226' title='bbox 2430 3306 2434 3311; x_wconf 93' lang='lat'>·</span> 
     </span>
     <span class='ocr_line' id='line_1_227' title="bbox 1300 3325 2390 3366; baseline -0.005 -9"><span class='ocrx_word' id='word_1_2227' title='bbox 1300 3334 1335 3359; x_wconf 77' lang='lat'>50</span> <span class='ocrx_word' id='word_1_2228' title='bbox 1349 3333 1390 3359; x_wconf 86' lang='lat' dir='ltr'>Sic</span> <span class='ocrx_word' id='word_1_2229' title='bbox 1403 3331 1457 3358; x_wconf 88' lang='lat' dir='ltr'>Cic.</span> <span class='ocrx_word' id='word_1_2230' title='bbox 1471 3330 1547 3356; x_wconf 82' lang='lat' dir='ltr'>Verr.</span> <span class='ocrx_word' id='word_1_2231' title='bbox 1562 3336 1584 3360; x_wconf 78' lang='lat'>3,</span> <span class='ocrx_word' id='word_1_2232' title='bbox 1598 3334 1626 3358; x_wconf 74' lang='lat'>32</span> <span class='ocrx_word' id='word_1_2233' title='bbox 1641 3335 1662 3366; x_wconf 73' lang='lat' dir='ltr'>c.</span> <span class='ocrx_word' id='word_1_2234' title='bbox 1679 3333 1701 3357; x_wconf 78' lang='lat'>13</span> <span class='ocrx_word' id='word_1_2235' title='bbox 1730 3325 1757 3351; x_wconf 86' lang='lat' dir='ltr'>Si</span> <span class='ocrx_word' id='word_1_2236' title='bbox 1769 3333 1801 3350; x_wconf 78' lang='lat' dir='ltr'>ex</span> <span class='ocrx_word' id='word_1_2237' title='bbox 1814 3326 1890 3351; x_wconf 88' lang='lat' dir='ltr'>omni</span> <span class='ocrx_word' id='word_1_2238' title='bbox 1904 3325 1978 3364; x_wconf 85' lang='lat' dir='ltr'>copia</span> <span class='ocrx_word' id='word_1_2239' title='bbox 1991 3332 2135 3352; x_wconf 86' lang='lat' dir='ltr'>conuentus</span> <span class='ocrx_word' id='word_1_2240' title='bbox 2146 3325 2296 3358; x_wconf 82' lang='lat' dir='ltr'>Syracusani</span> <span class='ocrx_word' id='word_1_2241' title='bbox 2309 3326 2390 3360; x_wconf 89' lang='lat' dir='ltr'>splen-</span> 
     </span>
     <span class='ocr_line' id='line_1_228' title="bbox 1349 3360 2434 3396; baseline -0.005 -3"><span class='ocrx_word' id='word_1_2242' title='bbox 1349 3367 1538 3394; x_wconf 80' lang='lat' dir='ltr'>didiffimorum</span> <span class='ocrx_word' id='word_1_2243' title='bbox 1552 3360 1845 3395; x_wconf 82' lang='lat' dir='ltr'>honestiffiniorumque</span> <span class='ocrx_word' id='word_1_2244' title='bbox 1858 3360 1998 3387; x_wconf 87' lang='lat' dir='ltr'>hominum</span> <span class='ocrx_word' id='word_1_2245' title='bbox 2012 3361 2112 3388; x_wconf 84' lang='lat' dir='ltr'>faceres</span> <span class='ocrx_word' id='word_1_2246' title='bbox 2131 3360 2282 3396; x_wconf 80' lang='lat' dir='ltr'>potestatem</span> <span class='ocrx_word' id='word_1_2247' title='bbox 2304 3361 2389 3388; x_wconf 84' lang='lat' dir='ltr'>ai·ato-&#39;</span> <span class='ocrx_word' id='word_1_2248' title='bbox 2430 3372 2434 3376; x_wconf 95' lang='lat'>·</span> 
     </span>
    </p>
   </div>
  </div>
 </body>
</html>
