2434 4156
224 122 281 158 „9
613 96 888 136 REF

224 195 259 222 ris
275 186 366 218 saeculi
381 184 468 217 male,
487 185 582 212 inertia
597 189 623 210 et
638 184 811 211 contumacia.
866 182 992 208 Animum
1009 180 1085 215 Apul.
1100 179 1164 206 Met.
1180 188 1204 213 p.
1216 182 1258 213 61,

222 238 240 263 7
262 227 324 252 Flor.
394 221 469 254 Ignes
482 219 584 255 tepidos
599 220 733 246 refouerat
747 217 829 246 Ouid.
844 218 936 244 Amor.
949 226 971 249 ε,
987 225 1024 250 19,
1040 224 1073 249 15.
1216 247 1222 253 .

255 257 451 288 iii—:F6Tvs,
471 265 500 288 a,
518 265 572 281 um.
599 255 691 281 Partic.
727 255 795 280 Suet.
810 253 913 280 Neron.
931 263 953 280 c.
967 262 995 285 27
1022 251 1133 279 Refotus
1155 249 1256 282 saepius

509 291 619 317 Animus
632 291 733 316 refotus
751 289 818 315 Gell.
836 297 870 321 15,
883 297 907 315 2.

621 325 673 351 vicl.
712 330 928 351 REFRiNGo.

761 357 1081 395 [οἷναχα1τίέω,εἶναςέλλω]
1103 356 1180 381 Frena
1194 353 1261 380 cobi-

221 293 310 321 calidis
324 292 439 325 piscinis.

255 332 585 356 REFRACTARivs‚

253 361 499 395 RrrRAssNo,fiue
513 365 733 392 mmmmm-e.

217 398 405 430 bemmatis-cere,
417 397 549 424 retrahere.
593 395 922 429 Vt‚Refrenarelibidines
940 395 997 420 Cic.
1006 394 1033 419 in
1042 391 1129 417 Parad.
1140 399 1188 423 5‚1.
1227 390 1259 415 Et

217 433 250 461 de
265 435 333 468 Lege
348 435 439 468 Agrar.
455 441 480 465 2,
495 441 529 466 54
552 433 577 458 O
591 432 731 459 libidinem
756 431 948 458 refrenandam.
1041 427 1098 453 Cic.
1120 426 1151 452 de
1166 425 1258 452 Diuin.

218 478 241 503 a,
253 479 271 503 4
291 470 370 504 Qtod
384 469 455 494 enim
469 477 563 494 munus
583 470 622 495 rei
636 467 755 503 publicae
769 467 860 493 afferre
873 467 956 492 maius
970 463 1099 490 meliusne
1119 463 1259 496 possumus,

219 514 297 540 quam
313 505 330 531 si
343 505 466 531 docemus
478 511 556 538 atque
569 504 703 530 erudimus
718 504 882 529 iuuentutem
891 522 899 534 ‚
921 501 960 527 his
975 498 1127 533 praesertim
1141 497 1261 524 moribus
1281 512 1311 531 ιο
1327 505 1400 536 gram
1412 499 1443 525 ad
1456 500 1492 526 M.
1506 501 1645 528 Metellum
1657 510 1805 536 praetorem
1820 502 1867 528 esse
1881 508 2028 530 venturam.

217 547 296 576 atquc
310 539 491 574 temporibus,
510 539 606 574 quibus
621 541 658 566 ita
673 539 793 574 prolapsa
806 539 857 571 est,
876 545 904 564 vt
918 536 1038 562 onmium
1058 533 1153 568 opibus
1178 532 1260 559 refre-

218 576 302 604 nanda
316 585 345 602 ac
360 578 502 602 coercenda
516 575 553 601 lit.
662 576 750 609 Aquas
770 575 901 603 refrenat,
929 570 1091 604 obliquaque
1108 569 1217 595 flumina
1230 567 1259 593 si-

218 612 261 639 stit
278 612 365 638 Medea
381 611 462 637 Ouid.
476 611 554 645 Epist.
567 613 601 644 6,
623 615 663 646 87.
772 610 917 636 Licentiam
942 604 1102 631 indomitam
1125 605 1261 632 refrenare

218 648 286 674 Hor.
312 647 400 673 Carni.
419 655 442 678 3,
457 655 505 679 24,
522 655 559 679 19.
666 646 770 672 Morsus
802 645 919 672 refrenat
949 641 1085 675 voluptas,
1114 644 1132 667 i.
1151 642 1263 675 Mitigat

217 683 321 709 Lucret.
337 691 363 715 4,
381 689 454 716 1079.
1236 675 1240 679 “

215 718 390 745 adolescentes
414 716 565 743 refrenandi
594 717 682 750 potius
713 725 727 742 a
760 716 861 751 gloria,
886 722 965 747 quam
992 712 1121 739 incitandi
1142 712 1262 738 fuerunt.

217 755 273 781 Cic.
287 753 399 787 Philipp.
416 761 448 784 ii,
462 763 480 785 4
501 753 522 777 A
535 753 667 786 progressu
681 752 779 784 arcuit,
806 760 821 777 a
839 749 926 776 reditu
939 748 1097 775 refrenauit.
1205 747 1261 772 Me-

216 790 287 825 taph.
322 789 427 814 Lucret.
441 796 459 819 i,
471 793 518 820 850
555 803 600 808 ——-
637 788 733 822 Neque
746 787 779 813 ab
792 786 876 812 exitio
889 794 929 811 res
942 784 996 811 vlla
1010 784 1144 814 refrenat,
1173 785 1192 808 ι’.
1212 789 1263 807 tue-

216 832 275 856 tur,
292 823 412 860 deflna'it.
520 822 608 858 Paffiu.
645 824 749 849 Luci-et.
763 831 791 853 2,
815 826 860 853 283
889 821 921 848 Et
954 819 1073 855 proietS’ta
1106 818 1266 847 refrenatur,

215 866 342 893 retroque
354 857 443 885 residit
456 859 466 884 3
501 860 519 884 i.
537 860 693 894 Reprimitm·
705 859 818 883 materia.

250 902 294 922 RE
308 900 405 921 FREN
415 894 438 920 Ᾰ
448 900 470 921 Τ
483 901 543 926 vs,
567 903 597 926 a,
633 902 686 919 um.
726 891 820 919 Partic.
855 890 1064 927 [οἶναχοιιτιιθεὶς]
1106 890 1141 917 Vt
1151 908 1160 921 ,
1179 887 1262 915 Reni-

216 931 295 966 gione
318 930 464 956 refrenatus
495 930 599 956 Lucrct.
614 936 634 961 5,
651 936 696 960 115.

251 966 467 992 ιιΕΡιιΕΝᾸΤ
480 971 534 996 10,
571 964 639 990 onis.
671 964 691 989 f.
728 963 817 989 Senec.
830 963 862 989 de
875 963 916 989 Ira
938 972 960 994 3,
980 969 1005 994 15
1043 959 1193 988 Necessaria
1223 958 1262 984 est

216 1001 263 1028 ista
282 1000 383 1028 doloris
403 1000 563 1030 refrenatio,
582 999 675 1034 vtique
690 998 740 1025 hoc
753 999 855 1025 sortitis
870 998 941 1024 vitae
953 1006 1050 1031 genus,
1066 1001 1092 1022 ct
1110 994 1142 1022 ad
1160 994 1262 1029 regiam

215 1037 328 1064 mensam
342 1034 477 1061 adhibitis.

249 1078 268 1097 R
277 1077 293 1097 E
302 1077 318 1097 F
328 1077 346 1096 R
356 1071 377 1096 Ᾱ
384 1076 403 1095 G
412 1076 432 1096 O
441 1077 459 1096 R
468 1089 476 1101 ‚
512 1069 563 1096 firi.
600 1070 613 1103 [
619 1069 777 1106 οἷντιπράττω
785 1090 794 1102 ,
821 1067 1034 1103 ἐντιψηφίζομαι]
1070 1068 1197 1095 Sententia
1212 1065 1263 1101 fita

210 1106 356 1142 aduersari,
370 1112 399 1132 vt
418 1105 560 1140 Suffragari
578 1106 746 1141 estscntentia
758 1106 807 1141 sua
823 1108 908 1131 iuuare
927 1106 1040 1139 aliquem.
1113 1101 1161 1130 Sed
1181 1103 1260 1127 latius

211 1142 310 1178 exten-siz
317 1140 503 1178 fignificatione
515 1140 548 1174 cst
561 1146 697 1177 generatim
710 1142 846 1177 aduersari.
882 1141 949 1167 Ptin.
964 1139 1043 1173 Epist.
1056 1147 1079 1171 3,
1094 1147 1121 1170 19
1143 1136 1259 1163 Proinde

211 1178 262 1204 hoc
275 1184 300 1204 te
313 1187 330 1203 n
350 1187 366 1203 n
381 1183 505 1209 moueat,
521 1176 539 1203 si
553 1184 654 1204 caetera
666 1186 720 1204 non
733 1177 916 1211 refragantur,
934 1184 1001 1210 quae
1020 1174 1103 1201 veliin
1123 1181 1201 1207 quam
1221 1171 1260 1198 di-

214 1213 336 1248 ligentiffi
368 1222 381 1239 e
395 1213 536 1239 examines.

210 1249 273 1276 haec
303 1249 417 1275 maxime
446 1248 595 1283 refragetur
618 1249 729 1275 Veneri.
836 1249 892 1276 Cic.
912 1246 1027 1282 Philipp.
1043 1253 1075 1276 ιι,
1089 1254 1123 1271 20
1136 1254 1157 1271 c.
1173 1253 1187 1277 9
1207 1242 1257 1270 Etsi

213 1286 272 1319 quis
286 1284 368 1318 potest
382 1284 510 1318 refragari
524 1293 578 1310 non
591 1284 674 1310 modo
687 1293 742 1311 non
762 1284 879 1318 petenti,
895 1292 991 1310 verum
1008 1282 1088 1309 etiam
1112 1280 1260 1307 recusanti?

209 1321 265 1348 Lex
278 1319 402 1353 petitioni
416 1319 546 1352 refragata
564 1319 600 1345 est
621 1320 677 1347 Cic.
692 1329 741 1354 pro
754 1321 826 1347 Mur.
840 1326 877 1355 47
891 1328 957 1352 c.23.
1064 1315 1204 1350 Ingenium
1217 1315 1260 1341 illi

209 1356 359 1388 refragatur
378 1353 508 1386 Quinctil.
523 1362 561 1386 10,
574 1356 600 1380 6.
798 1353 819 1391 ff
841 1364 853 1381 2
878 1355 1036 1389 Refragare,
1051 1352 1158 1388 positum
1170 1353 1259 1378 volunt

206 1398 256 1427 pro
271 1390 430 1424 Suffragari,
449 1389 599 1424 laudantque
611 1388 735 1415 (iussorem
754 1389 828 1415 Non.
843 1397 870 1423 7,
884 1399 896 1415 2
914 1394 1045 1428 quinporro
1056 1391 1139 1413 vritur
1152 1384 1259 1425 testima-
1276 1399 1305 1425 35

210 1429 251 1453 nio
287 1426 408 1452 Sisennae
423 1433 456 1452 22
482 1424 562 1451 Multi
578 1424 679 1459 populi,
694 1424 824 1458 plurimae
841 1425 978 1449 concionis
992 1423 1157 1448 Dictaturam
1170 1430 1257 1446 omni-

210 1461 258 1489 bus
280 1461 376 1488 animis
396 1465 422 1487 et
441 1459 531 1486 studiis
552 1461 739 1494 refragaueie,
761 1463 779 1486 i.
793 1459 937 1495 Siffragati
944 1458 1016 1494 sum.
1089 1455 1136 1483 Sed
1148 1456 1258 1481 Mercer.

211 1507 235 1532 p.
251 1500 312 1530 468,
327 1505 355 1523 12
385 1495 599 1530 Suffragauerunt
617 1497 679 1531 legit
692 1506 699 1520 .-
736 1502 759 1521 νε
773 1502 877 1530 apparet
893 1495 937 1521 hoc
949 1501 1000 1520 toto
1012 1494 1094 1532 capite
1107 1491 1174 1517 nihil
1190 1488 1262 1516 aliud

209 1536 254 1569 «igi
261 1553 269 1564 ‚
289 1541 361 1568 quam
375 1539 404 1558 vt
416 1530 572 1564 ostendatur,
586 1540 678 1567 genera
689 1531 818 1557 verborum
830 1529 968 1566 confundi,
987 1528 1079 1564 paffiue
1088 1529 1152 1561 poni
1164 1525 1260 1555 aHiua,

209 1576 234 1595 et
247 1576 343 1595 contra.
380 1569 465 1594 Potuit
477 1576 534 1603 ergo
548 1567 588 1593 hic
603 1570 677 1593 ceiam
691 1567 816 1593 turbatum
825 1565 867 1598 eſje
881 1564 979 1600 aliquid
990 1566 1030 1590 vel
1042 1561 1161 1596 omifficm.
1200 1562 1259 1587 Non
1269 1571 1312 1596 40

208 1604 311 1631 videtur
323 1604 364 1630 vel
379 1604 492 1634 Nonius,
519 1603 559 1629 uel
568 1605 713 1638 quisquam,
733 1606 773 1628 cui
780 1600 868 1637 peflus
873 1601 963 1637 sapiat
968 1619 977 1633 ,
996 1597 1129 1633 refragari
1137 1604 1188 1633 pro
1201 1595 1260 1622 Suf-

210 1639 309 1674 fragari
319 1638 423 1675 positum
435 1648 451 1664 a
459 1638 580 1674 prudenti
583 1639 710 1674 scriptore
723 1637 872 1671 existimare.

437 1676 447 1678 “
622 1674 626 1678 ”
689 1682 725 1699 m.
761 1673 880 1700 Tertull.
896 1671 956 1698 adu.
970 1669 1061 1696 Gnost.
1075 1677 1097 1694 c.
1113 1677 1124 1695 1
1161 1667 1262 1693 Omnes

248 1679 555 1706 REFRAGATOR,
586 1676 650 1700 oris.

813 1706 946 1734 Accrrimi
959 1705 1069 1731 fuerunt
1081 1710 1106 1730 et
1119 1701 1262 1738 potentissi-

207 1711 398 1742 martyriormn
410 1710 584 1743 refragatores
596 1708 737 1735 ebulliunt.

557 681 613 707 Cic.
628 689 675 715 pro
690 681 761 708 Cael.
774 684 809 715 76
830 690 851 706 c.
865 688 889 711 31
926 677 1032 718 Semper
1043 685 1138 710 magno
1153 676 1262 709 ingenio
1283 692 1308 719 ις
1328 675 1422 709 gressus
1434 675 1478 701 est.

1281 1044 1313 1071 25
1320 1032 1378 1068 sum
1392 1031 1442 1065 ff·

1738 91 1995 134 REF

1515 182 1544 208 Si
1560 180 1701 215 temperari
1720 180 1844 207 balneum
1857 182 1929 217 cupis
1943 183 2065 218 feruens,

1516 217 1649 247 Faustine,
1674 216 1744 250 quod
1757 216 1801 243 vix
1815 216 1931 244 Iulianus
1944 219 2073 254 intraret,

1518 253 1592 287 Roga
1604 253 1706 279 lauetur
1719 252 1853 278 rhetorem
1870 252 2022 282 Sabineium:

1519 288 1684 315 Neronianas
1697 288 1718 314 is
1730 288 1869 322 refrigerat
1887 287 2010 317 thermas.

2294 111 2358 149 120

1282 332 1298 359 ς
1362 326 1383 348 ιι
1393 328 1410 349 E
1420 328 1436 349 F
1446 328 1464 349 ιι
1474 330 1483 349 1
1494 328 1515 350 G
1528 331 1543 350 E
1553 326 1628 351 ιιᾹΤ
1640 330 1661 350 v
1672 331 1700 355 s,
1720 332 1734 350 a
1744 344 1752 356 ,
1771 333 1824 350 um.
1844 324 1936 350 Partic.
1972 325 2164 361 [ἐναψυχθεὶς]
2199 325 2266 353 Plin.
2287 334 2322 359 12,
2336 335 2361 361 ις

1326 357 1435 389 Myrrha
1466 360 1564 386 melior
1593 359 1681 386 radice
1707 360 1870 394 refrigerata.
1985 362 2042 388 Cic.
2061 362 2092 388 de
2115 363 2178 388 Nat.
2199 362 2281 388 Deor.
2298 371 2362 397 r,24

1327 393 1401 433 Qiae
1421 393 1438 419 si
1460 394 1572 422 mundus
1593 395 1628 421 est
1652 394 1731 427 deus,
1751 395 1877 430 quoniam
1889 394 1982 422 mundi
1995 403 2079 432 partes
2092 398 2165 429 sunt,
2186 396 2230 423 dei
2244 398 2361 425 membra

1327 434 1422 460 partim
1434 428 1561 462 ardentia,
1581 430 1676 465 partim
1689 431 1846 465 refrigerata
1858 429 1966 456 dicenda
1980 432 2046 459 sunt.
2151 432 2293 467 Metaphor.
2306 433 2361 461 Cic.

1327 462 1383 489 Act.
1398 472 1407 490 i
1422 465 1498 492 Verr.
1510 474 1534 498 31
1549 476 1570 492 c.
1584 475 1613 493 io
1641 467 1681 493 Ita
1699 466 1793 493 defessa
1812 475 1840 493 ac
1860 466 2014 500 refrigerata
2032 468 2197 495 accusatione
2216 477 2272 495 rem
2298 468 2363 495 inte-

1444 535 1449 540 ·
2134 504 2219 530 Amor
2232 503 2364 531 inuentio-

1327 541 1368 558 nis
1386 534 1710 577 refrigerat-uchiinEtil.
1730 537 1809 573 Epist.
1830 547 1856 564 n.
1871 546 1891 564 2.
1995 538 2120 566 Sermone
2136 538 2264 566 leuissimo
2277 537 2363 565 homi-

1327 576 1392 609 num
1414 572 1619 603 prouincialium
1643 573 1802 608 refrigerato
1828 574 1885 601 Cic.
1898 573 1968 600 Fam.
1982 582 2006 606 3,
2020 579 2041 604 8.
2144 575 2323 609 Refrigeratus
2334 584 2363 601 ex

1320 602 1504 646 Jigyzificatione
1518 607 1651 649 Frigoris,
1668 618 1739 645 quam
1752 609 1839 636 damus
1852 619 1876 635 n.
1886 620 1912 643 5,
1926 608 1974 642 est,
1991 618 2059 645 quem
2072 619 2120 636 non
2134 617 2228 636 attente
2239 618 2287 635 non
2300 612 2364 645 eupi-

1328 638 1356 665 de
1370 638 1475 666 audiunt
1486 642 1602 669 homines.
1692 645 1799 672 Sueton.
1818 645 1911 672 Claud.
1933 654 1954 671 c.
1971 654 2000 678 4¹
2036 645 2184 672 Historiam
2197 645 2311 671 scribere
2323 646 2364 672 ad-

1422 710 1427 714 .
1532 678 1562 718 lit
1576 688 1656 713 quum
1670 681 1785 714 primum
1798 681 1933 714 frequenti
1944 680 2079 707 auditorio
2091 681 2272 713 commisisset,
2288 689 2364 715 aegre

1328 710 1457 751 perlegit,
1476 712 1644 755 refrigeratus
1657 716 1732 750 saepe
1745 725 1759 743 a
1772 717 1922 751 semetipso.
1958 717 2027 743 Nam
2042 725 2124 750 quum
2136 717 2220 743 initio
2232 716 2363 743 recitatio-

1327 754 1368 787 nis
1381 745 1504 773 defractis
1516 749 1695 783 compluribus
1708 751 1836 778 subselliis
1856 752 1984 779 obesitate
2000 751 2151 785 cuiusdam,
2171 753 2238 779 risus
2259 757 2365 778 exortus

1328 783 1388 808 eflet
1403 792 1409 807 ι
1445 790 1478 822 ne
1501 782 1714 825 sedato-quidem
1737 787 1853 815 tumultu
1871 794 2019 822 temperare
2040 788 2144 822 potuit,
2161 788 2228 822 quin
2242 796 2274 814 ex
2286 788 2365 814 inter-

1328 818 1401 844 vallo
1415 816 1525 844 subinde
1538 819 1602 846 facin
1615 822 1842 856 reminisceretur,
1861 823 2055 858 cachinnosque
2067 830 2213 850 reuocaret.
2290 822 2365 850 Auci.

1278 868 1314 887 20
1329 853 1408 879 Vitae
1422 854 1539 886 Lucani,
1558 856 1641 889 Aegre
1652 856 1755 890 ferens,
1771 859 1897 886 recitante
1910 860 1949 890 se,
1969 859 2059 885 subito
2073 868 2102 885 ac
2115 859 2204 892 nulla,
2221 858 2270 885 nisi
2291 857 2367 885 refri-

1329 889 1436 929 gerandi
1460 890 1515 931 sui,
1531 892 1604 917 causa
1622 891 1725 919 indicto
1744 893 1856 927 Senatu,
1875 894 2012 922 Neronem
2025 894 2144 922 recessisse
2159 901 2205 921 ete.
2277 893 2324 921 Sed
2335 893 2368 920 ad

1327 926 1411 959 frigus
1424 928 1565 966 amicitiae,
1584 926 1611 967 de
1624 936 1670 968 quo
1675 928 1754 964 supra
1768 939 1793 955 n.
1806 940 1823 964 4
1836 928 1930 957 distant
1938 951 1947 963 ,
1960 934 2073 966 pertinet
2094 930 2159 956 Vell.
2175 939 2200 962 2,
2213 935 2252 962 83,
2266 937 2279 955 2
2296 929 2367 956 Plan-

1328 970 1372 987 cus
1408 975 1454 1001 —.
1484 970 1516 1001 in
1529 969 1656 989 conuiuio
1670 964 1838 998 refrigeratus
1850 965 1883 992 ab
1896 967 2015 993 Antonio
2028 965 2064 992 ob
2083 965 2283 992 manifestarum
2301 965 2370 999 rapi—

1326 1005 1421 1023 narum
1433 995 1549 1039 indicia,
1566 1000 1585 1023 i.
1594 997 1696 1034 frigide
1709 998 1852 1032 tractatus,
1869 1002 2029 1037 vtsemiret,
2040 1002 2070 1038 se
2083 1011 2132 1028 non
2151 1004 2256 1037 amplius
2273 1003 2368 1037 gratio-

1483 1032 1542 1059 Vid.
1561 1038 1680 1060 FRins
1696 1041 1720 1061 ee
1734 1041 1975 1064 FRIGVSCVLVM.

1364 1075 1407 1107 RE
1418 1074 1434 1094 F
1446 1073 1465 1093 R
1477 1076 1487 1094 1
1497 1074 1516 1094 G
1527 1074 1544 1094 E
1555 1074 1574 1094 R
1584 1075 1606 1095 A
1617 1075 1639 1095 Τ
1652 1076 1691 1096 10
1700 1089 1708 1101 ,
1728 1070 1795 1097 Bilis.
1821 1071 1841 1098 f.
1877 1071 2024 1106 [α’νοὶᾦυξις,
2043 1072 2161 1107 ψυγμᾶς]
2196 1072 2263 1099 Plin-
2277 1080 2325 1105 34,
2343 1078 2369 1103 13

1326 1103 1442 1130 Additur
1455 1109 1480 1129 et
1493 1111 1521 1129 in
1535 1104 1688 1144 emplastra,
1698 1105 1794 1140 quibus
1805 1106 1871 1134 lenis
1885 1109 2022 1142 quaeritur
2034 1108 2205 1143 refrigeratio
2218 1114 2244 1134 et
2257 1106 2370 1133 siccatio.

1326 1139 1432 1166 Colum.
1441 1148 1498 1170 11,i‚
1508 1141 1535 1164 16
1556 1140 1611 1180 Qu
1625 1149 1706 1174 quum
1720 1141 1750 1168 sit
1757 1151 1808 1169 vna
1816 1142 1964 1177 profeAElus,
1982 1143 2087 1171 vmbras
2101 1144 2238 1176 arborum,
2257 1143 2372 1170 fonticu-

1323 1174 1465 1209 lorumque
1477 1182 1664 1203 amoenitatem
1675 1196 1684 1208 ,
1702 1177 1743 1203 vel
1756 1186 1835 1205 aurae
1849 1179 2080 1213 refrigerationem
2095 1181 2220 1213 captauit.
2313 1178 2372 1204 Cic.

631 1213 698 1239 Plin—
715 1221 752 1246 19,
765 1218 778 1243 8
814 1213 930 1246 Qlidfiffl
943 1210 1112 1240 e¹¹¹¹¹¹²hi⁰¹¹2
1129 1208 1258 1244 quoniam
1274 1225 1306 1250 3ο
1324 1210 1357 1236 de
1370 1210 1472 1236 SCM&-
1486 1212 1523 1244 46
1536 1219 1557 1236 c·
1572 1220 1603 1245 14
1629 1212 1662 1239 Et
1685 1213 1856 1248 refrigeratio
1878 1215 1985 1248 aestate,
2007 1222 2033 1243 et
2055 1215 2166 1242 viciffim
2187 1220 2232 1242 aut
2251 1214 2306 1247 sol,
2327 1218 2372 1240 aut

1323 1246 1393 1281 ignis
1407 1245 1544 1272 hibernus.

1360 1288 1378 1307 R
1390 1287 1407 1306 E
1418 1288 1434 1307 F
1444 1288 1463 1308 R
1474 1289 1482 1309 Ι
1494 1287 1515 1308 G
1528 1288 1544 1308 E
1556 1287 1576 1307 R
1587 1288 1597 1307 1
1606 1287 1626 1306 V
1635 1288 1678 1314 M,
1698 1283 1718 1309 i.
1753 1293 1779 1311 n.
1816 1285 1894 1312 Idem.
1931 1285 2025 1315 Pluuia
2039 1285 2187 1313 sitientibus
2199 1285 2371 1319 refrigerium

1324 1322 1470 1357 potumque
1483 1317 1606 1356 praebuit
1624 1318 1702 1344 Oros.
1716 1325 1740 1350 5,
1753 1327 1785 1351 ις.
1874 1321 1994 1347 Tertull.
2010 1321 2041 1347 de
2054 1322 2160 1348 Resurr.
2173 1322 2251 1349 Carn.
2267 1328 2296 1355 17
2316 1320 2372 1347 Ali-

1324 1359 1366 1380 tei·
1379 1361 1467 1378 anima
1481 1361 1535 1379 non
1548 1358 1635 1386 capiat
1648 1353 1789 1387 paffionem
1801 1354 1931 1378 tormenti
1950 1355 1995 1381 seii
2011 1357 2156 1389 refrigerii.

1359 1393 1554 1415 REPRiGES
1566 1393 1583 1413 c
1595 1394 1642 1414 EN
1653 1393 1675 1413 T
1687 1395 1696 1414 1
1708 1396 1747 1420 A,
1765 1397 1803 1414 ae.
1827 1388 1848 1414 f.
1884 1386 1962 1414 Idem.
1997 1387 2118 1414 Tei-tull.
2133 1391 2267 1417 deAnima
2278 1399 2311 1423 43
2322 1389 2372 1417 Sed

1323 1432 1378 1449 non
1390 1423 1616 1457 refrigescentiam
1636 1423 1783 1450 admittam.

1358 1464 1534 1484 RrrRiGE
1547 1459 1706 1490 ιιᾹΤοιι,
1730 1459 1795 1485 oris.
1813 1466 1851 1484 m.
1887 1463 1911 1483 et

1362 1497 1384 1517 ιι
1396 1499 1412 1518 E
1427 1498 1444 1518 1.-
1457 1498 1475 1518 ιι
1488 1499 1497 1518 1
1510 1498 1531 1518 G
1542 1499 1559 1519 E
1568 1499 1587 1518 R
1597 1494 1619 1518 Ᾰ
1627 1498 1650 1517 ‘r
1660 1499 1680 1518 R
1691 1500 1700 1518 1
1710 1501 1728 1520 x
1736 1514 1745 1526 ‚
1765 1494 1822 1520 icis.
1840 1493 1861 1519 f.
1896 1490 2077 1527 [ἐνκψυκτῆς]
2113 1490 2181 1518 Plin.
2194 1497 2253 1524 i9‚8
2270 1492 2311 1520 Est
2318 1493 2374 1528 qui.

1326 1526 1387 1554 dem
1399 1532 1494 1554 natura
1510 1525 1638 1554 omnibus
1650 1528 1844 1562 refrigeratrix.

1362 1567 1783 1596 REFRiGERATORivs,
1802 1572 1833 1595 a,
1849 1571 1903 1589 um.
1928 1562 1990 1590 Adi.

1326 1598 1531 1632 refrigeratoria
1551 1597 1617 1624 Plin.
1634 1606 1678 1630 22,
1694 1607 1716 1624 2.
1753 1599 1827 1634 Conf.
1841 1597 1881 1624 Ib.
1898 1606 1921 1624 c.
1933 1605 1973 1631 25.

1360 1639 1430 1660 Rrr
1444 1640 1557 1665 RiNA,
1575 1634 1616 1659 vel
1646 1636 1734 1668 potius
1764 1639 1964 1666 REFRIVA,
1987 1633 2028 1660 vel
2060 1637 2283 1664 REPERIVA,
2299 1632 2365 1665 adeo,

1327 1669 1395 1704 apud
1410 1669 1512 1695 Festum
1550 1667 1619 1695 Faba
1632 1668 1748 1701 dicitur,
1768 1675 1797 1695 vt
1815 1669 1854 1695 ait
1869 1669 1977 1695 Cincius
1990 1677 2114 1703 quoque,
2129 1676 2197 1701 quae
2210 1665 2243 1693 ad
2255 1667 2368 1694 sacrifici-

1328 1713 1374 1731 um
1392 1704 1492 1731 referri
1509 1704 1576 1731 solet
1597 1703 1708 1730 domum
1726 1712 1758 1730 ex
1770 1705 1856 1739 segete
1870 1705 1944 1731 causa
1956 1705 2080 1738 auspicii,
2100 1703 2171 1738 quasi
2185 1709 2308 1729 reuocent
2319 1703 2371 1729 fru-

2026 1559 2224 1597 [οἷνοεῷνκτικδς]
2260 1563 2307 1596 Vt,
2322 1563 2366 1590 Vis

208 1746 246 1772 mi
267 1745 405 1772 Ciceronis
429 1745 605 1780 refragatores
636 1744 730 1770 Ascon.
744 1743 774 1770 in
799 1743 856 1770 Cic.
881 1743 955 1769 Orat.
977 1741 1007 1767 in
1026 1740 1107 1774 Toga
1128 1738 1212 1765 Cand.
1232 1736 1262 1764 de
1273 1744 1307 1771 45
1328 1749 1388 1774 ges,
1407 1746 1436 1766 vt
1453 1740 1563 1766 domum
1578 1739 1695 1766 datantes
1710 1740 1832 1767 tcuirtito
1845 1740 1933 1774 (Scat.
1945 1743 2034 1766 coniic.
2051 1739 2110 1765 data
2123 1739 2197 1765 enim
2209 1737 2245 1764 est
2263 1744 2287 1764 et
2305 1738 2370 1764 triti-

207 1780 291 1815 Craffia
303 1788 327 1807 et
341 1780 450 1816 Caesare.

245 1824 263 1843 R
273 1824 289 1843 E
302 1823 317 1842 F
329 1824 348 1843 R
358 1824 378 1843 A
389 1823 410 1843 G
420 1823 441 1842 Α
450 1823 489 1843 TI
500 1823 519 1843 O
528 1835 537 1848 ‚
565 1814 635 1842 ὂηίς.
675 1815 696 1841 f.
732 1811 895 1848 [οἷντιδῶιησιε
903 1832 910 1843 ,
929 1811 1072 1844 ἐντιλογιόε,
1094 1807 1262 1842 οἷντιμοὶχησκ

207 1853 287 1879 Gloss.
301 1853 383 1886 Cyn]
421 1853 528 1886 August.
542 1850 620 1885 Epist.
636 1858 684 1885 177
701 1851 732 1876 In
746 1859 774 1876 re
788 1849 915 1876 facillima
928 1855 1037 1874 curnam
1051 1845 1264 1879 refragationem

208 1895 235 1915 et
255 1888 340 1950 ‘simios
357 1886 519 1914 difficultatis
538 1887 649 1922 posuisse
659 1907 668 1920 ,
688 1885 788 1913 horum
809 1891 870 1912 orta
880 1883 1028 1918 refragatio
1041 1881 1077 1907 est
1113 1878 1260 1913 Symmach.

209 1924 257 1958 Epi
282 1944 288 1950 .
304 1933 344 1956 10,
357 1931 397 1956 50.

247 1965 267 1985 R
279 1966 295 1986 Ε
304 1965 320 1985 F
330 1966 348 1985 ιι
357 1966 380 1984 Α
389 1964 409 1984 G
419 1958 443 1984 Ᾰ
452 1963 474 1982 Τ
482 1963 504 1981 V
514 1964 526 1983 s
535 1977 544 1989 ,
561 1957 601 1983 fis.
627 1967 663 1984 m.
701 1957 830 1983 Extorum
842 1955 982 1991 promissus
998 1951 1171 1988 (permissus)
1184 1955 1210 1977 et
1221 1958 1263 1976 re-

209 1995 323 2029 fragatus
348 1994 435 2020 Lutat.
448 1995 476 2018 in
489 1992 552 2019 Stat.
564 1992 658 2019 Theb.
679 1992 697 2018 l.
712 2002 739 2025 4.

242 2037 268 2101 1}
275 2036 292 2056 Ε
303 2035 320 2056 1²
333 2035 353 2055 R
363 2036 384 2056 A
395 2034 417 2054 G
426 2034 435 2052 1
446 2035 466 2054 v
475 2034 515 2058 M,
541 2028 560 2056 i.
598 2037 626 2054 n.
662 2028 796 2062 interpres
814 2024 934 2060 Egefippi
952 2025 1083 2060 aliquoties
1095 2028 1136 2058 ap.
1151 2022 1260 2047 Gronou.

210 2066 248 2094 Ob
263 2086 268 2092 .
284 2066 347 2092 Ercl.
360 2073 382 2090 c.
397 2073 433 2090 21.

1327 1778 1372 1807 co)
1387 1774 1420 1802 ad
1434 1784 1492 1801 rem
1505 1775 1626 1801 diuinam
1641 1775 1798 1802 faciendam.
1834 1775 1928 1802 Aelius
1941 1774 2053 1806 dubitat,
2061 1784 2095 1801 an
2108 1784 2138 1801 ea
2150 1774 2189 1805 sit,
2197 1782 2263 1808 quae
2275 1773 2370 1808 prolata

1326 1811 1356 1837 in
1380 1812 1492 1846 segetem
1502 1830 1510 1842 ,
1531 1809 1642 1850 domum
1655 1811 1786 1837 referatur
1801 1822 1807 1837 :
1843 1820 1877 1838 an
1890 1819 1958 1845 quae
1972 1811 2150 1844 refringatur,
2170 1809 2242 1843 quod
2256 1809 2291 1835 est
2304 1814 2366 1836 tera-

1326 1852 1386 1873 tur:
1423 1844 1466 1872 sed
1480 1846 1638 1886 opinionem
1650 1846 1739 1873 Cincii
1753 1847 1876 1879 adiuuat,
1893 1846 1965 1881 quod
1979 1847 2008 1873 in
2021 1845 2157 1872 sacrificiis
2171 1844 2285 1880 publicis
2295 1853 2370 1878 quum

1327 1882 1385 1916 puls
1402 1882 1490 1908 fabata
1503 1880 1557 1908 diis
1572 1880 1666 1913 datur,
1682 1882 1838 1909 nominatur
1850 1882 1960 1908 refriua.
1997 1883 2069 1908 Haec
2082 1881 2180 1908 Festus.
2241 1880 2370 1912 Turnebus,

1272 1922 1304 1949 50
1325 1927 1400 1954 quum
1413 1917 1476 1944 illud
1487 1923 1514 1944 te
1526 1917 1622 1944 virtito
1636 1917 1851 1954 nihilsigriificet,
1861 1917 2020 1954 firibendum
2028 1924 2104 1953 putat
2113 1917 2238 1949 etritico,
2248 1916 2367 1955 hacsenfia,

1326 1954 1409 1988 Qum
1423 1953 1564 1988 obseuerant
1571 1952 1689 1989 figerem,
1706 1957 1765 1989 quia
1773 1958 1800 1980 in
1807 1963 1894 1990 agrum
1895 1952 1991 1991 fruges
1998 1956 2116 1984 tulerant,
2123 1952 2187 1988 quad
2198 1955 2367 1988 inauspicatum

1324 1988 1457 2016 videbatur
1469 1988 1539 2015 doma
1553 1997 1593 2015 eas
1607 1988 1757 2024 exportaffi,
1777 1997 1806 2016 vt
1818 1999 1867 2015 non
1880 1989 2017 2021 redituras,
2031 1989 2145 2024 solebant
2159 1998 2171 2015 e
2178 1988 2261 2024 segete
2273 1986 2360 2020 autsta-

1324 2027 1371 2051 tim
1383 2024 1491 2059 sementi
1502 2023 1599 2059 fassa,
1618 2031 1663 2050 aut
1676 2023 1761 2060 postea
1778 2025 1885 2061 auspicii
1905 2025 1978 2061 causa
1996 2025 2090 2051 domum
2098 2024 2188 2060 fabam
2204 2023 2311 2058 referre,
2318 2029 2357 2058 pro

1324 2062 1413 2086 tritico
1428 2066 1451 2086 et
1459 2059 1595 2096 frugibus.
1631 2059 1893 2097 Retuliffiquefaham
1901 2060 2008 2096 perinde
2021 2067 2076 2087 erat
2086 2069 2116 2086 ac
2127 2058 2235 2093 retuli-'He
2242 2058 2359 2094 fragma

244 2109 264 2128 R
273 2108 289 2128 E
299 2107 316 2127 F
328 2107 347 2126 R
360 2106 376 2126 E
386 2105 459 2139 QYE
469 2105 491 2124 N
502 2104 524 2124 T
535 2104 570 2130 0³
599 2099 653 2124 5¹1⁶·
688 2098 740 2133 Ap-
760 2097 831 2122 Suet-
850 2096 917 2129 Aug·
931 2104 953 2122 c.
966 2096 1011 2128 46.
1038 2091 1150 2121 nonnulli
1161 2092 1262 2127 legunt:
1279 2100 1308 2126 55
1324 2095 1452 2130 auspicari
1466 2105 1549 2122 earum
1562 2095 1687 2128 reditum,
1705 2100 1858 2132 ominarique
1871 2105 1912 2122 eas
1924 2096 2020 2123 domum
2036 2095 2191 2132 reuersurus,
2211 2104 2260 2121 non
2275 2098 2301 2119 in
2313 2101 2363 2132 agro

207 2137 240 2165 al.
254 2137 445 2170 frequentauit.

248 2179 269 2199 R
281 2178 299 2199 E
312 2177 358 2197 Ριι
369 2170 450 2202 feo,
476 2168 521 2201 ui,
548 2167 619 2195 &um
629 2188 637 2201 ‚
674 2169 714 2194 vel
737 2167 797 2197 aui,
822 2169 892 2192 atum
902 2185 911 2197 ,
929 2168 983 2191 are.
1020 2161 1159 2197 [ἅναψοίω]
1195 2162 1262 2187 Rur-

203 2208 278 2245 fiam,
298 2206 444 2242 velsaepius
457 2205 564 2231 fricare.
600 2205 667 2230 Cato
680 2208 713 2238 87
732 2203 762 2229 Id
777 2203 805 2228 in
819 2202 933 2228 linteum
947 2207 1049 2226 nouum
1063 2197 1160 2237 indito,
1175 2195 1263 2235 expri-

211 2244 281 2270 mito
293 2250 441 2270 cremorem
455 2241 484 2266 in
498 2240 615 2274 patinam
629 2248 747 2272 nouam,
766 2243 810 2265 aut
830 2237 858 2262 in
871 2236 1031 2262 mortarium
1045 2245 1051 2260 :
1088 2233 1116 2258 id
1132 2239 1210 2257 omne
1223 2235 1261 2256 ita

211 2280 309 2312 facito,
325 2284 350 2304 et
363 2278 491 2304 refricato
503 2276 599 2302 denuo.
1192 2302 1198 2305 ῃ

211 2325 263 2342 rem
276 2326 282 2340 :
318 2313 428 2341 trat‘lum
457 2322 473 2338 a
506 2310 665 2341 vulneribus,
685 2318 746 2345 quae
771 2310 912 2344 plerumque
934 2304 1060 2342 fricmzdo
1078 2301 1262 2340 recrudescant.

212 2351 268 2378 Cic.
283 2351 355 2377 Fam.
371 2357 393 2382 5,
407 2356 434 2382 17
454 2348 499 2374 Sin
514 2353 602 2374 autem
617 2345 708 2372 omnia
722 2353 789 2379 quae
804 2343 888 2369 sentio
903 2340 1116 2377 perscripserim,
1135 2346 1169 2363 ne
1184 2337 1262 2363 refri—

212 2396 270 2414 cem
286 2386 354 2416 ,ineis
373 2383 458 2411 literis
478 2383 637 2410 desiderium
655 2390 685 2408 ac
704 2380 827 2407 dolorem
847 2385 930 2404 tuum.
1046 2374 1120 2402 Idem
1141 2374 1172 2399 de
1193 2373 1262 2406 Lege

215 2424 305 2457 Agrar.
321 2430 342 2453 3,
358 2430 377 2455 4
392 2430 412 2446 c.
428 2428 440 2446 2
462 2419 596 2446 Refricare
608 2416 752 2444 obductam
766 2413 889 2449 Reipubl.
904 2411 1064 2439 cicatricem.
1131 2407 1200 2435 Add.
1221 2407 1261 2433 Id.

214 2467 263 2494 pro
280 2457 371 2484 Flacco
385 2465 406 2482 c.
422 2463 458 2488 23.
1024 2483 1029 2487 ”
1055 2482 1060 2486 ¹
1151 2480 1155 2485 .

213 2495 271 2521 Cic.
286 2494 339 2520 Att.
355 2501 390 2525 12,
403 2499 445 2525 45.
540 2489 613 2517 Idem
629 2497 678 2523 pro
692 2487 762 2514 Sulla
779 2496 807 2519 19
820 2495 842 2512 c.
856 2488 871 2511 6
897 2486 988 2517 Qium
1007 2491 1075 2509 cinis
1090 2487 1190 2515 patriae
1203 2487 1262 2505 ver-

215 2529 265 2557 sari
279 2535 338 2555 ante
352 2527 442 2555 oculos
451 2546 457 2557 ‚
476 2532 555 2560 atque
568 2526 687 2552 animum
701 2523 832 2550 memoria
844 2521 972 2547 refricare
986 2524 1118 2552 coeperat.
1130 2551 1150 2559 .-
1185 2516 1263 2541 Vete-

214 2574 271 2593 rem
284 2564 411 2591 Fabulam
432 2561 488 2588 Cic.
501 2570 551 2595 pro
565 2561 638 2587 Cael.
653 2570 674 2587 c.
688 2568 728 2591 30.
838 2557 912 2583 Idem
926 2557 980 2581 Att.
995 2562 1017 2588 5,
1027 2561 1051 2587 15
1071 2554 1152 2588 Appii
1164 2550 1263 2577 Vulne-

213 2610 245 2629 ra
262 2609 316 2627 non
335 2599 453 2631 refrico,
478 2597 520 2623 sed
539 2602 681 2631 apparent,
704 2604 752 2621 nec
783 2593 871 2620 occuli
905 2592 1015 2626 possunt.
1121 2587 1266 2623 Refricare,

214 2643 334 2663 neutrum.
378 2634 434 2661 Cic.
449 2634 502 2660 Att.
517 2641 556 2665 10,
569 2640 598 2667 17
608 2639 650 2667 pr.
667 2630 771 2658 Crebro
785 2629 893 2656 refricat
907 2625 1058 2661 lippitudo,
1076 2632 1132 2650 non
1145 2623 1193 2649 illa
1206 2623 1265 2656 qui·
1273 2630 1310 2657 70
1328 2625 1458 2659 fringimr
1476 2624 1542 2650 Ptin,
1556 2631 1581 2652 2,
1593 2630 1632 2654 59,

214 2671 275 2699 dem
288 2670 443 2705 perodiosa,
464 2667 507 2695 sed
522 2674 609 2695 tamen
623 2676 689 2702 quae
704 2665 831 2701 impediat
844 2664 1016 2698 scriptionem
1035 2667 1130 2687 meam.
1173 2659 1263 2685 Corra-

213 2707 260 2734 dus
271 2716 300 2733 ex
313 2705 455 2733 coniestura
467 2704 548 2731 mallee
565 2703 714 2730 refricatur.

253 2749 274 2769 ιι
283 2749 300 2769 E
311 2748 328 2768 F
341 2748 358 2769 ιι
370 2748 379 2767 1
391 2747 408 2768 c
418 2747 438 2766 A
449 2746 516 2766 Tio
525 2759 532 2771 ,
549 2740 616 2765 onis.
635 2739 655 2765 f.
692 2736 831 2772 Augustin.

250 2778 469 2807 REFRiGEQ
495 2775 539 2808 xi,
566 2779 619 2802 cre.
655 2773 857 2807 [οἰναψύχομοιι]
893 2770 935 2797 vel
946 2771 1032 2805 potius
1053 2768 1265 2794 ιιειιιιισεςεο,

216 2815 270 2841 ἕπε.
311 2812 442 2849 Frigidum
449 2811 520 2847 fieri.
831 2807 837 2812 “
916 2807 921 2811 ”
1005 2840 1010 2844 ᾖ
1136 2837 1141 2840 ⁴

216 2850 282 2876 lium
297 2847 536 2883 quadragenarium
550 2846 698 2873 infundite.
814 2842 924 2876 Sanguis
937 2849 968 2867 ex
984 2839 1034 2869 his,
1054 2845 1120 2872 quae
1134 2845 1162 2862 in
1176 2834 1263 2861 homi-

214 2895 249 2912 ne
265 2887 336 2916 sunt,
357 2884 496 2911 celerrime
516 2882 559 2909 vel
578 2881 681 2909 calescit
700 2879 742 2905 vel
756 2878 903 2913 refrigescit
928 2875 996 2902 Cels.
1011 2885 1039 2907 4,
1055 2881 1077 2905 3.
1181 2870 1263 2897 Colu-

216 2921 279 2948 mel.
294 2929 319 2953 2,
335 2928 351 2946 2.
380 2920 411 2945 Et
430 2918 513 2945 boues
525 2917 662 2949 inhibeat,
683 2922 710 2942 vt
723 2915 790 2941 colla
802 2921 896 2940 eorum
909 2911 1095 2945 refrigescant,
1116 2916 1182 2942 quae
1197 2905 1262 2932 celc-

214 2957 281 2984 riter
300 2956 480 2989 conflagrant,
497 2953 546 2980 nisi
565 2953 659 2980 affidue
672 2951 866 2984 refrigerentur
881 2959 887 2974 ε
922 2954 947 2974 et
961 2957 991 2973 ex
1006 2955 1038 2972 eo
1051 2951 1157 2974 tumor,
1177 2951 1204 2968 ac
1218 2941 1261 2967 de-

215 2992 277 3019 inde
289 2991 379 3018 vicera
393 2989 532 3016 inuadunt.
638 2989 694 3015 Cor
707 2986 814 3013 refrixit
833 2983 913 3011 Ouid.
926 2985 990 3010 Met.
1005 2991 1038 3012 12,
1052 2988 1113 3014 442.

215 3028 363 3062 refrigescit
378 3024 526 3052 cunc'iando
540 3033 587 3060 per
599 3032 675 3051 auras
694 3023 796 3049 Lucret.
806 3030 833 3054 4,
845 3028 906 3055 707.
1001 3019 1049 3044 Per
1062 3016 1261 3044 translationem,

215 3065 283 3090 Cum
298 3064 398 3089 Romae
412 3070 426 3088 a
440 3061 549 3087 iudiciis
562 3061 662 3087 Forum
676 3057 813 3084 refrixerit
831 3057 886 3083 Cic.
901 3055 955 3081 Att.
972 3063 1018 3086 i‚i.
1059 3088 1064 3093 .
1125 3050 1198 3077 Idem
1207 3050 1259 3081 Qt.

218 3100 302 3125 Fratr.
316 3107 337 3130 3,
352 3104 365 3128 8
385 3097 432 3124 Sed
447 3102 503 3123 tota
516 3105 556 3123 res
568 3104 593 3123 et
609 3096 720 3122 timetur
734 3100 759 3120 et
771 3091 927 3126 refrigescit.
1034 3089 1090 3115 Cic.
1104 3086 1216 3126 Fam39,
1232 3093 1260 3110 io

216 3136 270 3167 Ego
283 3141 382 3161 caetera
395 3133 442 3167 qui
455 3133 546 3159 animo
559 3141 644 3167 aequo
658 3131 727 3165 fero,
746 3138 828 3156 vnum
842 3135 946 3156 vercor,
959 3134 991 3151 ne
1005 3124 1073 3151 hasta
1087 3123 1206 3150 Caesaris
1220 3129 1258 3147 re-

216 3170 333 3196 frixerit.

218 3205 324 3231 frixerit
337 3213 378 3231 res
393 3214 399 3230 :
434 3207 453 3229 i.
466 3203 570 3239 frigide
584 3202 646 3229 mihi
659 3200 861 3237 respondebitur,
880 3197 979 3234 mescro
1000 3199 1095 3222 uenire.
1190 3193 1263 3218 Haec

219 3246 272 3266 tota
287 3241 352 3271 Res,
371 3239 536 3273 interpellata
549 3239 623 3265 bello
635 3238 777 3264 refrixerat
802 3235 859 3263 Cic.
876 3235 927 3260 Att.
944 3243 964 3266 1,
979 3241 1015 3265 19.
1121 3228 1197 3255 Idem
1210 3229 1263 3261 Q.

220 3276 302 3301 Fratr-
323 3285 344 3306 2,
363 3281 377 3305 8
404 3275 475 3302 Nam
507 3274 579 3309 quod
609 3273 642 3300 de
675 3271 803 3307 Pompeio
836 3270 965 3299 Caninius
998 3267 1069 3303 agit,
1089 3266 1148 3292 sane
1184 3272 1264 3299 quam

217 3311 334 3336 refrixit.

258 3350 276 3369 ιι
287 3351 302 3370 E
311 3351 326 3369 r
336 3351 352 3369 ιι
364 3352 371 3368 1
382 3352 401 3370 G
414 3344 430 3371 1*
439 3353 456 3372 ιι
465 3352 483 3372 0
492 3366 501 3379 ,
539 3350 593 3372 ire.
629 3346 642 3379 [
655 3343 775 3376 dvoeeldxw
788 3362 797 3375 ‚
822 3339 982 3373 καταψύχω]
1020 3340 1111 3374 Frigus
1141 3335 1264 3365 inducere,
1280 3341 1316 3367 90
1324 3340 1374 3375 sica
1381 3339 1508 3374 sententia
1519 3343 1635 3362 tenacem.

218 3389 270 3405 rem
282 3379 386 3405 calidam
394 3381 523 3416 frigidam
530 3381 628 3417 facere.
683 3380 739 3406 Cic.
754 3377 786 3404 de
800 3377 899 3404 Sene-St.
913 3384 944 3410 57
972 3374 1024 3401 Vbi
1038 3375 1110 3400 enim
1122 3371 1205 3407 potest
1219 3370 1266 3396 illa

221 3420 304 3445 aetas,
325 3420 368 3440 aut
384 3424 465 3448 aeque
478 3418 612 3449 calescere,
632 3415 673 3442 vel
693 3413 856 3449 apricatione
877 3411 987 3442 melius,
1007 3410 1050 3436 vel
1070 3409 1141 3443 igni,
1165 3412 1208 3433 aut
1225 3406 1265 3432 vi-

222 3449 301 3476 cissim
314 3450 415 3476 vmbris
429 3452 538 3484 aquisue
552 3451 706 3486 refrigerari
720 3449 851 3477 salubrius
865 3449 874 3474 ἕ
989 3446 1045 3473 Cic.
1059 3444 1092 3471 de
1104 3444 1166 3470 Nat.
1182 3443 1263 3468 Deor.

224 3494 249 3516 2,
264 3494 304 3517 ¹¹9
326 3486 445 3517 Quarum
458 3493 541 3512 tantus
553 3488 588 3514 est
602 3493 744 3514 concentus
758 3495 789 3511 cx
804 3481 983 3511 dissimillimis
998 3480 1126 3512 motibus,
1140 3485 1168 3505 vt
1182 3486 1265 3512 quum

224 3522 323 3546 summa
337 3521 442 3546 Saturni
455 3521 593 3555 refriget-ct
602 3543 610 3554 ‚
627 3522 714 3549 media
728 3520 821 3548 Martis
834 3518 967 3546 incendat.

226 3563 254 3594 ¹0.
275 3556 305 3581 Et
317 3564 349 3581 eo
362 3556 449 3582 minus
464 3557 535 3590 quod
549 3566 589 3582 nte
603 3559 687 3592 frigus
701 3557 887 3585 Dalmaticum,
901 3553 972 3588 quod
984 3552 1058 3579 illinc
1071 3552 1165 3582 eiecit,
1184 3549 1266 3575 etiam

225 3590 458 3628 liicrcfrigera11it‚
552 3592 656 3619 Aetium
669 3593 827 3628 refrigerare
854 3590 920 3617 Plin.
940 3599 980 3621 20,
1001 3596 1027 3623 7.
1134 3588 1212 3612 Artus
1225 3593 1265 3611 re-

225 3624 367 3657 srigetatos
381 3626 484 3649 calfacit
515 3626 634 3652 Scribon.
650 3635 706 3660 271.
821 3626 945 3653 Calorem
959 3624 1118 3658 refrigerare
1131 3629 1157 3648 et
1169 3620 1264 3647 exstin-

226 3668 314 3698 gues?-
352 3659 408 3685 Cic·
439 3659 471 3684 de
501 3658 564 3686 ΝΜ·
595 3659 674 3686 DQOI'-
708 3669 732 3693 2,
762 3671 789 3694 23
821 3671 843 3688 c.
876 3670 892 3694 9
926 3660 1096 3694 Refrigerato
1125 3663 1214 3685 autem
1237 3663 1263 3683 et

226 3693 356 3719 exstineto
386 3694 500 3726 Calore,
534 3693 668 3721 ocidimur
701 3697 747 3729 ipsi
776 3703 802 3724 et
831 3697 1034 3731 exstinguimur.

226 3729 365 3762 refrigerat
404 3729 473 3756 vnda
521 3728 605 3756 Ouid.
636 3731 700 3756 Met.
734 3740 757 3763 ¹3
772 3753 780 3764 ,
809 3741 866 3765 903.

959 3732 1071 3758 Piscinas
1106 3730 1268 3764 refrigerare

229 3766 313 3791 Varro
330 3763 361 3790 de
374 3764 405 3789 R.
418 3765 447 3791 R.
461 3772 484 3795 3,
500 3772 538 3799 17.

499 3799 503 3804 ι
638 3763 752 3805 'Testem
767 3768 926 3797 refrigerare
935 3788 943 3800 ‚
963 3768 995 3794 ad
1009 3767 1094 3801 frigus
1106 3766 1227 3802 redigere,
1242 3764 1271 3790 id

225 3798 258 3833 est
267 3799 413 3834 perturbare
427 3806 449 3824 et
463 3798 564 3832 efficere,
576 3804 607 3825 ve
616 3798 738 3824 ridiculus
758 3802 841 3833 potius
851 3802 967 3825 viaeatur
975 3821 987 3838 ‚-
1002 3811 1074 3838 quam
1092 3805 1228 3828 attentione
1247 3806 1270 3825 et

221 3835 274 3869 fide
289 3834 379 3870 dignus
392 3834 521 3867 Quinem
537 3843 560 3867 ς,
572 3842 598 3868 7,
610 3836 639 3860 26
662 3833 753 3859 Testis
763 3854 770 3864 ‚
792 3834 893 3867 inquit,
911 3835 989 3860 breui
1003 3833 1210 3859 interlocutione
1224 3840 1267 3866 pa-

226 3870 298 3896 troni
318 3869 470 3896 refutandus
489 3870 541 3902 est,
564 3876 607 3896 aut
629 3869 733 3902 aliquo,
753 3868 769 3894 si
783 3871 934 3903 continget,
953 3868 1052 3895 vrbanc
1065 3868 1139 3895 dieto
1151 3868 1315 3903 &frige-105
1330 3878 1434 3898 vernas.

220 3906 326 3933 raudus.
375 3905 433 3932 Vid.
447 3913 501 3931 mox
522 3909 788 3932 REFRiGERATVS.
884 3903 999 3932 Martial.
1013 3912 1036 3937 3,
1049 3911 1077 3936 23

799 2270 819 2309 ff
839 2280 856 2298 2
882 2271 1024 2305 Metaphor.
1058 2269 1186 2294 Renouare
1198 2265 1264 2291 dolo·
1272 2272 1308 2296 60

565 2454 622 2481 Nec
635 2453 698 2479 haec
713 2461 779 2486 quae
791 2449 935 2481 refricant,
954 2447 997 2473 hic
1011 2456 1052 2472 me
1069 2444 1151 2479 magis
1164 2449 1262 2477 angunt
1277 2444 1308 2476 65
1327 2447 1424 2473 mentis
1439 2446 1639 2480 refringantur,
1660 2452 1707 2472 etc.

1184 2979 1261 3011 Plaga
1283 2983 1396 3016 800pes
1427 2981 1538 3008 alicuius
1577 2981 1695 3014 Propert.
1721 2986 1751 3011 3,
1772 2988 1799 3011 3,
1819 2987 1865 3013 44.

1337 2137 1416 2165 emper
1429 2130 1595 2165 remansuras.
1656 2131 1723 2156 Plin.
1738 2137 1772 2163 18,
1789 2140 1816 2157 iz
1829 2133 1847 2157 s.
1861 2140 1893 2163 30
1920 2131 2044 2165 Namque
2060 2131 2148 2157 sabam
2161 2131 2254 2165 vtique
2268 2138 2282 2155 e
2294 2129 2368 2162 frugi-

1327 2165 1376 2192 bus
1398 2164 1500 2191 referre
1520 2173 1577 2190 mos
1598 2163 1635 2189 est
1653 2165 1763 2197 auspicii
1783 2167 1876 2196 causa,
1895 2175 1962 2198 quae
1982 2167 2044 2192 ideo
2063 2166 2164 2192 refu-ina
2180 2166 2328 2197 (referiua,
2344 2166 2370 2189 in

1327 2200 1402 2227 MSS.
1416 2207 1456 2233 ap.
1470 2200 1576 2233 Hard.)
1588 2199 1744 2233 appellatur.
1822 2200 1952 2226 Turnebus
1965 2203 1992 2225 in
2005 2201 2149 2234 quibusdam
2161 2204 2223 2235 legit
2239 2199 2373 2227 Referina:

1327 2234 1457 2260 Reseruia
1480 2236 1511 2260 R.
1528 2235 1674 2268 Stephanus.

1363 2275 1382 2295 R
1391 2275 1408 2296 E
1418 2276 1435 2295 F
1444 2275 1463 2295 R
1473 2273 1483 2293 1
1493 2275 1514 2294 N
1524 2274 1544 2294 G
1553 2275 1573 2295 o
1581 2287 1589 2300 ,
1605 2269 1691 2301 fregi,
1716 2267 1805 2295 36111111
1813 2288 1823 2300 ,
1847 2269 1903 2295 ere.
1938 2267 2088 2300 [οἷνακλοίω,
2107 2269 2257 2304 α’ποθραύω]
2296 2271 2373 2297 Fran-

1325 2304 1436 2344 gendoss
1450 2303 1583 2338 rumpendo
1596 2306 1702 2337 aperire.
1737 2303 1820 2329 Plaut.
1834 2304 1910 2336 Capt.
1925 2313 1953 2336 4,
1965 2313 1994 2336 4,
2009 2312 2037 2330 10
2061 2304 2144 2331 Cellas
2159 2304 2271 2338 refregit
2283 2313 2375 2331 omnes

1327 2346 1406 2366 intus.
1478 2339 1545 2365 Plin.
1559 2338 1637 2373 Epist.
1651 2347 1677 2371 2,
1685 2346 1714 2364 io
1730 2338 1894 2366 Enotuerunt
1909 2339 2017 2371 quidam
2029 2340 2068 2364 tui
2082 2341 2187 2372 versus,
2208 2346 2233 2365 et
2246 2340 2335 2366 inuito
2348 2347 2375 2366 te

1327 2375 1439 2402 claustra
1452 2380 1497 2401 tua
1514 2374 1692 2408 refregerunt.
1802 2373 1868 2400 Plin.
1882 2372 1961 2407 Epist.
1978 2381 1999 2405 3,
2012 2380 2036 2406 ις
2050 2382 2113 2400 extr.
2149 2374 2262 2400 Confido
2277 2381 2375 2407 tamen,

1327 2420 1370 2437 me
1390 2420 1444 2437 non
1464 2410 1497 2436 sic
1516 2410 1626 2436 auribus
1645 2408 1720 2441 duci,
1740 2414 1769 2436 vt
1782 2417 1872 2435 omnes
1885 2408 1969 2434 aculei
1984 2408 2079 2435 iudicii
2093 2409 2145 2435 mei
2159 2409 2263 2435 illarum
2277 2410 2372 2436 delini-

1778 2446 1916 2471 Carcereni
1932 2444 2081 2477 refringere
2101 2445 2161 2470 Liu.
2174 2452 2216 2477 34,
2230 2453 2274 2477 44.
2311 2444 2375 2470 Adi·

1328 2489 1369 2509 tus
1389 2482 1476 2508 Valet.
1491 2482 1591 2515 Argon.
1608 2489 1629 2513 1,
1643 2489 1697 2514 595.
1812 2480 1912 2505 Domos
1932 2477 2005 2505 Idem
2018 2478 2086 2505 ibid.
2101 2487 2124 2510 g,
2136 2488 2187 2511 322.
2269 2479 2376 2505 Mucro—

1328 2528 1389 2545 nem
1407 2518 1539 2552 vnguium
1553 2517 1701 2551 refringere
1713 2521 1739 2542 et
1751 2514 1875 2541 hebetare
1905 2513 1972 2540 Plin.
1988 2518 2011 2545 8,
2025 2522 2059 2545 15.
2177 2515 2267 2540 Portas
2280 2514 2376 2540 refrin-

1329 2563 1392 2589 gere
1418 2554 1490 2580 Caes.
1506 2552 1570 2579 Bell.
1585 2552 1654 2578 Gall.
1671 2560 1694 2583 ε,
1708 2559 1745 2582 32-
1839 2551 1909 2576 Hor.
1925 2549 1976 2576 Sat.
1995 2559 2013 2581 ι,
2027 2559 2054 2583 4,
2067 2552 2095 2576 61
2117 2549 2255 2583 Postquam
2270 2550 2375 2575 Discor-

1329 2590 1371 2616 dia
1386 2595 1454 2616 tetra
1466 2589 1532 2615 Belli
1546 2589 1659 2614 ferratos
1671 2585 1756 2621 postes
1772 2591 1912 2619 portasque
1923 2585 2044 2619 refregit.
2140 2585 2237 2611 Radius
2260 2585 2321 2611 solis
2336 2594 2378 2611 re-

1725 2621 1808 2647 Siluas
1823 2621 1971 2655 refringens
1984 2620 2092 2654 pe&ore
2117 2620 2279 2647 Stat.Theb.
2287 2630 2315 2653 4,
2324 2629 2374 2653 139.

1329 2659 1451 2694 Virgulta
1466 2659 1590 2692 refringit
1607 2657 1671 2692 pede
1684 2665 1752 2691 vago
1785 2657 1872 2683 Catul.
1886 2657 1918 2683 de
1932 2657 2066 2688 Berecynt.
2082 2657 2100 2682 s.
2117 2659 2203 2688 61‚86.
2274 2656 2374 2682 Trans-

1329 2695 1389 2722 late.
1441 2694 1496 2721 Cic.
1513 2702 1561 2728 pro
1575 2694 1694 2719 Muraen.
1710 2700 1739 2727 17
1770 2693 1861 2726 Qiiim
1879 2701 1945 2719 vero
1959 2700 2009 2726 ego
2023 2697 2096 2718 tanto
2109 2691 2252 2718 interuallo
2266 2691 2373 2718 claustra

1329 2731 1377 2758 ista
1398 2729 1547 2756 nobilitatis
1569 2729 1748 2763 resi-egissem,
1772 2734 1801 2754 vt
1824 2728 1910 2754 aditus
1929 2727 1960 2754 ad
1981 2727 2153 2754 Consulatum
2175 2727 2294 2761 posthac,
2312 2726 2372 2754 sicut

1328 2766 1398 2801 apud
1411 2766 1527 2793 maiores
1541 2765 1643 2791 nostros
1656 2764 1725 2794 fuit,
1740 2772 1794 2789 non
1813 2764 1896 2798 magis
1915 2763 2051 2790 nobilitati
2065 2772 2141 2797 quani
2156 2763 2252 2789 virtuti
2267 2768 2372 2797 pateret.

577 2812 644 2838 Cato
657 2819 679 2836 c.
694 2818 737 2842 105
762 2808 816 2837 Vbi
829 2816 883 2834 iain
896 2814 988 2832 Vinum
1001 2800 1156 2837 refrixerit,
1176 2799 1205 2826 in
1219 2798 1264 2838 ἀφ·
1279 2806 1311 2835 75
1330 2803 1387 2830 Cic.
1402 2811 1451 2837 pro
1466 2801 1563 2828 Milon.
1579 2809 1591 2832 ς
1611 2809 1662 2826 c-2.
1698 2799 1843 2833 Nunquam
1858 2799 2008 2826 existimaui
2024 2799 2094 2833 spem
2112 2798 2193 2826 vllam
2207 2799 2256 2825 esse
2270 2798 2372 2825 habitu·

1330 2848 1375 2866 ros
1393 2838 1502 2865 Milonis
1520 2836 1659 2868 inimicos,
1675 2836 1708 2862 ad
1727 2838 1784 2862 eius
1795 2844 1849 2861 non
1863 2834 1970 2861 salutem
1982 2834 2064 2860 modo
2079 2833 2310 2868 exstinguendam,
2329 2832 2372 2860 sed

1329 2875 1410 2901 etiam
1441 2873 1556 2908 gloriam
1588 2880 1634 2906 pei·
1668 2871 1732 2898 tales
1765 2871 1839 2897 viros
1869 2870 2074 2905 refringendatn.
2110 2871 2144 2896 al.
2166 2868 2375 2904 Infringendam.

1328 2910 1394 2937 Plin.
1408 2909 1486 2944 Epist.
1500 2917 1526 2941 9,
1542 2910 1583 2940 26,
1597 2915 1613 2942 7
1638 2907 1686 2933 Sed
1706 2906 1756 2933 hoc
1774 2906 1892 2941 intelligi
1912 2906 1977 2933 volo
1997 2905 2120 2932 laxandos
2140 2907 2188 2932 esse
2207 2905 2373 2939 eloquentiae

1325 2947 1435 2978 frenos,
1467 2953 1514 2971 nec
1547 2942 1722 2978 angustissimo
1750 2951 1816 2977 gyro
1850 2943 2022 2977 ingeniorum
2047 2942 2159 2976 impetus
2180 2941 2373 2975 refringendos.

1973 2978 2036 3004 Vim
2069 2978 2194 3004 fortunae
2226 2977 2373 3011 refringere

1324 3018 1385 3045 Liu.
1404 3025 1436 3050 5,
1452 3025 1492 3052 37.

1362 3056 1619 3082 REFRACTVS,
1641 3059 1671 3083 a,
1694 3059 1748 3077 um.
1787 3049 1880 3077 Partic.
1916 3049 2163 3083 [ἐνακεκλασμὲνος]
2206 3049 2256 3081 Vt,
2273 3047 2372 3083 Aquilo

1326 3088 1454 3116 refraehis
1474 3088 1536 3115 Stat.
1551 3086 1614 3113 Silu.
1632 3095 1660 3119 4,
1675 3093 1697 3118 5,
1712 3091 1734 3116 8.
1830 3084 1957 3111 Claustris
1971 3084 2081 3119 pudoris
2095 3083 2218 3111 ren-attis
2245 3084 2311 3110 Plin.
2326 3085 2371 3118 Ep.

1325 3135 1351 3158 2,
1366 3134 1404 3158 ¹4·
1500 3122 1592 3149 Tofus
1614 3121 1746 3148 Coluinel.
1760 3129 1788 3154 4,
1806 3129 1843 3153 33,
1859 3129 1878 3147 1.
1994 3119 2069 3155 Sensu
2085 3121 2231 3154 Opta-orum
2251 3119 2375 3146 anerna

428 3169 497 3195 Ter.
514 3167 588 3194 Adel.
602 3176 628 3199 2,
644 3176 667 3196 2,
681 3175 716 3200 24
737 3165 790 3191 Vbi
805 3164 878 3191 illinc
892 3163 999 3190 rediero
1013 3171 1018 3185 :
1054 3158 1135 3186 Nihil
1149 3157 1201 3187 est,
1220 3164 1260 3182 re·
1279 3162 1308 3192 85
1328 3160 1443 3187 τεῇ-3613
1455 3158 1522 3185 dixit
1544 3158 1647 3184 Lucret.
1661 3166 1691 3196 4,
1702 3165 1767 3191 442.
1804 3158 1894 3182 Locum
1907 3155 1991 3182 damus
2003 3159 2029 3181 in
2044 3161 2216 3181 REFLExvs.

1364 3199 1628 3225 REFRACTJO,
1647 3195 1716 3220 bnis.
1747 3192 1767 3219 f.

1330 3232 1347 3259 l.
1361 3237 1374 3262 8
1389 3231 1449 3265 Dig.
1464 3236 1482 3257 t.
1496 3239 1511 3256 2.
1525 3229 1542 3255 l.
1559 3236 1587 3264 17
1601 3227 1623 3266 §.
1639 3238 1659 3255 2.

1367 3274 1386 3294 R
1397 3273 1413 3293 r
1425 3273 1499 3293 FRA
1509 3272 1610 3292 ςΤΑιι
1622 3270 1681 3291 ivs
1691 3283 1699 3295 ,
1717 3272 1750 3296 a,
1768 3271 1822 3289 um.
1842 3261 1904 3289 Adi.
1941 3259 2090 3297 [αῠθάδης]
2126 3271 2141 3288 a
2152 3261 2290 3297 Refringo,
2304 3259 2372 3296 quast

1330 3304 1502 3339 Repcrcutiens
1516 3300 1550 3327 ad
1562 3299 1655 3327 eaelum
1668 3307 1690 3326 et
1703 3298 1827 3326 reluHans
1843 3309 1851 3323 .·
1878 3297 2009 3334 fignificat
2024 3299 2189 3325 Contumacem
2197 3316 2205 3328 ,
2222 3303 2244 3321 et
2259 3301 2334 3322 nimis
2346 3300 2374 3323 in

1690 3335 1776 3362 Senec.
1793 3333 1871 3368 Epist.
1886 3341 1916 3368 73
1937 3334 2044 3365 Errant,
2065 3333 2082 3359 si
2096 3333 2141 3367 qui
2153 3332 2302 3358 existimant
2314 3332 2372 3366 phi-

1331 3373 1466 3409 losophiae
1490 3372 1604 3398 fideliter
1625 3370 1729 3398 deditos
1751 3376 1918 3396 contumaces
1941 3370 1991 3396 esse
2013 3378 2042 3397 ac
2061 3367 2247 3402 refractarios,
2267 3374 2292 3395 et
2311 3376 2371 3394 con-

1329 3417 1454 3438 temtores
1471 3408 1677 3447 magistratuum.
1713 3407 1746 3433 al.
1765 3406 1876 3440 Regum.

1368 3453 1384 3472 R
1397 3451 1524 3474 EFRAC
1537 3448 1764 3473 ff'ARloLVs,
1798 3450 1829 3472 a,
1864 3449 1919 3467 um.

1331 3482 1392 3509 Fuit
1406 3482 1477 3508 enim
1491 3480 1559 3506 mihi
1573 3478 1751 3509 commodum,
1770 3475 1842 3512 quod
1855 3476 1883 3502 in
1898 3475 1934 3502 eis
1949 3475 2125 3506 orationibus,
2133 3483 2199 3508 quae
2208 3474 2369 3509 Philippicae

1811 3193 1861 3225 Vt,
1878 3191 2017 3218 Refraetio
2029 3192 2073 3217 seu
2086 3190 2240 3225 repercuffio
2253 3190 2372 3223 luminis,

1955 3440 2016 3467 Adi.
2035 3439 2134 3467 Dimin.
2172 3438 2228 3465 Cic.
2250 3439 2303 3464 Att.
2323 3445 2370 3469 2,i

1083 3516 1139 3542 Cic·
1154 3515 1226 3541 Fam·
1243 3521 1267 3546 3,
1282 3518 1313 3544 95
1331 3518 1517 3548 nominantur,
1539 3516 1668 3542 enituerat
1680 3513 1747 3540 ciuis
1762 3513 1808 3538 ille
1822 3518 1881 3539 tuus
1894 3511 2097 3542 Demosthenes,
2113 3516 2138 3535 et
2152 3510 2221 3543 quod
2236 3510 2262 3535 se
2274 3509 2307 3536 ab
2321 3509 2370 3535 hoc

1330 3552 1516 3580 refractariolo
1530 3551 1650 3578 iudiciali
1663 3548 1768 3576 dicendi
1781 3556 1876 3582 genere
1895 3547 2063 3578 abiunxerat,
2083 3551 2111 3571 vt
2131 3543 2272 3580 σεμνότερᾶς
2291 3555 2327 3570 τις
2343 3548 2368 3569 et

1329 3588 1508 3621 πολιτικώτερος
1520 3587 1672 3618 videretur,
1689 3593 1782 3611 curare
1793 3591 1822 3610 vt
1835 3592 1908 3610 meae
1923 3590 2030 3618 quoque
2044 3582 2120 3608 essent
2134 3580 2285 3612 orationes,
2303 3585 2370 3614 quae

1327 3624 1482 3651 Consulares
1494 3622 1703 3649 nominarentur.

1368 3666 1387 3686 R
1401 3667 1415 3686 E
1426 3666 1442 3686 F
1451 3666 1468 3685 ιι
1479 3666 1499 3686 o
1508 3666 1529 3686 N
1538 3663 1556 3684 n
1565 3664 1582 3684 E
1591 3664 1603 3683 s
1611 3664 1627 3684 c
1635 3663 1670 3688 0,
1688 3658 1740 3682 ere.
1774 3654 1863 3681 Sidon.
1877 3651 1993 3688 Apollin.
2008 3651 2097 3677 Cat-m.
2110 3659 2154 3682 22,
2169 3654 2206 3685 46
2221 3651 2317 3685 Sponte
2329 3657 2368 3676 re-

2220 3720 2369 3748 Hildebert-

1143 3691 1267 3720 Membr³
1275 3700 1323 3718 100
1331 3695 1476 3723 frondescit
1489 3703 1534 3728 per
1547 3692 1654 3720 brachia
1667 3690 1768 3718 roscida
1781 3691 1888 3725 palmes.

1373 3738 1391 3758 ιι
1412 3737 1428 3757 ιι
1445 3737 1461 3757 r
1476 3736 1495 3757 ιι
1511 3737 1531 3756 ν
1548 3734 1570 3755 Τ
1584 3735 1595 3755 1
1608 3735 1625 3756 c
1639 3734 1659 3755 ο
1672 3747 1682 3759 ,
1720 3730 1773 3752 are.
1827 3726 1855 3752 St
1887 3723 1985 3752 barbae
2014 3721 2171 3749 refruticent

1330 3767 1568 3830 ςεῐιζιὶέῗῑιίἐειῖῖιὸ,
1592 3798 1664 3832 fligi,
1681 3797 1815 3831 ffigstum,
1841 3798 1895 3824 ere.
1931 3792 2094 3826 [σὲποφεῦγω,
2120 3791 2290 3827 καταφεύγω]
2325 3790 2368 3816 Re-

1537 3834 1604 3859 Plin.
1616 3841 1642 3865 9,
1654 3840 1685 3867 57
1703 3834 1802 3860 Contra
1816 3836 1937 3859 venantes
1948 3829 2071 3862 refugere
2085 3830 2207 3865 (pisces)
2221 3829 2248 3854 in
2264 3829 2318 3853 suas
2331 3832 2366 3850 ca-

1526 3867 1628 3894 Gellius
1641 3876 1680 3902 17,
1695 3872 1725 3895 16
1745 3869 1834 3896 Postea
1845 3874 1926 3901 quum
1936 3865 2039 3899 praelio
2051 3865 2138 3892 vidtur
2149 3866 2178 3892 in
2190 3859 2367 3932 vizi-3333&

1331 3842 1372 3862 tro
1379 3838 1484 3870 jugere.
