2434 4156
264 108 324 154 163
559 126 566 131 -
611 92 644 133 R
748 92 784 134 E
891 92 919 134 P

264 186 352 218 1u611¹³
445 180 475 207 In
486 181 595 216 gradum
607 180 702 216 reponi
711 180 839 215 Qinffll.
855 187 879 213 ς,
892 188 918 215 7.
1005 180 1036 206 In
1049 180 1150 214 gremio
1161 185 1289 212 reponere

261 217 360 254 „liquid
374 216 432 244 Liu.
447 219 485 248 26,
501 225 535 250 ις.
639 218 669 243 In
684 217 759 243 libris
772 216 888 250 aliquem
900 223 1027 249 reponere
1040 223 1088 249 pro
1098 214 1153 240 alio
1169 222 1252 253 ⁷²⁰''!²3²
1265 219 1288 240 et

260 257 401 285 mentionem
415 252 481 278 iliius
494 253 611 288 ufiirpare
626 252 680 279 Cic.
690 253 741 278 Att.
750 260 785 283 12,
798 259 823 285 7.
928 250 1001 277 Idem
1014 250 1046 277 ad
1053 250 1122 276 Brut.
1138 249 1166 273 16
1184 247 1288 287 Scilicet

260 296 288 318 vt
302 289 351 316 illo
363 288 511 324 prohibito,
528 295 678 322 rogaremus
692 287 815 318 alterum,
830 285 877 320 qui
890 286 916 312 se
930 285 958 312 in
970 286 1026 312 eius
1040 286 1126 311 locum
1138 290 1233 317 reponi
1246 291 1288 316 pa-

259 330 368 353 teretur.
462 323 493 349 In
506 321 742 356 mediumquaefita
755 327 895 355 reponunt,
913 324 931 346 i.
966 321 1054 355 tiaefita
1066 325 1089 345 et
1094 324 1173 354 parta
1184 321 1211 344 in
1225 327 1288 344 com-

259 370 327 388 mune
343 359 496 396 construant,
515 357 543 383 de
555 358 640 392 apibus
653 356 758 384 Seruius
771 356 805 382 ad
817 356 1031 390 Virg.Georg.4,
1040 361 1091 388 157.
1159 388 1166 394 ·
1197 354 1226 393 ln
1234 353 1287 379 Me-

259 396 373 424 moriam
386 394 463 422 vnius
479 392 553 419 verbi
570 392 750 418 admonitione
763 397 927 425 reponuntur
946 391 1092 417 excidentes
1113 387 1241 422 Qunfltl.
1257 396 1290 420 11,

425 429 480 455 Cic.
495 427 526 454 de
538 428 599 462 Opt.
614 428 677 454 Gen.
685 428 759 454 Orat.
775 435 804 461 17
823 426 929 453 Tamen
942 426 1009 453 hunc
1024 425 1051 450 in
1064 432 1174 450 numero
1186 432 1239 450 non
1251 432 1290 448 re-

259 441 282 465 2’
296 440 332 465 ¹9.
409 466 449 492 Sic
462 464 493 489 de
507 464 579 490 Orat.
596 471 616 495 1,
628 465 656 495 63
675 463 814 496 Reponere
828 461 856 487 in
867 470 977 488 numero
989 459 1179 493 eloquentium.
1234 459 1290 485 Cic.

259 475 339 503 pono.

258 511 307 539 pro
314 503 381 529 Sext.
395 509 438 535 ¹43
457 501 531 532 Qtos
545 497 667 532 equidem
679 498 708 524 in
720 497 830 524 deorum
843 496 1032 523 immortalium
1047 499 1124 521 coetu
1136 503 1165 521 ac
1178 502 1291 520 numero
1307 506 1337 524 10
1383 505 1401 524 R
1410 505 1427 524 E
1436 505 1451 524 p
1460 505 1479 525 0
1491 505 1504 526 s
1516 505 1533 526 c
1542 501 1591 525 GN
1600 507 1616 526 E
1625 507 1648 531 g,
1667 509 1721 526 um,
1741 508 1777 527 m·

441 535 472 560 In
483 542 621 560 numerum
632 532 782 559 fabularum
795 541 922 566 reponere
934 529 1037 564 aliquid
1055 529 1128 557 Idem
1142 530 1174 556 de
1186 530 1291 556 Inuent.

259 583 279 606 1,
292 582 332 606 39.
439 571 470 596 In
488 568 609 595 ordinem
628 568 778 602 aliquorum
798 567 928 594 Columel.
948 575 980 598 9,
1000 573 1036 591 12.
1141 566 1172 592 In
1190 566 1289 599 sceptra

258 613 387 644 reponere
406 605 523 639 aliquem
544 604 618 637 Virg.
632 605 696 630 Aen.
712 613 739 636 1,
758 611 813 637 257.
870 610 873 613 ·
904 603 934 628 In
953 600 1056 627 filentio
1074 609 1203 635 reponere
1215 600 1288 640 reete

258 645 326 672 faeta
339 641 446 669 alterius
465 639 615 674 Plin.Epist.
625 647 646 672 1,
654 644 676 668 8.
788 637 950 666 Cic.Att.10‚
960 643 984 667 13
1002 635 1042 662 Sic
1055 636 1119 662 volo
1134 642 1159 663 te
1171 635 1221 662 tibi
1230 645 1288 670 per-

259 546 369 573 repono.

1309 326 1324 352 5
1347 321 1414 348 Ibid.
1429 328 1516 356 8‚495.

1690 91 2024 153 Res-1³

1348 181 1508 208 Callistratus
1519 181 1547 208 in
1560 181 1577 208 l.
1591 181 1665 207 Extat
1676 181 1708 207 D.
1716 179 1748 206 de
1761 188 1808 213 eo,
1828 182 1898 216 quod
1911 188 1994 211 metus
2006 185 2092 215 eausa,
2115 189 2161 211 etc.

1347 217 1438 250 poscit,
1453 217 1540 251 Exigit
1554 217 1659 251 leian.
1675 216 1703 242 in
1717 215 1732 241 l.
1747 216 1774 242 in
1788 224 1832 242 eos
1845 216 1876 242 D.
1889 217 1927 243 Ad
1939 219 2023 255 legem
2036 220 2085 246 Iul.
2101 219 2199 247 maiest.
2269 220 2366 250 Lucret.

1348 254 1375 283 6,
1384 261 1433 285 920
1453 254 1514 285 Qio
1525 254 1606 287 magis
1618 257 1726 278 attentas
1740 259 1814 278 aures
1827 252 1996 289 animumque
2008 256 2126 290 reposco.
2172 251 2174 254 ”
2230 253 2270 280 Ad
2278 254 2373 289 poenas*

1348 288 1480 320 reposcere
1486 287 1746 324 aliquemVirg.Aen.
1754 296 1777 318 2,
1787 295 1835 320 ¹39-
1853 287 1891 313 Ad
1900 288 2054 324 supplicium
2061 290 2176 325 aliquem
2187 291 2321 324 reposcere
2332 291 2374 319 Id.»

1631 321 1810 356 Propenfiores
1828 322 1859 349 ad
1877 321 1942 349 bene
1960 326 2112 352 merendum
2123 345 2130 357 ,
2156 334 2232 360 quam
2250 326 2280 352 ad
2300 335 2369 361 repon

1348 356 1470 384 scendum
1484 359 1540 385 Cic.
1554 358 1586 384 de
1598 358 1750 389 Amicit.32.

1349 394 1387 418 ita
1401 393 1530 427 reposcit,
1554 403 1607 420 cum
1627 393 1761 429 discipulos
1778 393 1876 420 reddere
1894 368 2009 422 leffionex
2026 398 2118 423 iubent.
2228 396 2276 422 Tu
2294 402 2369 431 genu!

1348 426 1398 454 hoc
1410 435 1542 455 memento
1556 429 1690 461 Reddere,
1713 437 1773 456 cum
1791 430 1924 464 reposcam
1937 430 2048 458 Terent.
2059 433 2167 459 Maurus
2181 430 2213 458 de
2227 431 2367 459 Anacreon·

1348 462 1388 488 tio
1399 463 1587 491 Choriambico
1601 474 1625 498 p.
1639 472 1713 497 2439.

2302 101 2365 155 ¹⁶4

2231 183 2312 212 Causa
2330 195 2366 214 re.

1835 500 1964 527 Ammian.
1980 508 2019 532 22,
2033 503 2061 527 16
2079 501 2201 536 Aegyptii
2215 501 2369 529 controuerli

1351 537 1377 557 et
1389 535 1540 572 reposcones
1554 535 1687 563 acerrimi.
1741 536 1779 561 Hi
1785 533 1859 570 forte
1871 536 1959 571 iidem,
1971 539 2015 571 qui
2031 536 2202 572 Flagitatores
2214 545 2299 570 acres,
2317 545 2369 564 mo-

1348 566 1405 593 lesti
1418 574 1443 595 et
1457 568 1556 601 affidui,
1574 569 1640 605 aputl
1650 570 1706 597 Cic.
1719 570 1747 596 in
1761 570 1833 597 Brut.
1846 578 1868 603 5.
2066 579 2068 581 ·

1390 608 1719 639 REPOSITORIVM,
1745 605 1797 632 vid.
1811 613 1946 633 REPONO.

1386 643 1407 663 R
1419 643 1437 663 E
1448 645 1462 664 l>
1472 645 1490 665 o
1501 645 1540 664 Τι
1551 647 1581 670 Α,
1594 648 1681 667 orum.
1715 650 1741 667 n.
1754 641 1792 667 Pl.
1826 641 2017 674 [ἐπαύλια,νεε.
2029 641 2130 677 61011ἶ]
2151 643 2231 669 Genus
2244 641 2371 677 epularum,

258 679 376 710 suadere,
395 675 463 702 mihi
477 675 609 701 neminem
622 675 670 700 efl‘e
682 672 811 700 cariorem
824 676 973 705 te,excepto
986 671 1093 698 Caesare
1108 680 1179 704 meo,
1192 679 1289 706 meque
1305 679 1331 705 ¹5
1348 671 1376 698 de
1390 681 1435 708 quo
1448 673 1551 713 Festus,
1569 675 1692 709 Repotia:
1718 675 1846 711 postridie
1865 678 1968 712 nuptias
1987 676 2054 711 apud
2067 686 2165 704 nouum
2182 678 2307 706 maritum
2318 684 2371 704 coe-

257 715 325 743 illud
338 722 388 740 vna
402 711 525 741 iudicare,
537 710 670 736 Caesarem
684 709 798 734 maxime
811 708 840 733 in
857 706 909 732 suis
923 707 960 732 M.
974 707 1132 734 Ciceronem
1151 715 1287 741 reponere.

256 753 288 779 In
302 747 453 776 vetustatem
473 753 599 780 reponere
617 743 718 778 aliquid
730 742 860 770 Columel.
874 750 910 773 12,
920 750 966 775 44.
994 742 1019 770 h.
1033 752 1053 769 e.
1071 749 1100 769 vt
1120 742 1288 778 diufiruetur.

257 787 288 813 In
300 785 391 812 Vicem
405 782 516 809 alicuius
542 780 582 807 rei
595 779 667 806 aliud
679 786 805 814 reponere
817 776 888 803 Idem
902 786 936 810 4,
949 779 988 803 26.
1082 778 1138 804 Cic.
1151 779 1205 810 Q.
1218 778 1289 804 Frat-

259 830 279 854 t,
290 829 303 853 3
323 818 422 846 Testor
435 824 525 843 omnes
536 814 710 848 de0s‚mehac
724 822 773 839 vna
785 820 850 838 voce
861 820 875 838 a
889 818 973 839 morte
985 813 1034 839 effe
1045 811 1287 846 reuocatum,quod

257 863 348 883 omnes
370 862 399 879 m
424 861 482 879 mea
501 852 562 878 Vita
580 856 678 885 partem
703 848 818 882 aliquam
839 853 899 874 tuae
924 849 1062 882 repositam
1087 849 1135 875 esse
1161 847 1332 876 dicebant.20

257 889 278 929 q
300 893 316 917 6
351 888 450 925 Obseru.

255 934 388 987 “wicus-o
397 966 410 985 s
419 956 430 984 i
438 965 460 985 ‘r
469 964 488 983 v
498 964 510 983 s
518 976 527 989 ,
561 962 585 981 et
596 960 643 989 per
663 954 788 989 Syncopen
819 960 839 979 R
846 960 863 980 E
873 960 887 979 1>
896 960 915 979 o
924 961 937 980 s
945 960 966 980 T
975 960 996 979 v
1007 960 1031 986 s,
1048 962 1063 979 a
1070 973 1078 985 ,
1101 961 1155 980 um.
1199 953 1291 979 Partie.

256 993 441 1029 [ἐποκείμενος]
477 998 519 1023 vt,
542 989 657 1023 Repofiti
676 994 702 1015 et
719 988 814 1022 frigIdI
831 988 886 1015 cibi
900 987 1031 1022 Qlinffil.
1048 996 1072 1014 2.
1106 988 1131 1015 h.
1146 997 1166 1014 e.
1185 988 1292 1024 Rursum

253 1029 360 1067 appofiti
370 1030 470 1063 muz-sae.
577 1025 687 1051 Ceruice
697 1024 776 1051 tereti
787 1023 889 1058 reposta
909 1024 1014 1050 Lucret.
1030 1031 1051 1055 1,
1064 1025 1103 1056 36.

255 1065 371 1100 repostae
379 1064 452 1096 Virg.
462 1062 644 1095 Georg.3,527.
658 1060 707 1086 i.e.
715 1059 1047 1092 Abundantes,autvariae,
1055 1058 1170 1085 Seruius.
1194 1060 1290 1085 Putoin

247 1103 343 1137 primis
348 1098 492 1135 significari
504 1097 575 1123 binas
582 1095 660 1122 codem
673 1095 713 1121 die
728 1096 820 1130 epulas,
828 1095 869 1121 bis
883 1095 911 1121 in
924 1095 967 1121 die
974 1095 1087 1121 saturum
1100 1094 1169 1126 fieri,
1187 1094 1252 1130 quod
1263 1098 1290 1120 in

252 1136 343 1164 Siculis
356 1132 470 1169 Dionysii
485 1135 567 1158 coenis
582 1130 723 1167 displicebat
737 1132 837 1157 Platoni
850 1130 905 1157 Cic.
920 1130 1003 1157 Tusc.
1017 1138 1040 1163 ς,
1054 1139 1099 1156 100
1114 1139 1136 1156 c.
1151 1136 1187 1162 ὃς.
1204 1150 1206 1153 .
1223 1131 1290 1156 Fora

253 1171 423 1205 Templaque
438 1169 506 1195 Tac.
516 1168 550 1193 H.
563 1176 582 1199 3,
595 1175 637 1199 34,
651 1176 678 1200 4.
699 1170 717 1193 i.
732 1165 807 1192 denuo
821 1165 959 1202 aedificata.
995 1166 1088 1192 Honos
1100 1164 1245 1199 repositus,
1269 1168 1288 1191 i.

493 885 671 922 Repofiuipro
683 883 798 917 Reposui
827 882 908 910 Plaut.
922 883 990 910 Afin.
1003 893 1026 917 3,
1042 892 1061 917 ι,
1073 886 1101 910 16
1137 883 1163 910 Si
1177 883 1290 918 repoliui

252 1205 389 1240 Rgflnutus
400 1205 467 1231 Tac.
482 1204 547 1230 Ann.
561 1211 600 1235 14,
612 1204 651 1234 61,
662 1210 683 1233 3.
717 1201 790 1234 Virg.
805 1202 869 1228 Aen.
885 1210 905 1234 1,
919 1203 949 1227 26
966 1215 1010 1221 —
1030 1202 1120 1229 Manet
1132 1201 1183 1227 alta
1201 1206 1289 1227 mente
1304 1208 1337 1232 30
1349 1200 1402 1224 Nec
1415 1207 1473 1225 vero
1486 1198 1606 1225 Auidieni
1613 1199 1729 1235 personae
1740 1205 1852 1228 conuenit
1864 1204 1972 1238 nuptiale
1983 1206 2128 1230 conuiuium.

253 1241 385 1277 repostum
404 1239 536 1265 Iudicium
546 1237 653 1269 Paridis,
661 1237 812 1272 spretaeque
827 1236 926 1264 iniuria
938 1236 1050 1266 formae.
1071 1235 1182 1263 Pecunia
1190 1236 1219 1263 in
1232 1236 1287 1263 the-

253 1277 334 1304 sauris
346 1275 456 1310 reposita
476 1273 535 1300 Liu.
549 1281 584 1306 31,
600 1281 641 1305 13:
704 1272 832 1299 Antonius
844 1273 920 1299 Cous.
933 1271 965 1298 ad
978 1273 1033 1299 Cic.
1047 1273 1099 1299 Att.
1113 1281 1158 1305 14,
1173 1280 1203 1303 ¹3-
1257 1272 1289 1298 Et

252 1313 327 1340 voles
340 1312 365 1337 P.
379 1309 519 1336 Claudium
537 1308 565 1334 in
579 1308 679 1342 optima
692 1308 735 1341 spe
750 1316 862 1342 puerum
875 1307 1017 1342 repositum
1023 1327 1032 1340 ,
1052 1307 1218 1340 existimare,
1235 1316 1289 1334 non

253 1354 280 1375 te
293 1346 448 1374 insectatum
460 1344 517 1375 effe,
531 1351 613 1377 quum
626 1342 743 1375 potueris
757 1343 856 1370 amicos
869 1349 1001 1377 paternos.
1069 1344 1172 1370 Terras
1188 1348 1289 1369 tentare

252 1382 365 1417 repostas
378 1380 451 1414 Virg.
465 1379 528 1404 Aen.
537 1386 558 1410 3,
571 1379 628 1409 364.
642 1376 661 1402 i.
674 1385 697 1402 e.
711 1377 801 1411 Longe
813 1378 915 1411 politas.
935 1378 1050 1404 Seruius.

253 1418 330 1453 posti,
349 1420 365 1443 i.
382 1416 473 1451 Sepulti
492 1414 563 1440 Idem
579 1411 679 1444 ibid.6,
692 1413 749 1444 663.
838 1412 923 1438 Multa
939 1419 971 1437 ex
984 1412 1099 1446 repofito
1110 1413 1154 1445 (in
1161 1413 1290 1448 thqfiiuro)

252 1452 433 1488 acquifitoque
449 1447 580 1484 perdenda
595 1448 652 1473 sunt
666 1447 723 1472 Sen.
738 1446 770 1472 de
783 1446 872 1473 Benef.
886 1456 914 1481 4,
929 1455 972 1473 20.

289 1496 309 1516 R
318 1495 334 1515 r-.
346 1493 361 1513 r
371 1494 389 1513 O
398 1493 410 1512 s
421 1493 427 1511 ι
438 1493 459 1512 Τ
469 1491 505 1511 10
514 1504 522 1516 ,
536 1483 602 1509 onis.
616 1482 635 1509 f.
657 1481 751 1508 Pallad.
759 1491 780 1514 1,
792 1490 820 1514 32
839 1480 1020 1517 Repositiones
1034 1481 1126 1514 foeni,
1139 1480 1221 1516 ligni,
1247 1487 1291 1507 etc.

251 1528 271 1552 i.
285 1525 381 1555 horrea,
394 1522 437 1548 ubi
451 1526 611 1555 reponuntur.

290 1567 308 1586 i<
318 1566 333 1585 E
345 1565 361 1584 r
373 1564 391 1585 o
400 1565 412 1584 s
422 1562 445 1583 Τ
455 1562 473 1582 0
485 1561 517 1588 R,
538 1554 599 1581 orie.
625 1562 660 1580 m.
696 1550 844 1586 Restitutor.
870 1551 951 1580 Ouid.
960 1551 1024 1580 Fast.
1035 1553 1093 1584 ¹‚63
1110 1550 1292 1586 Templorum
1307 1560 1345 1585 40
1347 1550 1430 1586 ferri.

254 1595 363 1631 positor,
381 1592 541 1626 templorum
554 1588 638 1616 1311610
651 1588 776 1622 repostor.

290 1638 310 1657 R
318 1637 334 1657 E
342 1636 357 1656 r
367 1636 386 1656 0
395 1633 456 1655 311
465 1633 483 1653 o
493 1633 511 1652 R
521 1633 530 1651 1
538 1633 558 1652 v
567 1632 602 1657 M,
610 1625 628 1651 s.
641 1628 889 1656 REPOSTORIVM,
902 1623 920 1650 i.
943 1632 969 1650 n.
998 1620 1201 1655 lustramentum,
1212 1624 1239 1647 in
1247 1630 1293 1657 quo

253 1669 410 1701 antiquorum
429 1661 606 1697 reponebantur
619 1660 738 1697 fercula,
754 1668 813 1695 quae
831 1667 883 1685 vna
896 1668 950 1685 cum
969 1659 1020 1693 ipso
1035 1657 1175 1693 repositorio
1195 1657 1292 1692 adsere-

253 1702 345 1728 bantur
358 1706 380 1725 et
392 1697 579 1734 afferebantur.
680 1695 746 1721 Plin.
766 1703 802 1726 33,
814 1703 836 1720 ιι
856 1695 871 1720 s.
887 1702 922 1726 49
941 1694 997 1719 Iam
1010 1702 1075 1720 vero
1095 1699 1120 1719 et
1140 1693 1240 1719 mensas
1252 1701 1292 1719 re-

1121 1378 1237 1404 Tellure
1249 1386 1289 1404 re.
1306 1382 1334 1408 35
1349 1378 1399 1408 50)
1417 1376 1605 1410 Coniugioque
1617 1375 1703 1410 dapes,
1722 1382 1767 1403 aut
1779 1376 1847 1402 sacra
1859 1381 1962 1410 repotia
1981 1383 2093 1410 patrum.

1345 714 1430 740 natur,
1450 716 1512 742 quia
1528 709 1596 744 quasi
1610 710 1727 738 refieitur
1739 712 1849 746 potatio.
1919 712 1986 739 Hor.
2007 712 2118 744 Serm.2,
2132 722 2154 747 2,
2167 716 2201 740 60

1501 758 1582 785 Cuius
1595 760 1704 787 odorem
1715 761 1768 788 olei
1780 770 1894 797 nequeas
1908 762 2025 798 perferre
2034 782 2041 795 ,
2057 762 2149 790 licebit

1503 790 1553 819 Ille
1565 796 1682 829 repotia,
1701 796 1813 828 natales,
1832 799 1933 826 aliosue
1946 798 2049 826 dierum

1505 829 1592 856 Festos
1605 831 1704 857 albatus
1715 832 1838 860 celebret.

1356 878 1405 905 Vbi
1416 878 1575 919 Porphyri0‚
1592 880 1704 915 Repotia
1715 881 1849 910 dicebatur
1864 884 1927 910 Dies
1945 884 2002 920 post
2015 884 2126 919 nuptias.
2213 882 2300 908 Acron
2310 889 2379 914 vero,

1350 915 1473 948 Repotia,
1492 917 1585 949 inquit,
1605 916 1727 944 dicuntur
1739 917 1867 952 Septimus
1880 919 1943 953 dies,
1965 930 2019 955 quo
2035 928 2105 946 noua
2115 918 2180 946 solet
2196 922 2276 951 nupta
2290 915 2374 943 redire

1351 950 1384 976 ad
1399 955 1517 984 parentes
1531 950 1599 976 suos.
1670 952 1740 978 Alias
1753 953 1864 988 Repotia
1876 956 1946 988 sunt,
1967 965 2033 990 quae
2047 954 2141 982 Graeci
2161 953 2251 980 dicunt
2269 949 2375 987 nodos-pti-

1351 990 1397 1019 φιοι
1410 990 1454 1011 aut
1467 991 1573 1011 mutuae
1587 985 1770 1014 inuitationes:
1803 989 1846 1015 vel
1861 989 1916 1016 dies
1931 991 2054 1018 secundus
2068 1000 2082 1017 a
2096 990 2207 1025 nuptiis,
2231 996 2285 1023 quo
2299 987 2376 1021 virgo

1192 1024 1290 1058 Epulae
1307 1032 1338 1058 23
1350 1020 1382 1047 ad
1397 1020 1556 1047 muliebrem
1568 1020 1687 1048 habitum
1700 1024 1875 1058 componitur.
1911 1027 1960 1052 Hic
1973 1035 2021 1061 pro
2032 1027 2113 1054 Fessis
2132 1025 2224 1051 diebus
2243 1023 2376 1058 accipitur.

1349 1057 1391 1083 Sic
1403 1055 1471 1082 dedit
1487 1057 1515 1082 G.
1527 1056 1661 1084 Fabricius.
1695 1059 1813 1086 Conuenit
1820 1061 1878 1087 Vet.
1887 1060 2089 1098 Schol.Cruquii,
2102 1061 2147 1095 m'fi
2159 1060 2222 1096 quod
2228 1061 2314 1086 ultima
2320 1067 2376 1094 qua-

1348 1098 1405 1118 tuor
1419 1091 1493 1118 uerba
1504 1094 1607 1118 omittit.
1716 1095 1852 1128 Turnebus,
1859 1096 1906 1123 Sed
1916 1097 2069 1130 crediderim,
2078 1100 2170 1133 inquit,
2189 1099 2262 1122 etiam
2274 1093 2376 1128 repotia

1348 1127 1467 1154 celebrari
1474 1128 1554 1164 solita
1566 1127 1650 1154 liberis
1660 1132 1741 1161 natis,
1760 1137 1782 1156 et
1794 1140 1847 1157 cum
1860 1135 1960 1158 maritis
1976 1142 2038 1160 noua
2056 1135 2187 1168 quotannis
2201 1137 2277 1166 prope
2285 1129 2378 1166 fibolee

1349 1162 1476 1198 nascatur,
1494 1169 1524 1189 vt
1539 1163 1720 1198 renouandafit
1734 1167 1848 1201 epulatio,
1868 1167 1961 1194 idcirco
1974 1178 2000 1195 ea
2007 1171 2121 1195 conuiuia
2134 1167 2235 1202 repotia
2249 1164 2377 1234 αρρῇζατα.

2218 1203 2262 1233 Ea,
2279 1203 2325 1226 nii
2343 1207 2379 1227 me

1340 1233 1418 1271 fallit
1429 1236 1575 1269 augurium,
1592 1233 1671 1261 dicere
1689 1237 1767 1263 votuit
1775 1238 1858 1264 Acron
1867 1239 2046 1265 Grammaticus
2059 1238 2216 1274 παιδοτρόφια
2231 1238 2320 1262 Graece
2334 1244 2376 1261 vo-

1346 1271 1497 1301 cari,veluti
1505 1269 1614 1305 sublatis
1626 1277 1648 1297 et
1653 1271 1775 1307 susceptis
1786 1268 1870 1299 liberis
1882 1279 1905 1299 et
1911 1275 2057 1308 parentibus
2069 1283 2107 1301 eos
2119 1275 2182 1301 alere
2190 1270 2380 1299 decernentibus.

1351 1306 1416 1331 Nam
1433 1307 1461 1330 in
1477 1306 1623 1332 Graecorum
1632 1305 1749 1340 potestate
1760 1314 1813 1333 erat
1824 1307 1912 1333 liberos
1924 1316 2054 1343 exponere,
2076 1319 2119 1336 nec
2132 1312 2202 1336 alere.
2254 1308 2288 1334 Vt
2300 1313 2380 1332 autem

1348 1343 1386 1366 ita
1399 1341 1500 1374 repotia
1514 1342 1679 1375 interpreter,
1698 1341 1760 1367 mihi
1770 1342 1899 1377 persuadet
1911 1343 2039 1369 Ausonius
2051 1344 2222 1379 ,Bt-scribens,
2239 1346 2250 1375 (
2261 1341 2338 1376 Epist.
2352 1349 2381 1374 9,

1938 1376 1943 1380 ⁵
2161 1380 2218 1404 Ecce
2235 1387 2312 1404 eorum
2325 1385 2381 1411 epu—

1348 1412 1386 1440 tas
1400 1410 1472 1444 dicit,
1489 1414 1531 1447 qui
1537 1411 1661 1447 susceptis
1679 1411 1764 1437 tiberis
1776 1410 1920 1447 fasti-fiant
1932 1417 2059 1447 parentes.

1349 1445 1396 1472 Sed
1407 1446 1532 1480 refellitur
1549 1457 1564 1473 a
1578 1447 1683 1481 Cruquio
1701 1446 1736 1473 ad
1748 1448 1851 1473 Horatii
1870 1447 1887 1473 1.
1895 1456 1917 1473 c.
1937 1450 1980 1482 qui
1998 1449 2070 1473 etiam
2083 1444 2145 1472 illud
2156 1452 2232 1472 monet
2243 1443 2382 1480 κοδοςρόφικ

1344 1479 1418 1516 forte
1430 1480 1547 1507 mutanda
1558 1490 1573 1507 a
1591 1481 1625 1506 ud
1642 1482 1695 1507 Vet.
1709 1480 1857 1515 Scholiasten
1868 1484 1895 1508 in
1902 1482 2054 1518 noroefbtpm,
2061 1488 2090 1508 vt
2103 1485 2167 1507 vices
2182 1487 2382 1515 comparationum

1351 1514 1501 1542 indicentur.
1590 1515 1637 1541 Sed
1648 1515 1731 1548 addit,
1747 1526 1762 1542 a
1773 1517 1898 1553 Scaliger-o
1910 1515 2062 1552 ποδοςροφιάν
2076 1525 2105 1542 ex
2119 1514 2238 1548 Gloffizrio
2256 1518 2325 1542 etiam
2337 1516 2377 1542 ad-

1521 1551 1612 1584 Nempc
1626 1550 1661 1576 ibn·
1673 1553 1710 1577 ita
1723 1552 1831 1587 legitur,
1847 1552 1943 1578 Reor-ia
1961 1551 1975 1581 ἧ
1987 1553 2057 1587 τρίτη
2070 1553 2115 1577 τῶν
2127 1549 2228 1583 οἷγαίμων
2239 1548 2374 1585 «nolas-power.

1349 1586 1417 1614 Scali
1436 1595 1462 1611 er
1479 1585 1513 1611 ad
1534 1584 1597 1618 Festi
1614 1587 1632 1612 Ι.
1645 1595 1667 1612 c.
1686 1586 1737 1621 legi
1756 1587 1811 1613 vult
1830 1586 1966 1621 Repotian‘
1984 1587 2053 1623 τρίτη
2072 1588 2117 1613 τῶν
2135 1585 2220 1619 γάμων
2236 1583 2371 1621 edoceamini.

1351 1623 1405 1656 Quo
1429 1620 1522 1655 probat
1535 1621 1618 1647 Cuiac.
1633 1620 1690 1657 0th
1698 1624 1737 1653 16,
1747 1631 1780 1657 39
1793 1625 1837 1657 qui
1843 1629 1920 1658 putat
1933 1621 2085 1658 ποδοςροφὶαν
2097 1620 2182 1655 dixtſje
2197 1621 2311 1654 Graecos,
2333 1624 2373 1657 qui

1351 1657 1454 1690 repotia
1467 1656 1609 1683 deriuarent
1626 1665 1642 1683 a
1659 1655 1770 1691 pedibus
1791 1664 1814 1683 et
1836 1658 1983 1693 repedando
1994 1658 2047 1692 flue
2064 1657 2183 1685 redeundo
2195 1656 2228 1682 ad
2239 1659 2375 1686 conuiuium.

1351 1692 1472 1729 Qorsum
1480 1694 1592 1727 pertinet
1606 1694 1680 1718 etiam
1693 1693 1773 1719 altera
1784 1692 1886 1726 Gloffa,
1905 1694 2060 1728 Reperidia,
2083 1700 2107 1719 et
2120 1693 2237 1727 Reproca
2256 1701 2322 1727 quam
2341 1695 2377 1719 ita

253 1735 386 1771 pofitoriis
398 1733 570 1767 imponimuS,
587 1733 605 1756 i.
619 1731 701 1756 lances
714 1738 817 1765 magnas
829 1726 910 1762 instar
933 1729 1068 1769 mensarum
1087 1734 1233 1765 argenteas,
1253 1738 1293 1754 ar·
1306 1738 1340 1765 45
1352 1730 1510 1754 reconcinnat
1521 1728 1641 1764 Scaliger,
1655 1727 1783 1762 Repotia,
1797 1726 1895 1761 ἓπίβδα,
1909 1727 1922 1759 ἦ
1933 1729 2001 1762 μετοὶ
2013 1728 2057 1758 τήν
2070 1728 2148 1764 ἑορτὴν
2161 1725 2306 1763 ποδοςροφία.
2324 1727 2378 1754 Cae.

252 1773 347 1808 genteis
360 1778 449 1805 quoque
461 1766 621 1802 repositoriis.
709 1765 782 1791 Idem
797 1765 815 1790 s.
829 1772 856 1797 52
876 1763 1048 1798 Repositorus
1069 1770 1207 1798 argentum
1220 1762 1292 1795 addi,

254 1809 298 1834 sua
305 1806 435 1834 memoria
444 1808 566 1838 coeptum
574 1800 716 1828 Fenestella
723 1799 814 1832 tradit,
823 1800 870 1833 qui
884 1799 954 1826 obiit
962 1799 1101 1826 nouiffimo
1107 1799 1219 1826 Tiberii
1228 1799 1292 1825 Cae-

255 1843 319 1869 saris
333 1840 489 1876 principatu.
606 1835 654 1862 Sed
669 1842 694 1862 et
707 1835 852 1862 testudinea
865 1842 920 1862 tum
935 1835 963 1861 in
975 1836 1050 1862 vsum
1062 1835 1172 1861 venisse:
1193 1840 1251 1861 ante
1267 1834 1292 1859 se

253 1885 341 1905 autem
355 1875 443 1911 paullo
456 1875 553 1910 lignea,
567 1871 689 1904 rotunda,
708 1871 807 1902 solida,
826 1880 873 1897 nec
886 1870 971 1897 multo
983 1872 1085 1898 maiora
1098 1879 1175 1905 quam
1193 1870 1293 1896 mensas

316 1922 338 1938 e.

254 1914 324 1976 {ilidii
336 1946 454 1980 coepisse.
557 1944 622 1970 Mox
634 1942 753 1969 additum
767 1949 905 1976 argentum
920 1943 948 1968 in
960 1942 1079 1977 angulis,
1098 1942 1232 1976 lineasque
1246 1949 1293 1974 por

256 1983 441 2011 commissuras.
510 1979 653 2012 Tympana
663 1986 728 2003 vero
744 1977 769 2002 se
783 1977 881 2003 iuuene
893 1977 1030 2011 appellata,
1051 1977 1155 2003 stateras
1163 1982 1188 2003 et
1199 1976 1292 2007 lances,

256 2028 320 2055 quas
335 2016 438 2050 antiqui
449 2013 566 2048 Magidas
579 2013 782 2047 appellauerant.
888 2012 952 2039 Plin.
964 2017 1002 2045 28,
1019 2021 1035 2038 2
1055 2012 1165 2038 Bibente
1179 2011 1294 2037 conuiua

255 2054 369 2081 mensam
381 2051 423 2078 vel
436 2049 622 2084 repofitorium
633 2048 704 2080 tolli,
722 2047 977 2083 inauspicatiffimum
992 2047 1132 2074 iudicatur.
1151 2046 1220 2082 conf.
1229 2047 1292 2072 Gon-

249 2089 343 2127 fizi.ad
356 2089 458 2115 Petron.
474 2093 530 2117 c.33
546 2091 622 2118 p.117
636 2083 722 2110 Burm.
827 2117 834 2122 .

254 2125 290 2152 ad
303 2121 459 2158 afferuandas
472 2130 511 2147 res
533 2118 664 2154 pretiosos.
769 2117 884 2150 Capitol.
898 2119 995 2144 Anton.
1008 2118 1080 2151 {Phih
1093 2128 1116 2144 c.
1124 2125 1153 2152 17
1170 2118 1294 2144 Gemmas

256 2155 350 2189 multas
363 2159 392 2185 in
404 2156 562 2191 repositorio
573 2153 703 2181 sanctiore
717 2152 828 2179 Adriani
841 2158 983 2186 repererat.

295 2202 316 2222 a
326 2202 342 2221 E
353 2200 369 2220 r
379 2200 398 2220 o
407 2199 427 2219 R
437 2198 457 2218 r.
467 2199 476 2218 1
485 2198 505 2218 G
516 2198 548 2223 0,
568 2192 622 2216 ere.
676 2189 781 2215 Petron.
794 2195 849 2221 c.51
863 2189 882 2214 s.
897 2188 1000 2222 Fragm.
1021 2186 1106 2221 Trag.
1125 2195 1147 2213 c.
1165 2194 1200 2218 23.

254 2229 348 2264 Scheff'.
356 2235 437 2263 not.p.
445 2237 493 2261 115.

1240 2186 1293 2213 uid.

418 1911 448 1937 Se
461 1909 568 1945 quidem
581 1916 664 1942 puero
677 1906 802 1942 quadrata
816 1912 841 1933 et
854 1906 987 1941 compacta
1000 1913 1044 1933 aut
1056 1915 1131 1933 acere
1143 1911 1234 1940 operta
1249 1910 1293 1931 aut
1304 1914 1337 1940 50

919 2081 940 2119 ff
953 2091 968 2109 2
1003 2085 1083 2110 Locus
1088 2083 1208 2119 ficrctior
1219 2088 1293 2117 aptus
1311 2087 1339 2113 55
1350 2082 1409 2109 talis
1428 2081 1505 2109 liber.

1350 1770 1431 1790 terum
1446 1763 1558 1798 Repotia
1565 1761 1622 1798 post
1633 1766 1737 1797 nuptias
1749 1766 1822 1790 etiam
1834 1771 2002 1792 commemorat
2014 1764 2158 1796 symmach.
2167 1771 2194 1798 7,
2207 1772 2242 1796 ¹9·
2308 1762 2377 1798 Apud

1352 1798 1420 1825 Gell.
1429 1807 1452 1831 2,
1466 1807 1501 1831 24
1527 1798 1636 1832 Nuptiin
1654 1804 1681 1824 et
1698 1799 1809 1833 repotiis
1823 1805 1860 1826 HS
1878 1800 1941 1826 mile
1959 1802 2010 1836 lege
2024 1802 2089 1827 Iulia
2097 1800 2237 1835 sumtuaria
2249 1798 2378 1825 finiuntur.

1355 1835 1459 1861 Vinetus
1469 1833 1502 1859 ad
1508 1833 1614 1869 Ausonii
1620 1835 1637 1860 l.
1645 1843 1665 1860 c.
1671 1834 1797 1869 Repertia
1803 1833 1846 1869 effi?
1857 1838 1895 1862 ait
1903 1838 1929 1862 in
1936 1836 2078 1872 quibusdam
2089 1836 2162 1862 libris
2170 1836 2272 1861 Horatii
2279 1841 2302 1861 et
2307 1833 2376 1870 Auso-

1350 1872 1398 1901 nir',
1417 1869 1484 1905 quast
1495 1878 1511 1895 a
1525 1869 1695 1903 reportando.

1389 1911 1409 1931 R
1421 1910 1438 1930 Ε
1448 1910 1495 1938 12⁵0
1507 1911 1552 1931 TA
1563 1912 1584 1931 T
1594 1911 1603 1930 1
1613 1912 1641 1936 o,
1660 1905 1729 1931 onis.
1744 1904 1765 1931 f.
1815 1905 1901 1933 Varro
1914 1905 1948 1932 de
1961 1905 2060 1939 L.L.5,
2074 1911 2087 1936 8
2101 1916 2125 1942 p.
2135 1909 2175 1939 61,
2188 1915 2222 1939 29
2243 1904 2282 1932 Ab
2294 1903 2373 1932 eadem

1351 1941 1442 1975 lingua
1453 1940 1529 1972 πότω,
1548 1939 1618 1967 vnde
1631 1940 1717 1972 Potio,
1729 1939 1798 1966 vnde
1818 1941 1959 1975 poculum,
1979 1943 2090 1976 potatio,
2111 1942 2256 1977 reputatio:
2275 1947 2317 1967 etc.

1387 1983 1432 2003 RE
1441 1983 1456 2002 P
1467 1981 1487 2002 ο
1496 1983 1517 2002 Τ
1528 1983 1536 2000 1
1547 1978 1568 2002 A
1577 1982 1591 2001 L
1602 1983 1611 2001 1
1620 1983 1633 2002 s
1645 1997 1652 2008 ‚
1673 1985 1694 2002 e.
1731 1983 1770 2008 vt,
1783 1976 1865 2003 Liber
1878 1978 2013 2012 repotialis
2027 1978 2125 2005 debetur
2145 1980 2243 2014 ingenio
2258 1976 2364 2012 Scaligeri.

1351 2011 1438 2038 Festus
1473 2020 1530 2037 voce
1544 2017 1690 2039 REPOTIA
1704 2011 1796 2043 verbis,
1810 2022 1869 2048 quae
1883 2013 1952 2039 modo
1966 2013 2085 2046 dedimus,
2097 2013 2214 2049 adiungit
2227 2011 2288 2045 isla:
2301 2012 2363 2038 Pacu-

1351 2047 1410 2073 vius
1423 2047 1452 2072 in
1468 2047 1565 2080 Iliona,
1583 2046 1657 2073 Abeo
1671 2047 1807 2082 depulsum
1821 2057 1933 2075 mamma
1949 2049 2176 2084 paedagogandum
2190 2048 2280 2082 accipit
2289 2053 2366 2080 appor-

1583 2084 1694 2119 Scaliger
1708 2083 1855 2117 Repotialis
1867 2084 1945 2111 liber.
2014 2084 2060 2112 Sed
2074 2089 2130 2120 quis
2141 2083 2196 2118 effic
2208 2081 2334 2118 repotial‘u
2341 2079 2369 2106 li-

1351 2117 1408 2147 ber,
1421 2127 1469 2143 non
1482 2117 1558 2148 docet,
1570 2126 1643 2152 neque
1655 2119 1704 2149 hic,
1716 2128 1790 2153 neque
1803 2121 1870 2145 Poe't.
1882 2128 1907 2151 3,
1917 2129 1955 2146 101
1966 2119 2009 2146 vbi
2022 2120 2051 2147 de
2062 2123 2175 2156 repotiis.
2246 2117 2375 2154 suffit-'Bw‘

1349 2154 1480 2184 Dacerius,
1492 2151 1534 2184 effe
1549 2158 1632 2177 »zatum
1646 2152 1705 2187 ipsis
1717 2154 1826 2186 repotiis
1841 2154 1955 2180 liberum
1964 2155 1989 2188 s
1999 2163 2120 2190 puerum;
2140 2155 2187 2191 secl
2202 2153 2313 2191 quomodo
2331 2157 2378 2177 cum

1352 2189 1454 2214 Pacuuii
1460 2187 1606 2222 fragmento
1619 2188 1748 2213 conciliari
1762 2194 1833 2221 queat
1845 2188 1903 2214 baec
1916 2192 2099 2222 interpretatio,
2112 2200 2159 2216 non
2169 2190 2244 2216 docet.
2296 2188 2383 2216 Tum·

1352 2230 1386 2254 13,
1400 2230 1426 2253 25
1446 2222 1523 2247 eodem
1537 2221 1604 2247 modo
1617 2222 1786 2248 emendandum
1796 2228 1879 2257 putat,
1893 2232 1938 2258 quo
1951 2224 2070 2259 Scaliger,
2083 2224 2209 2259 additque,
2223 2223 2383 2259 Repetialem

293 2274 311 2293 R
322 2273 337 2293 Ε
348 2271 364 2291 1¹
378 2269 398 2291 0
407 2271 425 2290 R
436 2269 457 2290 Τ
467 2269 501 2292 O,
520 2264 573 2286 fire.
608 2257 778 2293 [οἶνακομὶξω]
813 2259 937 2289 retr0‚vel
949 2261 977 2283 in
989 2257 1071 2296 reditu
1080 2262 1193 2292 portare,
1201 2256 1295 2282 domum
1311 2259 1440 2285 60vocari
1451 2255 1544 2288 videri,
1557 2260 1599 2291 qui
1615 2257 1648 2282 ad
1659 2262 1753 2292 repotia
1767 2261 1889 2284 ventitare
1897 2258 2003 2294 soleret,
2017 2265 2059 2285 aut
2071 2261 2099 2284 in
2112 2261 2215 2293 repotiis
2229 2261 2289 2286 iiber
2296 2255 2386 2294 jafi-'ut

457 2297 535 2330 Virg.
549 2295 728 2328 Georg.1‚275
749 2294 802 2319 Aut
814 2298 886 2319 atrae
899 2293 1001 2319 massam
1014 2299 1079 2326 picis
1091 2291 1156 2317 vrbe
1170 2296 1295 2330 reportat.

966 2327 1092 2353 Humeris
1114 2331 1230 2360 reportat
1244 2326 1296 2351 suis

986 2361 1027 2388 Ad
1039 2371 1114 2388 aures
1129 2361 1239 2388 alicuius
1256 2368 1295 2386 re-

995 2397 1168 2431 Frigidiffirne
1181 2402 1297 2430 reporta-

254 2309 364 2340 portare.

259 2338 345 2365 Dorso
352 2334 399 2362 -vel
412 2333 482 2360 collo
497 2336 633 2365 reportare
653 2328 785 2355 Columel.
797 2335 825 2363 7,
840 2336 860 2354 1.

258 2374 363 2401 exulem
376 2370 453 2397 Italia
474 2364 695 2395 Pseudo-Sallust.
709 2363 738 2390 in
751 2363 807 2390 Cic.
827 2369 892 2390 extr.

259 2415 364 2445 portare
371 2403 483 2440 aliquid,
502 2406 519 2430 i.
531 2403 655 2429 Nuntiare
674 2398 751 2433 Virg.
760 2399 824 2424 Aen.
833 2405 860 2432 7,
868 2400 924 2432 167.

257 2446 298 2472 vit
312 2443 424 2479 puellam
438 2445 572 2475 patronus,
592 2444 670 2470 quam
683 2435 711 2461 in
723 2434 830 2462 aduersa
843 2432 965 2459 subsellia
984 2433 1149 2459 transtulerat
1167 2431 1298 2464 Quinetil.
1311 2435 1342 2466 65

259 2483 276 2507 6
303 2489 311 2506 1
337 2488 376 2512 39.
477 2475 533 2501 Cic.
551 2473 604 2498 Att.
617 2474 649 2504 6,
665 2479 674 2497 1
690 2470 717 2496 Si
730 2469 797 2496 1111111
813 2468 885 2496 3111ιά
898 2468 988 2495 dehac
1002 2468 1150 2502 prouincia,
1166 2467 1214 2492 nisi
1228 2466 1299 2506 illius

258 2500 470 2543 beniuolentiam
483 2508 665 2544 reportassent,
678 2506 747 2533 mihi
760 2505 787 2532 id
801 2506 859 2531 satis
874 2504 930 2530 etse.
996 2504 1076 2530 Vetus
1091 2502 1222 2536 exemplar
1236 2502 1299 2536 legit

260 2549 445 2585 Depottass‘em.
551 2544 624 2570 Idem
638 2543 713 2568 Verr.
729 2550 757 2574 4,
770 2543 787 2567 6
798 2541 834 2567 Vt
845 2540 898 2567 illis
910 2539 1030 2574 benignis
1048 2540 1107 2566 vsus
1128 2538 1163 2564 est
1177 2537 1207 2564 ad
1220 2538 1298 2564 corn-

261 2585 438 2614 modandum,
464 2581 496 2607 sse
515 2580 568 2614 ipse
586 2578 698 2612 diligens
719 2571 772 2604 fuit
790 2575 822 2602 ad
842 2575 1038 2610 reportandum.
1146 2573 1222 2600 Dicta
1238 2572 1299 2598 haec

261 2622 346 2649 tristia
367 2619 449 2651 adytis
469 2621 584 2650 reportat
605 2614 679 2647 Vlrg.
695 2615 759 2638 Aen.
774 2619 867 2644 2,11;.
957 2645 963 2651 ῃ
999 2646 1004 2651 ι
1173 2645 1178 2649 .

262 2657 372 2685 Duobus
386 2651 574 2680 commeatibus
588 2649 721 2676 Exercitus
733 2654 867 2687 reportare
883 2645 1026 2674 constituit.
1065 2645 1132 2682 conf.
1147 2646 1262 2684 C1c3Att.
1271 2653 1298 2677 4,

263 2703 298 2725 17.
393 2688 494 2716 Gaudia
506 2692 593 2713 mente
605 2690 740 2719 reportare
755 2684 816 2710 Stat.
832 2682 897 2709 51111.
908 2691 931 2713 1,
946 2690 1019 2722 3,.13.
1116 2681 1245 2721 ‘Gloriam
1262 2688 1300 2719 re—

282 2733 369 2755 ortare
382 2735 413 2752 ex
429 2722 613 2751 Proconsulatu
636 2719 787 2753 PlinAEpist.
796 2727 819 2751 3,
828 2726 852 2753 7.
945 2718 1001 2744 Cic.
1014 2717 1045 2743 de
1059 2715 1151 2756 Legib.
1166 2725 1186 2748 3,
1204 2724 1228 2744 18
1250 2715 1299 2741 Ni-

283 2764 302 2791 11
315 2767 416 2797 praeter
424 2760 539 2786 Laudem
552 2757 628 2784 bonis
641 2762 719 2791 atque
734 2752 1020 2787 innocentibus,neque
1034 2759 1066 2778 ex
1078 2751 1207 2782 hostibus,
1216 2758 1300 2784 neque

262 2809 278 2827 a
291 2799 364 2826 sociis
373 2794 567 2831 reportandum.
683 2791 805 2818 Mandata
825 2790 942 2824 Propert.
951 2797 973 2821 3,
981 2790 1007 2830 6,
1016 2795 1046 2821 37

263 2840 350 2871 portat
363 2842 394 2859 ex
408 2831 479 2858 hoste
502 2829 649 2863 Virg.Aen,
666 2836 696 2859 11,
710 2830 772 2861 764.
843 2825 949 2856 Poenas,
970 2823 1021 2849 uid.
1032 2826 1178 2848 REPosco
1197 2829 1299 2855 poenas.

263 2872 320 2897 Cic.
335 2869 366 2895 de
383 2869 450 2901 Lege
464 2868 525 2899 Agr.
541 2873 570 2897 2,
586 2866 621 2889 60
640 2872 661 2902 c.
675 2871 703 2894 23
719 2862 745 2888 Si
758 2861 793 2887 est
807 2869 920 2894 aequum
933 2857 1040 2893 praedas
1053 2866 1081 2884 ac
1097 2857 1233 2883 manubias
1247 2858 1302 2882 suas

264 2907 449 2939 imperatores,
463 2909 517 2927 non
533 2901 560 2926 in
574 2904 737 2924 monimenta
751 2896 860 2923 deortun
874 2893 1075 2926 immortalium,
1088 2901 1173 2926 neque
1188 2894 1214 2918 in
1228 2892 1302 2918 vrbis

264 2940 418 2969 ornamenta
431 2936 560 2964 conferre,
579 2933 623 2960 sed
634 2932 666 2959 ad
681 2932 851 2958 Decemuiros
864 2936 987 2964 tauquam
999 2929 1030 2956 ad
1044 2928 1166 2955 dominos
1187 2935 1303 2962 reporta·
1848 2965 1852 2968 .
2351 2963 2355 2968 .

1079 2964 1152 2990 Idem
1169 2972 1218 2998 pro
1234 2964 1302 2998 Lege
1318 2969 1350 2995 80
1362 2965 1476 2999 plorum,
1499 2964 1593 2997 legum,
1612 2964 1809 2997 responsorum,
1826 2964 1959 2991 dictorum
1994 2979 2039 2984 -—-
2073 2964 2145 2990 velut
2164 2963 2286 2999 quasdam
2298 2970 2391 2998 copias,

265 3011 359 3039 Manil.
373 3015 387 3040 8
401 3017 444 3041 c.3
465 3007 557 3033 Adhuc
571 3005 608 3031 ita
623 3004 701 3030 vestri
715 3012 773 3029 cum
787 3002 835 3028 illo
849 3010 908 3036 rege
923 2999 1111 3027 contenderunt
1122 3001 1304 3035 imperatores,
1441 2999 1445 3003 '

265 2986 304 3009 re,
323 2974 393 3002 1111111
406 2972 503 3007 appetit
517 2970 565 2997 fibi
578 2970 715 3003 praecipue
729 2967 876 3001 Pompeius,
895 2964 973 2992 nihil.

265 3054 294 3075 vt
306 3046 339 3073 ab
355 3045 403 3072 illo
415 3042 522 3078 insignia
538 3040 668 3067 victoriae
682 3048 735 3065 non
747 3038 897 3065 Vi&oriam
908 3041 1080 3070 reportarent.

304 3089 322 3108 n
333 3087 350 3108 E
360 3088 375 3107 r
386 3086 406 3107 ο
417 3086 434 3105 R
445 3082 519 3105 ΤᾹΤ
532 3084 551 3102 ν
564 3082 576 3103 s
587 3096 595 3108 ,
614 3084 638 3107 a,
651 3084 704 3101 um.
741 3074 836 3101 Partic.
871 3079 909 3105 vt,
929 3072 1010 3106 Equis
1022 3077 1047 3097 et
1064 3079 1144 3099 curru
1157 3075 1305 3105 reportatus

268 3118 321 3145 Cic,
337 3116 395 3143 Post
407 3114 484 3141 redit.
497 3114 525 3140 in
540 3113 622 3138 Senat.
631 3119 663 3145 27
676 3120 697 3136 c.
707 3118 738 3136 11.
835 3143 842 3148 ἡ
901 3143 908 3148 ·

302 3159 322 3179 R
332 3160 347 3179 E
355 3158 370 3177 r
380 3157 399 3177 0
409 3157 428 3176 R
438 3155 508 3176 TAT
519 3156 526 3173 1
537 3155 568 3180 o,
582 3147 649 3173 onis.
686 3145 705 3171 f.
760 3144 814 3171 1Ct.
833 3151 861 3170 in
874 3143 935 3178 Dig.

304 3195 323 3213 R
335 3195 350 3214 E
358 3193 372 3212 Ρ
382 3192 401 3211 0
410 3192 428 3212 R
439 3190 513 3211 ΤΑΤ
523 3189 541 3209 O
550 3189 580 3214 R,
592 3182 655 3208 oris.
675 3190 711 3207 rn.
748 3179 826 3213 Apul.
840 3179 969 3207 tribuitur.

304 3230 323 3250 R
334 3230 350 3249 E
359 3228 373 3248 p
382 3228 401 3247 0
411 3228 424 3247 s
433 3226 451 3247 c
463 3227 493 3251 O,
510 3217 627 3252 poposci,
641 3217 691 3243 ere.
705 3214 843 3248 [ainata-im]
862 3214 1075 3249 Abaliquopelere
1082 3210 1147 3247 quod
1154 3210 1223 3237 nohis
1230 3210 1307 3242 debet,

677 3251 822 3284 Virg.Aen.
832 3251 916 3283 7,606
935 3263 980 3268 —-
996 3247 1157 3281 Parthosque
1170 3246 1307 3280 reposcere

271 3293 340 3326 signa
353 3293 421 3318 Ter.
437 3289 546 3324 Adelph.
561 3298 569 3314 1
579 3308 587 3320 ,
607 3297 633 3319 2,
653 3295 683 3319 52
704 3286 774 3313 Nam
787 3284 878 3311 ambos
894 3293 984 3310 curare
994 3304 1002 3317 ,
1022 3282 1213 3318 propemodum
1232 3290 1306 3315 repo-

810 3319 891 3346 Plaut.
909 3321 985 3346 Cure.
999 3327 1027 3351 ς,
1042 3327 1065 3350 2,
1078 3320 1106 3344 16
1122 3319 1211 3350 Qtam
1223 3317 1305 3351 virgi·
1317 3329 1352 3355 90
1367 3318 1476 3346 imkari.

624 3358 679 3384 Cic.
694 3358 804 3388 Verr.4,
819 3363 855 3387 ¹15
875 3364 897 3381 c.
911 3364 942 3390 ς’]
961 3355 1018 3380 Sese
1031 3362 1046 3380 a
1060 3353 1111 3379 suis
1126 3352 1230 3379 ciuibus
1243 3352 1305 3378 hacc

271 3397 370 3424 habere
384 3397 501 3422 mandata
510 3417 517 3428 ‚
535 3401 564 3421 vt
575 3394 607 3421 ad
620 3394 732 3421 Verrem
746 3390 859 3422 adirent,
875 3395 900 3416 et
913 3399 973 3416 eum
986 3388 1151 3416 fimulacrum
1166 3387 1269 3414 Cereris
1283 3393 1308 3414 et

681 3427 753 3455 Idem
767 3426 824 3452 Post
837 3425 914 3451 redit.
927 3426 953 3451 in
968 3425 1051 3451 Senat.
1065 3432 1082 3456 9
1101 3424 1222 3457 Qtorum
1241 3423 1308 3449 alter

272 3477 288 3495 a
303 3477 345 3494 me
363 3466 503 3493 Catilinam
523 3472 667 3492 amatorem
685 3464 760 3490 suum
777 3460 870 3488 multis
883 3460 1066 3490 audientibus,
1082 3459 1148 3486 alter
1161 3458 1307 3493 Cethegum

741 3495 879 3524 Auxilium
899 3495 989 3522 datum
1003 3495 1138 3530 reposcere
1158 3495 1218 3521 Liu.
1233 3503 1255 3529 3,
1268 3502 1306 3525 23-
1321 3505 1353 3532 95
1369 3495 1527 3529 scenici,qui
1541 3495 1678 3522 imitantur
1688 3494 1803 3527 affec‘lus,
1817 3495 1863 3529 qui
1875 3502 1974 3523 metum
1986 3502 2013 3524 et
2024 3496 2224 3530 trepidationem
2237 3497 2392 3532 exprimunt,
2421 3528 2422 3532 Ἰ

1367 3533 1414 3567 qui
1429 3530 1562 3558 tristitiam
1575 3531 1775 3565 repraesentant,
1794 3530 1842 3556 hoc
1855 3531 1955 3558 indicio
1968 3532 2104 3559 imitantur
2116 3532 2300 3559 verecundiam
2309 3552 2316 3564 ,
2329 3531 2391 3558 deii·
2433 3563 2434 3566 Ἴ

268 3259 308 3285 vel
322 3256 385 3292 quod
397 3265 412 3282 a
425 3255 494 3281 nobis
507 3256 608 3288 accipit.

270 3329 339 3354 scere
356 3328 431 3353 illum
446 3326 491 3358 est,
510 3333 589 3360 quem
601 3322 704 3350 dedisti.

273 3371 333 3389 nem
346 3372 387 3388 me
402 3361 513 3395 reposcis
525 3362 533 3387 3

271 3432 409 3459 Victoriae
430 3432 601 3465 reposcerent.

272 3502 460 3530 consobrinum
479 3501 635 3534 reposcebat.

272 3538 374 3566 Foedus
392 3536 519 3570 reposcite
538 3536 649 3562 tlauuuis
674 3533 750 3569 Virg.
769 3534 832 3559 Aen.
846 3540 884 3563 12,
905 3539 959 3565 573.

272 3582 368 3609 maguo
382 3571 493 3606 reposcit
514 3570 558 3596 Sil.
570 3578 606 3604 17,
621 3573 683 3603 460.

273 3679 364 3709 ocelle,
382 3679 426 3705 Ne
438 3685 532 3712 poenas
543 3674 658 3701 Nemesis
672 3676 796 3708 reposcat.
816 3675 849 3701 al.
863 3679 982 3708 reponat.

271 3714 344 3749 posci
359 3713 430 3739 videt
450 3713 525 3745 Virg.
541 3711 605 3736 Aen.
620 3718 656 3741 12,
671 3718 695 3734 2.

271 3791 410 3818 tutumque
423 3782 553 3814 omnium,
566 3780 611 3815 qui
623 3779 656 3806 ab
668 3779 750 3805 altero
764 3780 835 3806 vitae
848 3780 988 3807 Rationem
1005 3787 1032 3805 re
1052 3778 1150 3804 oscunt.

271 3855 346 3883 mus?
366 3853 469 3885 Liu.39,
482 3860 519 3887 37.
590 3848 843 3886 ViccmMartialst,
863 3856 899 3882 38.

1158 2788 1251 2813 Pedem
1261 2794 1299 2811 re-
1316 2795 1348 2823 75

1321 3146 1350 3175 85
1365 3143 1479 3169 deretur.

1057 3530 1174 3556 Fratrem
1194 3530 1308 3556 clamore

799 3567 873 3594 Paela
885 3567 1021 3601 reposcere
1033 3565 1193 3592 Stat.Theb.
1210 3574 1242 3597 11,
1251 3572 1308 3599 570.

272 3609 450 3643 Virg.Aen.6,
464 3614 508 3638 530
530 3606 564 3631 DI
580 3605 641 3631 talia
655 3605 742 3631 Graiis
763 3604 914 3634 Instaurate,
933 3602 979 3636 pio
992 3601 1008 3627 fi
1022 3609 1116 3635 poenas
1129 3610 1176 3627 ore
1191 3601 1306 3635 reposco.

273 3645 358 3671 Catul.
375 3644 407 3669 ad
419 3641 553 3668 Licinium
568 3640 634 3672 1150,
642 3648 673 3665 20
694 3641 836 3673 l'recesque
847 3637 956 3669 nostras,
972 3638 1093 3666 Oramus,
1114 3644 1176 3663 caue
1191 3636 1307 3670 despuas,

1075 3672 1198 3699 Promissa
1210 3672 1254 3698 sna
1268 3673 1425 3700 re-rooveri
1440 3672 1529 3699 maris.

801 3709 942 3737 Rationem
963 3708 1035 3734 Caes.
1051 3706 1114 3733 Bell.
1128 3707 1197 3733 Gall.
1216 3714 1245 3739 ς,
1264 3716 1304 3738 30.

272 3750 327 3775 Cic.
342 3750 418 3774 Verr.
431 3756 452 3779 3,
467 3756 476 3773 ι
495 3747 592 3780 Legem
608 3744 656 3771 fibi
669 3743 714 3777 ipsi
728 3744 856 3777 indicunt,
865 3744 1041 3775 innocentiae,
1052 3742 1238 3775 continentiae,
1252 3743 1306 3804 ἷζίῑ-

1282 3786 1306 3803 ἃ.

271 3820 372 3846 tionem
386 3827 432 3844 vos
445 3816 596 3852 reposcitiS,
616 3814 680 3848 quid
699 3813 795 3840 Achaei
808 3814 1022 3844 Lacedaemoniis
1053 3814 1106 3839 ello
1119 3811 1198 3839 vietis
1212 3812 1305 3839 feceri-

1353 2291 1418 2325 qffet.

1390 2334 1409 2352 R
1418 2333 1434 2351 E
1443 2332 1458 2351 P
1468 2332 1487 2351 R
1499 2333 1519 2352 Α
1529 2333 1545 2353 E
1555 2332 1572 2352 C
1584 2332 1633 2353 181
1645 2331 1665 2353 Ο
1677 2346 1685 2359 ,
1705 2326 1772 2352 ὅηίς.
1794 2326 1815 2353 f.
1842 2327 1933 2354 Castor
1946 2329 1970 2354 se
1982 2328 2170 2362 repraeclfione
2188 2328 2345 2362 genitalium
2357 2326 2389 2354 li-

1354 2360 1429 2387 berat
1441 2361 1518 2395 Apul.
1532 2363 1612 2387 Mem
1626 2371 1650 2395 p.
1666 2367 1694 2392 78
1714 2363 1792 2389 stcw.
1900 2362 1947 2391 Sed
1959 2363 2066 2390 Elmenh.
2087 2373 2111 2397 p.
2120 2368 2171 2395 106,
2180 2372 2207 2390 12
2227 2366 2389 2398 praecisione,

1355 2396 1420 2432 quod
1431 2400 1457 2422 in
1470 2397 1675 2422 emendationibus
1689 2397 1791 2431 probat.

1394 2439 1412 2457 R
1420 2438 1436 2458 E
1445 2438 1460 2457 Ρ
1470 2439 1488 2458 R
1497 2439 1519 2458 A
1527 2438 1544 2457 E
1553 2438 1565 2456 s
1574 2438 1589 2457 r
1600 2437 1620 2456 N
1630 2438 1651 2458 Τ
1660 2438 1679 2457 o
1687 2451 1695 2463 ,
1716 2435 1768 2457 are.
1811 2431 1968 2468 [παρίημι]
2021 2435 2124 2469 Proprie
2139 2432 2264 2469 fignificat
2282 2435 2307 2456 in
2317 2438 2390 2465 prae-

1349 2468 1458 2504 sentiam
1473 2467 1592 2497 reducere,
1608 2465 1698 2502 facere
1710 2473 1739 2493 ut
1752 2467 1828 2493 denuo
1838 2469 1956 2504 praesens
1970 2467 2007 2502 fit
2020 2470 2061 2495 vel
2075 2468 2117 2500 effe
2137 2468 2251 2494 videatur
2265 2466 2306 2498 id,
2330 2464 2392 2501 quod

1351 2503 1468 2539 praesens
1478 2503 1553 2538 suu,
1563 2502 1610 2537 sed
1625 2505 1674 2528 iam
1688 2511 1736 2529 non
1752 2501 1795 2535 est.
1877 2504 1918 2530 Sic
1932 2504 2037 2530 Colum.
2048 2513 2067 2536 1,
2082 2509 2104 2533 8,
2118 2512 2141 2529 11
2162 2506 2225 2534 vult,
2240 2503 2274 2527 Vt
2288 2501 2390 2528 villicus

1361 2539 1460 2573 semper
1475 2540 1499 2564 se
1512 2538 1696 2572 repraesentet,
1716 2540 1734 2563 ι’.
1744 2538 1906 2575 praesentiam
1912 2539 1983 2575 suam
1996 2538 2125 2572 restituat,
2137 2537 2199 2572 adfit
2208 2537 2313 2573 subinde
2322 2557 2329 2569 ,
2340 2544 2389 2563 cum

1356 2574 1494 2601 rediturum
1509 2582 1557 2599 non
1565 2574 1688 2608 putabant
1700 2579 1793 2607 operae.
1863 2575 1960 2609 Repetit
1975 2583 2008 2607 11,
2021 2583 2039 2606 1,
2052 2577 2093 2601 26.
2163 2575 2204 2601 Sic
2224 2572 2345 2598 Viridem
2353 2571 2382 2604 i)-

974 2610 1046 2640 Caes,
1063 2609 1129 2637 Bell.
1144 2610 1212 2635 Gall.
1228 2618 1254 2641 ς,
1270 2616 1298 2639 23
1312 2622 1348 2649 70
1357 2618 1449 2644 porem
1461 2608 1593 2635 oliuarum
1607 2609 1790 2642 repraesentat,
1808 2607 1925 2641 restituit,
1944 2610 2081 2636 conditura
2094 2609 2198 2636 Colum.
2208 2615 2292 2642 12‚47‚
2302 2613 2326 2638 8.
2358 2607 2385 2641 ᾖ»

1357 2646 1397 2672 his
1410 2654 1458 2671 non
1472 2644 1505 2670 ad
1517 2643 1670 2676 fimulacrum
1682 2645 1857 2679 qualecunque,
1870 2644 1918 2679 sed
1929 2645 1963 2671 ad
1975 2645 2051 2681 ipsam
2066 2648 2112 2678 rei,
2124 2644 2153 2671 de
2166 2653 2214 2680 qua
2225 2647 2312 2680 agitur
2322 2649 2386 2679 prae·

1352 2680 1461 2717 fintiam
1476 2680 1596 2715 refertur.
1668 2679 1709 2705 Sic
1720 2679 1814 2706 Horat.
1829 2680 1906 2714 Epist.
1916 2688 1937 2712 1,
1952 2689 1990 2713 19,
2001 2689 2031 2714 ¹4

1511 2713 1601 2747 Quid?
1621 2713 1637 2740 fi
1659 2714 1718 2749 quis
1731 2715 1805 2740 vultu
1819 2720 1899 2743 toruo
1916 2715 1986 2742 ferus
2005 2725 2034 2742 ac
2054 2715 2118 2751 pede
2137 2714 2219 2747 nudo,

1512 2750 1679 2783 Exiguaeque
1690 2755 1766 2783 togae
1780 2750 1880 2777 simulet
1900 2756 2001 2778 textore
2014 2752 2139 2778 Catonem
2151 2752 2161 2776 ἓ

1514 2786 1682 2812 Virtutemne
1704 2786 1878 2820 repraesentet
1904 2796 2045 2822 moresque
2057 2786 2180 2813 Catonis?

1363 2823 1428 2858 Ergo
1440 2820 1510 2847 aliud
1523 2819 1555 2853 cll
1569 2821 1641 2847 simul
1646 2830 1689 2847 are
1697 2821 1838 2848 Catonem:
1851 2823 1920 2849 aliud
1932 2823 2131 2857 repracsentare,
2144 2818 2389 2857 praefintemfistere,

1359 2860 1386 2883 in
1400 2860 1478 2884 uitam
1491 2857 1568 2893 ipsam
1581 2857 1703 2888 reducere,
1719 2857 1801 2890 vitam
1814 2863 1840 2884 et
1853 2867 1940 2885 mores
1954 2858 2068 2885 Catonis.
2140 2858 2206 2884 Hinc
2224 2857 2257 2883 ad
2270 2855 2389 2883 Memori-

1360 2902 1402 2919 am
1416 2901 1437 2918 et
1458 2902 1508 2918 eam
1521 2902 1580 2928 quae
1593 2892 1724 2926 Phantafia
1739 2899 1841 2920 vocatur
1853 2894 2043 2929 ani'losophis,
2055 2892 2274 2954 transgerrifhlet.
2311 2891 2390 2925 Qtin·

1363 2929 1418 2955 etit.
1432 2937 1463 2960 11,
1477 2937 1499 2960 2,
1512 2937 1521 2954 1
1541 2928 1610 2954 Nam
1625 2934 1649 2954 et
1663 2928 1750 2954 omnis
1768 2928 1904 2963 disciplina
1921 2929 2050 2955 memoria
2068 2937 2117 2954 con
2141 2935 2174 2960 at,
2200 2944 2245 2948 —-—
2271 2934 2296 2954 et
2308 2935 2389 2955 exem-

1363 3008 1425 3034 quas
1438 3008 1466 3025 in
1479 3004 1584 3033 promtu
1597 2999 1697 3033 semper
1709 2998 1805 3025 habere
1819 2998 1895 3026 debet
1908 3006 2008 3032 orator,
2026 2999 2116 3026 eadem
2132 3000 2177 3025 illa
2191 3000 2231 3026 vis
2249 3000 2392 3034 repracseffi

1362 3041 1415 3068 tat,
1432 3038 1450 3061 i.
1463 3035 1558 3061 reducit
1571 3036 1676 3060 velutin
1688 3034 1852 3069 praesentiam
1867 3042 1889 3060 et
1895 3033 1974 3068 sistit,
1993 3037 2085 3071 quoties
2098 3041 2158 3070 opus
2171 3033 2213 3068 est.

1364 3081 1386 3104 ι,
1400 3079 1422 3103 3¹
1444 3070 1526 3096 Vestis
1541 3069 1586 3096 illa
1601 3069 1753 3105 (Caesaris)
1773 3070 1897 3104 sanguine
1911 3070 2033 3103 madens,
2051 3070 2087 3097 ita
2108 3071 2310 3105 repraesentauit
2330 3071 2390 3097 ima-

1364 3107 1452 3141 ginem
1466 3105 1574 3135 sceleris,
1593 3112 1622 3131 vt
1635 3114 1688 3131 non
1703 3105 1804 3131 occisus
1817 3106 1864 3132 esse
1878 3106 1982 3139 Caesar,
1999 3106 2042 3132 sed
2056 3111 2112 3133 tum
2127 3106 2240 3132 maxime
2259 3106 2345 3134 occidi
2355 3104 2392 3132 vi-

1527 3142 1556 3168 Et
1570 3142 1594 3170 6,
1608 3150 1631 3169 2.
1646 3149 1678 3172 29
1698 3141 1768 3173 Qtas
1780 3141 1912 3175 φαντασίας
1925 3142 2018 3168 Graeci
2030 3148 2132 3173 vocant,
2150 3151 2197 3168 nos
2211 3143 2269 3168 sane
2284 3141 2392 3169 visione·

1842 359 1867 385 V
1865 365 1876 384 t
1890 368 1928 385 ma
1947 359 2004 392 ister
2013 361 2115 388 tradere
2128 360 2223 388 dicitur
2236 370 2288 386 cum
2299 361 2369 395 docet.
2398 378 2399 382 =

2146 1410 2270 1438 HaHenus
2281 1412 2319 1437 ille
2328 1421 2351 1443 3,
2363 1414 2385 1438 6
2414 1430 2415 1434 ,

2282 3036 2355 3062 Idem
2366 3034 2391 3066 6,
2420 3037 2424 3048 ⁸

1365 3178 1542 3213 appellemus,
1561 3185 1607 3210 per
1625 3185 1688 3209 quas
1708 3177 1832 3211 imagines
1852 3186 1940 3203 rerum
1961 3177 2107 3204 absentium
2121 3178 2157 3204 ita
2170 3179 2392 3212 repraesentantur
2420 3179 2423 3186 ’

1365 3214 1466 3244 animo,
1485 3219 1511 3238 vt
1524 3221 1565 3237 eas
1579 3221 1683 3238 cernere
1697 3212 1791 3244 oculis,
1810 3221 1837 3237 ae
1852 3214 1995 3246 praesentes
2010 3212 2104 3239 habere
2118 3213 2259 3239 videamus.
2316 3215 2346 3239 Et
2360 3220 2392 3245 11,

1365 3258 1387 3281 3,
1405 3257 1442 3281 155
1454 3246 1581 3274 Mouendi
1594 3249 1663 3275 ratio
1683 3254 1725 3273 aut
1743 3248 1768 3273 in
1788 3247 2007 3281 repraesentandis
2021 3248 2071 3280 est,
2089 3255 2132 3275 aut
2146 3248 2279 3275 imitandis
2298 3247 2395 3274 affecti-¹

1365 3284 1423 3310 bus.
1493 3283 1633 3317 Distinguit
1646 3283 1835 3317 repraesentare
1849 3290 1963 3317 tanquam
1975 3287 2053 3310 maius
2066 3294 2094 3311 ac
2103 3287 2227 3319 potentius
2240 3284 2354 3320 quiddam
2365 3281 2394 3310 ab

1549 3318 1594 3343 Sed
1610 3318 1659 3354 'psi'
1675 3322 1748 3345 etiam
1760 3319 1814 3344 Cic.
1827 3327 1875 3352 pro
1891 3320 1959 3345 Sext.
1976 3322 2008 3346 26
2020 3328 2068 3346 c.t1
2093 3321 2151 3346 Erat
2164 3319 2255 3345 eodem
2277 3326 2392 3354 tempore

1365 3356 1470 3381 Senatus
1484 3353 1511 3379 in
1525 3353 1587 3379 aede
1601 3353 1774 3385 Concordiae,
1787 3353 1858 3388 quod
1875 3353 1956 3388 ipsum
1975 3355 2101 3390 templum
2120 3355 2325 3389 repraesentabat
2342 3362 2392 3381 me·

1366 3390 1479 3417 moriam
1493 3389 1637 3415 consulatus
1650 3389 1712 3421 mei,
1732 3392 1747 3413 i.
1758 3389 1893 3422 reducebat,
1906 3388 2066 3423 instaurabat,
2086 3397 2115 3418 vt
2129 3397 2245 3426 tanquam
2254 3398 2316 3426 prae
2329 3396 2391 3416 entes

1364 3427 1482 3462 inspicere
1492 3424 1537 3457 fibi
1550 3425 1691 3450 uiderentur
1710 3423 1819 3451 afflones
1825 3425 1949 3451 Ciceronis
1961 3429 1988 3452 in
2002 3426 2139 3463 Consulatu.
2292 3390 2335 3464 qs

1366 3466 1439 3487 ctiam
1452 3460 1485 3486 ad
1491 3459 1680 3493 similitudinem
1692 3458 1840 3493 efficiendam
1851 3460 1995 3494 adhibetur,
2024 3469 2052 3489 vt
2065 3462 2120 3488 Sen.
2134 3461 2212 3495 Epist.
2227 3470 2248 3487 11
2274 3460 2391 3488 Artifices

1367 3569 1440 3595 ciunt
1454 3567 1566 3597 vultum,
1580 3565 1839 3598 verba'submittunt,
1855 3566 1938 3601 figunt
1951 3568 1979 3594 in
1991 3574 2085 3594 terram
2093 3567 2184 3595 oculos
2197 3574 2223 3595 et
2237 3568 2392 3603 deprimunt.

1367 3603 1492 3630 ruborem
1506 3602 1554 3627 fibi
1566 3601 1715 3635 exprimere
1727 3610 1779 3627 non
1793 3603 1902 3635 possunt.
2007 3602 2111 3629 Colum.
2125 3608 2154 3635 8,
2167 3612 2210 3638 17,
2224 3606 2241 3630 6
2260 3605 2390 3636 Quantum

1368 3637 1532 3665 comminisci
1539 3636 1606 3662 valet
1614 3636 1730 3663 hominis
1743 3636 1878 3669 ingenium
1893 3638 1987 3665 faciem
2001 3646 2029 3664 re
2049 3639 2191 3665 raeseutare
2205 3640 2244 3673 (i.
2251 3637 2391 3674 affimilare)

1600 3671 1705 3706 leian.
1718 3672 1754 3698 l.1
1768 3670 1846 3709 §.t-ff.
1861 3674 1887 3700 Si
1901 3674 1931 3706 is,
1939 3673 1985 3708 qui
1997 3678 2022 3699 te
2045 3673 2171 3700 am.liber
2184 3675 2231 3701 etse
2245 3675 2321 3701 iussus
2334 3673 2392 3705 erit,

1367 3708 1451 3742 Culpa
1462 3707 1524 3733 dolo
1537 3707 1656 3742 proxima
1670 3706 1759 3734 dolum
1772 3709 1959 3742 repraesentat,
1985 3711 2003 3734 i.
2018 3707 2071 3735 dolo
2082 3712 2270 3745 aequiparatur,
2278 3717 2327 3746 pro
2340 3708 2390 3735 dolo

1364 3744 1474 3772 babetur.
1668 3739 1688 3778 q
1710 3751 1722 3774 3
1758 3744 1956 3778 Repraesentare
1969 3741 2002 3776 est
2004 3742 2154 3780 simpliciter
2154 3745 2252 3781 facere,
2259 3752 2288 3772 ut
2301 3741 2392 3780 aliquid

1360 3778 1477 3815 praesens
1487 3775 1533 3810 fit,
1553 3780 1570 3802 i.
1584 3776 1709 3809 exhibere,
1729 3777 1803 3811 dare,
1816 3777 1950 3815 praeliare,
1962 3787 2060 3814 cumque
2064 3780 2146 3815 sedem
2158 3784 2185 3806 in
2198 3784 2291 3816 primis
2310 3780 2390 3807 habeat

1361 3818 1389 3841 in
1401 3823 1428 3840 re
1436 3814 1592 3848 pecuniaria,
1611 3818 1634 3838 et
1647 3813 1704 3838 inde
1716 3815 1822 3850 reliquae
1827 3814 1928 3851 formae
1933 3813 2025 3849 pqffinl
2040 3816 2165 3851 intelligi,
2182 3816 2241 3842 hinc
2247 3814 2390 3851 potiffirnum

969 3849 1174 3885 Reposcerckper
1180 3847 1306 3881 iudicem,
1312 3855 1356 3884 105
1362 3852 1524 3885 incipiamus.-
1541 3857 1592 3884 qua
1604 3851 1632 3875 in
1644 3856 1671 3875 re
1683 3858 1748 3877 more
1760 3848 1841 3885 nostro
1854 3858 1902 3876 non
1912 3848 2049 3886 refellemus
2062 3851 2326 3889 alitersentientesfflvd
2332 3846 2391 3885 quod

2309 3892 2388 3913 verum

2322 3422 2406 3452 zstd,
