2434 4156
181 111 220 149 23
551 92 828 150 QVA

183 185 270 211 Valer.
290 185 369 210 Flacc.
390 187 421 211 2,
445 180 490 212 563
529 181 603 213 Quot
623 180 690 206 mihi
705 181 760 214 post
783 180 918 214 lacrimas,
938 182 995 215 post
1009 187 1106 216 quanta
1119 180 1222 214 piaculo

183 227 284 254 patrum
309 218 382 242 Serus
393 214 470 241 adesZ
525 218 554 242 Et
575 224 597 248 3,
613 219 653 241 261
684 217 743 242 Heu
758 216 821 241 socii
834 216 937 249 quanti·
951 217 1117 249 complerunt
1143 216 1223 240 li1ora

184 253 311 281 monstris.
418 250 508 276 lustin.
525 260 562 283 iz,
576 259 600 281 ις
619 251 689 276 Scire
703 250 894 283 vaticinarique
907 251 976 281 se,ac
990 259 1071 284 paene
1086 249 1170 275 oculis
1184 248 1223 274 vi-

185 289 246 316 dere
259 287 341 315 dixit,
360 293 487 319 quantuni
501 285 528 311 sii
544 287 570 312 in
587 286 635 311 hoc
655 286 798 310 certamine
813 285 945 317 sanguinis
959 285 1047 312 fusura
1059 284 1226 315 Macedonia,

186 321 288 357 quantis
303 319 433 353 caedibus,
447 330 501 355 quo
516 330 622 349 cruore,
637 327 744 345 mortno
760 319 807 344 sibi
821 325 997 352 parentatura.

187 360 217 383 de
231 355 309 382 Cons.
323 356 440 382 Honorii
463 365 483 388 3,
497 360 537 381 ιε’»
562 355 660 387 Qianti
675 361 730 379 tum
750 354 868 384 iuuean
885 360 996 387 quantae
1010 355 1132 389 spretiere
1146 352 1229 386 pudo-

185 400 239 418 rem
268 390 405 424 Speebndi
420 391 507 416 studio
520 391 631 416 inatres?
666 388 719 414 vid.
737 388 824 414 Barth.
843 397 866 420 p.
884 397 931 413 122.
1039 388 1130 414 Sidon.
1142 388 1229 422 Apoll.

185 428 273 453 Carni.
286 434 301 452 2
317 427 335 452 s.
356 428 445 459 Paneg.
457 425 578 451 Anthcm.
591 432 617 449 22
644 423 771 456 Suffragia
786 429 825 448 tot
837 423 903 452 sunt,
917 429 1014 456 quanta
1027 423 1091 455 legit
1107 422 1229 449 mundus.

187 462 343 488 Terentian.
361 471 385 495 p.
394 468 460 494 2427
468 467 510 494 pr.
546 461 654 486 Maurus
669 459 730 484 item
745 464 855 491 quantos
868 458 941 490 potui
955 458 1112 491 cognoscere
1120 458 1232 483 Graios?

186 500 203 523 i.
223 504 290 532 quot,
310 506 380 531 quam
389 498 502 531 paucos?

188 539 328 563 notamur,
358 535 376 557 i.
400 537 436 556 ent
458 536 531 563 quot.
579 530 609 554 Et
623 528 674 554 eod.
701 527 801 559 Quanti
821 527 894 552 enim
914 527 945 552 ad
960 527 1058 552 malum
1072 527 1235 560 persorman-

189 569 249 594 tur?
306 569 337 593 Ee
360 576 380 592 c.
396 574 431 599 40
450 564 612 591 christianos
627 563 658 589 ad
677 561 795 588 leonem!
821 562 927 588 Tantos
942 561 974 587 ad
988 563 1088 588 vnum?
1159 563 1190 588 Et
1205 570 1236 594 50

188 602 278 638 infime
292 603 365 633 libri,
391 601 447 626 Nec
468 606 554 625 tamen
579 604 664 624 tantos
683 597 823 623 inueniunt
843 596 924 623 verba
945 597 1104 631 discipulos,
1124 603 1237 631 quantos

188 638 333 665 Christiani
347 636 422 661 facilis
437 633 564 660 docendo.
637 632 795 659 Tertull.de
805 632 900 658 Anima
913 641 944 664 30
962 633 1069 658 Tantae
1081 632 1159 659 vrbes
1174 632 1238 663 iam,

190 680 301 708 quantae
316 680 367 697 non
381 672 451 696 casae
466 669 607 703 quondam.

188 709 252 735 viri.
296 709 405 741 Denique
417 705 449 731 de
463 703 609 730 kefin-rect.
624 712 692 729 carn.
702 712 736 736 42
762 704 880 736 (Quantos
895 703 965 730 enini
981 704 1074 730 licebit
1086 703 1128 729 vel
1143 703 1239 737 pridia-

190 754 238 771 nos
251 742 374 769 inueniri.
447 741 557 765 Hieron.
572 740 617 773 Ep.
630 739 660 764 ad
676 738 791 765 Castruc.
806 740 843 765 T.
861 748 869 764 ι
885 740 902 764 f.
917 748 948 771 92
973 741 1092 773 Qiantos
1106 740 1240 765 cernimus

190 778 312 806 Ethnicos
329 784 406 809 atque
419 775 540 807 ludaeos,
559 790 603 793 —
625 774 739 800 volutari
755 776 782 801 in
796 783 880 800 coeno
895 774 1058 800 libidinum?
1115 776 1146 800 Et
1160 774 1237 809 Apol.

190 815 248 842 adu.
264 813 350 839 Rufin.
365 811 395 837 ad
410 810 453 835 fin.
468 810 504 836 T.
521 819 536 836 z
556 810 576 835 f.
590 818 621 842 9⁴
645 811 745 843 Qianti
764 811 792 836 in
812 810 910 836 somnis
926 810 1022 836 diuites
1042 810 1140 843 apertis
1154 810 1239 836 oculis

189 856 295 883 repente
317 846 431 873 mendici
451 846 525 871 sunt?

190 884 459 916 Christ1157quaeren5,
475 885 585 914 quantos
599 881 685 907 secum
698 882 826 915 gestarent
841 880 924 913 cibos,
959 886 977 907 ι’.
999 888 1116 917 quantum
1129 882 1188 913 cibi,
1201 882 1241 906 uel

190 926 245 956 quot
258 927 333 953 panes
343 916 409 942 adeo.
449 916 606 950 id.3‚19,27
626 918 729 950 Qianta
740 917 982 943 hominummillia.
1021 919 1060 943 Ne
1067 918 1095 942 cle
1102 917 1240 949 Ambrosio,

189 952 334 990 Augustino,
344 953 421 984 lctis,
429 952 526 986 aliquid
538 952 657 978 dicamus.
713 950 733 988 q
755 961 766 984 3
794 953 904 985 Qianti,
919 953 1058 983 Conuiuas,
1068 953 1150 979 uerbis
1160 955 1241 987 pretii

183 991 246 1027 solet
259 989 326 1019 adds,
335 986 457 1013 intelteclo
471 991 587 1013 nimirum
597 988 641 1014 hoc
656 988 707 1022 ipso
717 990 841 1019 Gemmco,
850 988 938 1021 pretii.
993 989 1062 1014 Ter.
1071 989 1135 1014 Eun.
1145 997 1167 1020 5,
1175 991 1202 1020 6,
1212 996 1241 1020 14

189 1024 270 1052 Emit!
289 1024 346 1058 peri
359 1023 460 1049 hercle:
481 1024 588 1056 quanti?
626 1030 650 1049 Ρ.
678 1024 776 1057 viginti
791 1023 878 1048 minis.

188 1061 230 1087 Ob
244 1069 300 1086 eam
314 1060 387 1085 rem?
408 1065 434 1083 Ι).
453 1058 489 1084 ob
503 1067 570 1084 eam.
589 1058 722 1092 postremo
735 1068 748 1084 a
763 1067 804 1084 mc
818 1060 1065 1092 argentum,quanti
1080 1059 1125 1091 est,
1133 1059 1240 1085 sumito.

189 1098 206 1123 i.
227 1105 250 1121 e.
277 1096 384 1128 Qianto
405 1094 491 1128 pretio
514 1094 597 1126 valet,
631 1094 719 1126 inquit
739 1094 865 1120 Donatus.
956 1094 1011 1120 Cic.
1034 1094 1111 1120 Acad.
1136 1103 1170 1127 4,
1193 1103 1238 1120 120

188 1131 288 1163 Quanti
305 1131 411 1156 libertas
425 1130 470 1155 ista
485 1128 644 1155 aestimanda
659 1129 704 1162 est,
717 1139 770 1155 non
785 1129 852 1156 mihi
866 1130 962 1155 necess‘e
976 1131 1023 1156 effe
1037 1130 1108 1164 quod
1119 1130 1169 1156 tibi
1184 1130 1238 1156 est?

187 1167 256 1202 conf.
277 1166 314 1192 Id.
325 1165 356 1191 de
367 1166 427 1191 Nat.
437 1166 516 1191 Deor.
534 1174 543 1191 1
558 1174 578 1191 c.
594 1173 636 1191 20.
733 1165 833 1198 Quanti
848 1174 877 1191 ea
892 1174 932 1191 res
948 1166 1008 1196 erit,
1028 1173 1053 1192 et
1067 1166 1167 1198 Qianti
1182 1174 1240 1191 eam

188 1212 243 1230 rem
260 1203 307 1228 else
321 1208 436 1235 apparet,
451 1200 521 1226 idem
537 1200 638 1226 valent:
665 1199 693 1226 in
713 1208 823 1234 Vtraque
837 1202 908 1227 enim
922 1201 1036 1227 clausula
1051 1202 1134 1236 placet
1148 1210 1238 1227 veram
1255 1214 1287 1238 30

187 1239 226 1265 rei
241 1238 449 1263 aestimationem
465 1235 524 1262 lieri
542 1236 646 1269 leian.
664 1235 681 1261 l.
698 1244 742 1270 179
769 1236 801 1263 de
818 1237 891 1263 verb.
905 1236 991 1270 signif.
1023 1238 1068 1264 hoc
1082 1235 1114 1269 ql}
1125 1257 1132 1269 ,
1146 1246 1194 1262 non
1207 1237 1241 1262 ad

187 1273 302 1308 icl,'quotl
313 1271 428 1303 interest:
442 1271 489 1306 sed
505 1271 539 1307 all
554 1281 635 1296 uerum
650 1273 687 1297 rei
697 1276 806 1305 pretium
818 1280 953 1306 pertinent.
978 1278 1006 1298 vt
1021 1273 1038 1298 l.
1054 1272 1165 1299 Arbitro
1175 1293 1182 1305 ‚
1209 1272 1240 1298 de

188 1309 250 1335 dolo
265 1309 324 1334 mal.
338 1307 354 1333 l.
374 1308 489 1333 Praetor.
507 1315 524 1339 4
543 1305 565 1342 6.
588 1307 659 1332 Haec
674 1313 770 1333 autem.
804 1308 835 1333 Vi
850 1307 912 1334 bon.
925 1314 992 1341 rapt.
1022 1308 1148 1334 Interdum
1162 1315 1241 1334 autem

187 1345 215 1371 al
232 1347 315 1375 etiam,
331 1342 395 1378 quod
407 1340 522 1375 interest,
535 1341 716 1376 complcflirur.
739 1349 765 1368 vt
786 1343 803 1368 l.
818 1352 836 1376 4
855 1343 885 1369 de
900 1344 1003 1369 Damno
1019 1344 1130 1371 infectio.
1173 1345 1241 1370 Hinc

182 1380 297 1415 formula
315 1379 381 1413 apud
400 1378 555 1408 Valerium,
581 1379 617 1411 (Q
638 1378 665 1403 F..
687 1379 716 1404 R.
736 1379 763 1404 Ε.
785 1379 823 1405 T.
842 1380 867 1405 P.
890 1380 910 1404 I.
928 1380 962 1405 R.
981 1380 1012 1405 D.
1033 1380 1071 1406 T.
1095 1381 1133 1412 Q
1152 1380 1183 1406 D.
1207 1380 1239 1405 D.
1260 1388 1288 1413 35

187 1417 219 1441 D.
240 1416 264 1440 P.
287 1414 315 1440 F.
359 1414 499 1447 QiantiEa
510 1414 559 1439 Res
567 1413 631 1440 Erit.
639 1413 745 1438 Tantae
759 1414 885 1440 Pecuniae
898 1414 1242 1449 IudiciumRecuperatori-

190 1460 234 1476 um
245 1449 526 1481 Dab0‚TcstibusQie
534 1449 666 1474 Duntaxat
674 1449 768 1474 Decem
778 1449 957 1475 Denuntiandi
965 1450 1118 1475 Potestatem
1129 1450 1242 1475 Faciam.

190 1486 288 1519 Qianti
307 1485 414 1511 interest
429 1484 567 1519 legatarii,
588 1492 690 1510 moram
706 1484 802 1511 factam
816 1493 869 1510 non
892 1485 958 1516 effe,
990 1484 1132 1510 Africanus
1147 1483 1164 1509 l.
1187 1484 1242 1516 Qui

189 1524 264 1548 vsum
278 1521 310 1547 fr.
328 1520 350 1558 §.
364 1522 410 1548 vlt.
430 1521 460 1546 D.
487 1520 518 1545 de
534 1520 616 1546 vsusr.
636 1526 661 1545 ct
679 1520 828 1553 quemadm.
870 1520 938 1555 conf.
961 1520 1003 1551 Ι.3
1024 1518 1073 1556 §.3
1093 1520 1125 1545 D.
1147 1519 1179 1544 de
1197 1518 1241 1544 iti-

191 1566 252 1584 nere
265 1558 376 1590 actuque
391 1565 429 1591 pr.

191 1600 252 1620 emt.
270 1599 294 1618 et
310 1592 386 1618 vend.
421 1591 475 1624 Qi
490 1600 567 1625 pecus
586 1590 759 1623 morbosum,
777 1598 822 1617 aut
843 1593 945 1624 tignum
965 1591 1092 1617 vitiosum
1111 1589 1242 1621 vendidit,

192 1628 319 1663 siquidem
332 1637 455 1661 ignorans
469 1627 540 1657 fecit,
549 1625 576 1652 id
586 1633 686 1652 tantuin
701 1636 732 1653 ex
748 1633 820 1652 emto
828 1626 933 1661 aelionc
943 1626 1143 1660 praestaturum,
1152 1626 1243 1659 quanti

191 1665 304 1691 minoris
318 1665 377 1689 esset
388 1669 515 1694 emturus,
534 1662 550 1688 li
565 1662 602 1688 ita
617 1662 704 1688 sciss‘et.
763 1662 846 1687 Paullo
856 1662 922 1696 post,
940 1663 995 1695 (Qui
1010 1662 1096 1687 furem
1112 1661 1242 1691 vendidit,

190 1707 235 1727 aut
250 1700 410 1734 fugitiuum:
435 1698 565 1731 liquidem
579 1698 659 1723 sciens
669 1718 676 1729 ,
695 1697 823 1731 praestare
837 1696 946 1723 debebit
969 1698 1061 1730 quanti
1076 1697 1187 1723 emtoris
1203 1697 1242 1722 in-

192 1736 286 1763 terfuit
301 1744 354 1761 non
367 1734 465 1768 decipi:
487 1733 504 1759 fi
521 1742 586 1759 vero
600 1733 739 1767 ignorans,
758 1733 826 1759 circa
840 1733 985 1765 fugitiuum
1000 1732 1108 1766 quidem
1129 1739 1242 1764 tenetur,
1256 1740 1290 1766 43

192 1772 284 1806 quanti
298 1771 412 1797 minoris
425 1776 541 1796 emturus
556 1769 629 1799 ess'et,
649 1768 665 1794 fi
681 1777 741 1794 euin
762 1768 907 1802 fugitiuum
929 1768 1018 1795 scisset.

191 1806 292 1834 busdam
306 1806 430 1840 legendum
444 1807 552 1838 Qianto
565 1805 687 1831 minoris.

193 1843 285 1875 quanti
300 1843 359 1868 effe:
374 1850 475 1868 annona
504 1841 561 1867 Cic.
575 1842 650 1866 Verr.
667 1849 689 1872 3,
704 1846 754 1871 193.

192 1878 275 1904 Plaut.
288 1877 364 1911 Epid.
379 1888 403 1910 2,
417 1885 440 1905 2.
455 1885 504 1902 110.

193 1914 224 1941 L.
239 1914 328 1946 Aquil.

194 1956 266 1976 emto
286 1949 316 1974 D.
330 1947 361 1973 de
377 1947 426 1973 aft.
441 1948 505 1973 emti
522 1953 546 1972 ct
559 1946 670 1972 venditi.

1062 1769 1168 1794 Valeria·
1189 1772 1242 1803 qui-

774 1805 859 1830 Pluris
876 1805 983 1830 Senatus
995 1804 1147 1830 aestimass'et
1165 1813 1243 1837 quam

851 1840 950 1872 Qianti
965 1841 1018 1866 emi
1031 1840 1113 1874 potest
1129 1840 1244 1866 minimo

621 1876 720 1907 Qianti
736 1875 845 1908 plurimi
860 1884 900 1901 res
915 1876 948 1900 est
978 1875 992 1900 l.
1008 1885 1031 1901 21
1047 1883 1072 1902 ct
1087 1876 1103 1902 l.
1119 1885 1149 1908 25
1165 1876 1197 1901 D.
1211 1876 1243 1902 ad

716 1946 789 1971 Ideni
805 1946 858 1978 ait,
874 1956 926 1972 non
940 1946 1086 1973 tradentem
1100 1948 1191 1981 quanti
1205 1948 1245 1973 in-

193 1985 264 2012 tersit
278 1983 463 2010 condemnari:
491 1983 551 2009 satis
567 1989 654 2008 autem
666 1990 719 2007 non
736 1982 854 2013 dantem,
870 1982 962 2015 quanti
976 1983 1091 2016 plurimo
1105 1983 1243 2009 aufiorein

194 2020 339 2056 periclitari
353 2026 467 2053 oportet.
523 2020 609 2044 Paullo
619 2019 682 2052 post,
710 2018 844 2044 Eintorem
857 2018 949 2044 noxali
968 2018 1069 2045 iudicio
1089 2018 1244 2045 condemna-

195 2064 268 2088 tum,
287 2065 318 2082 ex
333 2061 403 2083 emto
417 2054 523 2081 ac‘lione
537 2053 563 2079 id
578 2060 678 2080 tantum
693 2053 830 2086 consequi,
843 2054 936 2087 quanti
950 2054 1062 2080 minimo
1077 2054 1185 2089 defungi
1200 2065 1245 2089 po-

194 2098 254 2119 tuit.

189 2128 335 2164 periclitari
347 2133 441 2161 oportet
453 2132 576 2158 emtorem,
596 2134 667 2160 quum
679 2125 789 2159 plurimo
799 2127 978 2160 periclitatur,
999 2125 1028 2151 id
1040 2125 1072 2158 affl
1082 2128 1194 2161 plurima
1204 2134 1245 2162 pe-

194 2167 277 2190 cunia.
327 2163 427 2196 Quanti
448 2161 563 2187 minimo
584 2161 694 2194 defungi
708 2160 810 2194 potuit,
830 2160 858 2186 id
869 2159 911 2193 cll,
930 2165 1019 2196 quanti
1036 2162 1143 2196 defungi
1155 2161 1247 2196 potest,

194 2208 266 2234 quum
279 2201 378 2224 minimo
397 2197 547 2233 dzfzmgitur
565 2203 588 2223 et
602 2197 749 2230 explicatur.
836 2198 936 2229 Qiaiiti
957 2197 1117 2223 conductum
1131 2198 1182 2223 erit
1201 2204 1246 2224 aut

196 2236 311 2261 locatum
332 2234 398 2260 Cato
413 2242 471 2267 ¹44·
576 2232 623 2259 Sed
637 2232 729 2266 quanti
747 2232 838 2265 quanti
854 2233 918 2258 bene
931 2233 1044 2264 emitur,
1063 2233 1133 2266 quod
1148 2234 1246 2259 nec-effe

197 2271 232 2296 est
253 2270 308 2296 Cic.
329 2271 380 2295 Att.
400 2277 435 2299 12,
451 2276 486 2300 23.

195 2305 296 2338 rzifiti'ca
309 2305 434 2336 adulatio,
454 2305 493 2329 uel
510 2302 595 2337 irrijfio
605 2306 701 2338 polim.
760 2305 845 2330 Paullo
857 2305 932 2330 aliter
949 2304 1030 2330 Plaut.
1040 2304 1112 2329 Persa
1126 2314 1154 2336 4,
1169 2313 1196 2335 4,
1213 2306 1248 2336 46

198 2344 334 2374 Qiantum
353 2340 388 2366 cst
402 2339 529 2366 adhibere
544 2339 679 2365 hominem
695 2339 828 2371 amicum,
848 2339 894 2365 vbi
907 2339 971 2374 quid
986 2348 1068 2373 geras.
1147 2339 1247 2371 Quanti

198 2377 277 2404 ettad
292 2377 387 2402 famam
410 2376 463 2402 Cic.
479 2384 528 2409 pro
542 2376 661 2401 Muraen.
679 2380 715 2407 38.
821 2376 922 2408 Quanti
937 2375 1027 2401 fuerit.
1051 2374 1132 2400 Plaut.
1147 2376 1250 2408 Capm,

200 2422 222 2443 2,
238 2421 270 2447 4²
297 2413 352 2446 Ego
369 2412 504 2446 postquam
518 2418 608 2445 gnatus
630 2416 689 2437 tuus
704 2410 803 2444 potitus
817 2412 853 2436 est
866 2410 999 2443 hostium,
1020 2416 1141 2444 expertus
1157 2411 1249 2443 quanti

199 2449 289 2477 fuerit,
298 2457 364 2473 nunc
377 2446 503 2473 defidero.

199 2485 267 2511 Ter.
278 2485 371 2509 Heaut.
384 2492 403 2514 1,
418 2491 438 2515 ι,
455 2491 506 2514 ¹03·
611 2482 658 2508 cic
683 2483 735 2515 Qi.
752 2483 820 2509 Frat.
837 2492 857 2513 1,
870 2491 895 2514 z,
908 2492 921 2513 4
948 2483 1015 2509 Noli
1029 2482 1144 2516 spectare
1159 2482 1250 2513 quanti

199 2521 282 2547 homo
300 2519 336 2546 sit„
351 2519 426 2552 parui
441 2518 511 2544 enim
525 2517 604 2551 pretii
622 2518 673 2547 est,
690 2518 734 2550 qui
752 2518 804 2543 iam
820 2518 887 2544 nihil
902 2518 939 2543 lit.
1048 2518 1120 2543 idem
1136 2518 1205 2543 Fam.
1225 2527 1249 2548 2,

200 2558 227 2585 16
249 2557 288 2581 Au
305 2554 416 2585 dubitas,
432 2563 513 2588 quuiu
530 2553 592 2579 scias
606 2554 695 2587 quanti
718 2563 777 2579 cum
792 2554 884 2585 illum,
908 2562 963 2579 tum
978 2562 1041 2579 vero
1055 2554 1180 2580 Tulliam
1197 2562 1249 2579 me-

199 2601 241 2617 am
255 2592 366 2616 faciam?
461 2590 516 2616 Cic.
532 2589 601 2616 Fam.
616 2597 632 2623 7
645 2593 698 2620 (io)
724 2589 803 2621 Vide,
817 2590 906 2624 quanti
923 2589 990 2623 apud
1006 2599 1046 2615 me
1061 2589 1099 2614 fis.
1160 2592 1251 2622 Qian-

200 2628 221 2654 ti
241 2627 366 2658 veheret,
379 2624 544 2659 interrogaui
576 2626 707 2658 Qiiuclil.
722 2635 749 2658 4,
771 2634 791 2650 2.

200 2663 291 2694 docet,
313 2670 378 2696 quot
392 2671 405 2687 a
425 2661 532 2687 ciuitate
547 2661 588 2686 sua
603 2668 691 2687 nautas
708 2660 854 2695 acceperit,
873 2668 955 2695 quot,
974 2669 999 2687 et
1012 2662 1105 2695 quanti
1119 2670 1251 2696 quemque

203 2698 341 2724 dimiserit.
379 2701 397 2722 i.
425 2699 525 2732 Qaeanta
537 2703 640 2730 pecuum
652 2704 760 2731 occepso.

238 2740 286 2773 QV
296 2741 316 2759 Λ
329 2740 349 2758 Ν
362 2740 383 2759 T
394 2739 412 2756 V
425 2739 459 2758 Μ.
495 2731 564 2758 Adu.
591 2734 752 2767 onutimtis
766 2738 866 2757 vocavit.
892 2733 1031 2767 plerumque
1051 2739 1130 2758 autem
1137 2730 1251 2768 substan-

201 2772 252 2795 11¹2ae
265 2768 369 2804 positum
382 2769 490 2804 intrhigi
499 2765 588 2803 pottjll.
625 2767 782 2801 Quinclil.4
798 2775 917 2801 prooem.
939 2769 972 2794 Vt
982 2774 1109 2802 quantum
1119 2768 1195 2794 nobis
1210 2777 1253 2794 ex-

201 2805 368 2839 spec‘tationis
383 2803 492 2834 adiecit,
511 2809 611 2829 tantum
624 2803 725 2837 ingenii
740 2804 844 2837 aspiret.

184 2857 185 2861 =
202 2849 277 2867 auras
287 2840 432 2872 Aetherias,
449 2846 558 2870 tantuin,
573 2846 618 2864 etc.
641 2840 715 2873 Virg.
732 2840 829 2871 Georg.
844 2847 869 2870 2,
883 2847 942 2871 292.
978 2839 1051 2865 Idem
1066 2840 1130 2865 Aen.
1146 2850 1173 2872 4,
1188 2844 1251 2871 446.

203 2883 227 2902 εἰ
248 2876 299 2901 Ecl.
317 2885 334 2904 1,
350 2877 387 2901 26.
496 2874 651 2903 Numantia,
665 2881 790 2909 quantum
804 2874 986 2907 Carthaginis,
1001 2876 1114 2908 Capuae,
1129 2873 1254 2900 Corinthi

203 2911 300 2945 opibus
315 2911 442 2939 inferior,
462 2911 500 2935 Ita
518 2910 622 2935 virtutis
635 2911 744 2936 nomine
763 2918 788 2936 et
806 2910 908 2935 honore
922 2919 982 2943 prae
995 2910 1120 2935 omnibus
1143 2910 1213 2934 Flor.
1230 2917 1256 2940 2,

208 2953 241 2979 ιε,
256 2956 273 2973 i.
346 2948 480 2979 Qantum
495 2945 590 2970 animis
604 2946 703 2971 erroris
719 2945 799 2971 inest!
820 2944 901 2971 Ouid.
912 2945 976 2970 Fast.
993 2954 1014 2976 2,
1028 2950 1085 2978 789.
1165 2946 1253 2976 Qian-

204 2989 259 3008 tum
275 2981 392 3016 peditum
414 2981 505 3007 Tacit.
523 2980 591 3006 Hist.
609 2990 637 3012 4,
658 2989 693 3012 33.

204 3019 276 3044 enim
290 3017 402 3044 transffl'e
417 3016 532 3042 militum
543 3036 551 3047 ‚
572 3015 588 3041 fi
603 3017 653 3041 sest·
666 3016 785 3042 Britanni
799 3016 954 3041 numerent?
1061 3015 1128 3041 Tcr.
1146 3015 1251 3042 ¹r’horiu.

206 3063 223 3085 i,
239 3063 260 3085 2,
275 3062 286 3085 3
319 3053 428 3087 Accipe,
449 3051 508 3078 hem
526 3051 623 3077 leffium
637 3052 687 3083 est,
710 3051 851 3077 conueniet
863 3060 1000 3083 numerus,
1021 3058 1147 3085 quantum
1162 3051 1252 3077 debui.

207 3091 235 3115 [ἐι
265 3089 345 3115 Andr.
364 3097 392 3120 3,
416 3097 441 3120 2,
460 3097 478 3120 4
502 3088 580 3120 Qiod
600 3086 654 3112 inssi
675 3096 698 3112 ei
722 3087 783 3113 dare
800 3086 910 3118 bibere,
930 3093 955 3112 et
970 3093 1097 3120 quantum
1113 3087 1254 3120 imperaui,

206 3126 273 3151 datc.
382 3124 447 3149 Plin.
464 3123 541 3156 Epist.
564 3131 589 3154 9,
607 3131 638 3155 39
662 3124 797 3156 Quintum
812 3122 843 3149 ad
858 3123 987 3156 porticus¹
1006 3122 1074 3148 nihil
1089 3124 1196 3148 interim
1212 3132 1254 3148 oc-

1088 318 1226 344 Clfflffilflfl·
1255 329 1269 355 5
1294 334 1350 351 rem
1365 326 1508 351 Romanam
1524 323 1642 350 fouebat.

664 669 694 694 Ει
714 669 744 693 ad
768 667 902 702 Scapulam
922 677 940 700 4
977 669 1007 694 Et
1022 668 1115 702 quanti
1133 667 1237 694 honesti
1259 678 1284 704 15
1302 673 1338 698 tia
1354 673 1496 706 eripiatur,
1530 679 1549 701 i,

596 845 712 872 LaCtant.
734 856 759 880 4,
780 855 814 878 ις,
832 847 858 871 16
886 847 999 872 Vocauit
1021 846 1164 880 discipulos
1180 846 1239 871 suOS
1253 857 1289 875 20
1306 850 1371 875 Eun.
1386 856 1410 881 ς,
1425 857 1444 880 i,
1457 857 1491 874 20
1508 850 1705 884 Comprehendi
1720 852 1781 879 iube
1795 860 1920 887 quantum
1934 853 2024 888 potest·

952 1022 990 1049 Id.
1003 1023 1116 1057 Adelph.
1131 1031 1154 1056 ς,
1168 1032 1194 1056 9,
1207 1031 1240 1049 20
1255 1034 1286 1060 25

478 1555 578 1589 Quanti
592 1555 704 1581 minoris
723 1555 827 1589 leian.
841 1556 868 1580 in
881 1556 897 1581 l.
913 1555 1028 1581 Iuliam„
1050 1556 1080 1581 D.
1096 1555 1127 1580 de
1141 1554 1241 1580 aetion.
1255 1568 1292 1591 40

437 1911 537 1944 Qianti
557 1911 686 1944 plurimo,
710 1918 733 1936 ct
756 1911 856 1942 (Qianti
870 1911 984 1937 minimo
1008 1911 1113 1945 leian.
1127 1913 1154 1937 in
1176 1912 1192 1937 l.
1208 1912 1244 1937 Ex
1264 1922 1295 1947 50

298 2094 366 2126 Qaae
384 2092 474 2116 locutio
487 2089 525 2122 fic
540 2090 687 2125 resoluitur:
708 2090 800 2115 -Tarzti
813 2089 929 2116 ιίαιηηανὶ
940 2089 1007 2116 debet
1021 2090 1145 2123 uenditor,
1157 2094 1246 2126 quanti
1264 2096 1292 2122 53

603 2268 704 2300 Qianti
719 2267 755 2294 est
770 2268 873 2302 sapere!
899 2269 967 2294 Ter.
976 2268 1039 2294 Eun.
1055 2277 1083 2300 4,
1097 2276 1122 2302 7,
1138 2278 1170 2294 ει.
1202 2270 1248 2294 Pa-
1262 2270 1297 2295 60

598 2447 699 2479 Qianti
720 2447 844 2480 penderes
858 2447 950 2479 illum,
964 2455 1099 2480 nunquam
1115 2446 1248 2472 ostendisti
1264 2451 1295 2481 63

909 2626 963 2651 Cic.
974 2626 1049 2651 Vei-r.
1068 2634 1090 2657 ς,
1105 2634 1137 2651 ιιι
1157 2626 1186 2651 ln
1201 2634 1252 2660 qua
1266 2636 1302 2664 70
1317 2634 1357 2662 ap.
1372 2625 1473 2652 Charis.
1490 2635 1514 2660 p.
1530 2634 1584 2657 192.

767 2982 840 3006 ldcui
854 2981 880 3005 in
889 2980 950 3005 Vita
965 2981 1052 3014 Agric.
1069 2988 1094 3011 33
1118 2980 1253 3013 Qiantuni
1270 2985 1302 3010 80
1319 2982 1355 3007 sat
1369 2980 1457 3006 habes.

1673 88 1954 146 QVA
2285 85 2375 142 24'

1283 185 1351 216 tiae,
1370 191 1455 218 neque
1475 181 1624 214 socordiae,
1643 186 1767 213 quantum
1790 177 1915 205 Intellexi
1936 179 2018 206 modo
2037 180 2106 206 senio
2127 180 2283 207 sententiam
2303 180 2335 207 de

1287 220 1396 253 nuptiis,
1479 220 1612 251 Qiantum
1627 224 1675 250 ego
1683 215 1742 241 Scio
1770 213 1887 240 Scribon.
1905 223 1955 249 171.
2062 218 2194 249 Qiantuvr-
2211 225 2259 250 (Ἑρ
2273 216 2334 242 Sen-

1289 256 1329 282 tio
1358 256 1413 281 Cic.
1429 255 1505 280 Acad.
1525 263 1550 285 4,
1571 261 1624 284 140.
1732 252 1866 283 Qiantum
1881 251 2002 284 Suspicor
2035 251 2092 278 Ter
2118 252 2183 277 Eun.
2204 260 2228 284 i,
2249 267 2275 283 .-,
2291 253 2334 277 62.

1292 291 1352 316 Liu.
1367 292 1410 321 26,
1424 295 1449 320 38
1470 289 1558 316 Dasius
1576 286 1700 313 Annibali
1712 294 1822 316 anneus,
1837 284 1959 317 Blaenus,
1970 292 2096 320 quantum
2109 296 2140 313 ex
2154 294 2210 313 tuto
2223 288 2336 318 Poterat,

1760 320 1830 347 Idem
1855 327 1890 352 ῖς,
1909 330 1939 354 23
1964 322 2046 348 Simul
2069 323 2236 348 altitudinem
2256 322 2338 354 inuri,

1293 366 1419 394 quantum
1434 360 1555 393 proxime
1569 357 1721 385 conicetura
1735 359 1851 387 (nutam)
1876 356 1986 388 Poterat,
2000 359 2158 391 permensus.
2249 358 2340 390 Qian-

1293 400 1349 421 tum
1363 404 1412 429 ego
1426 395 1500 421 illum
1515 395 1582 426 vidi,
1600 393 1724 420 nonnihil
1740 395 1821 428 timeo
1834 391 1928 418 misera
1946 393 2014 419 Ter.
2025 393 2088 419 Eun.
2098 403 2125 425 4,
2136 401 2182 425 1,1.
2219 395 2238 418 i.
2253 394 2338 426 Qun-

1294 437 1343 455 tum
1358 430 1574 466 irzteHige›·epotm
1590 439 1618 455 ex
1632 429 1699 454 illius
1712 428 1826 464 gestibus.
1931 427 1986 454 Cic.
1998 429 2050 461 Qi.
2068 429 2135 454 Frat.
2152 437 2171 457 i,
2191 436 2210 459 ι,
2225 435 2258 460 29
2277 436 2297 453 c.
2312 435 2337 459 13

1295 464 1391 499 Neque
1404 473 1429 491 te
1443 467 1527 500 patiar
1540 469 1679 500 (quantum
1698 464 1725 489 in
1737 472 1778 489 me
1793 462 1855 493 erit)
1868 471 1927 488 cum
1940 465 2093 497 exceptione
2107 463 2215 490 laudari.
2264 462 2340 496 Idem

573 493 691 519 Teffl'll·
707 493 784 526 ΑΡΟῙ·
801 501 808 517 ¹
830 493 859 517 Et
874 493 930 517 [ΗΜ
944 493 1027 523 tanti,
1047 493 1139 526 q²¹³¹¹f¹
1152 499 1178 518 et
1191 492 1232 517 de·
1251 501 1279 519 ¹0
1298 506 1345 531 pro
1354 500 1430 526 Arch.
1447 509 1468 526 ιι
1489 501 1558 527 Huic
1573 500 1694 534 prot'eCm
1708 499 1754 533 ipsi
1764 519 1772 531 ‚
1793 504 1916 532 quantum
1931 497 1967 523 est
1979 499 2062 526 Situm
2078 500 2105 525 in
2122 499 2210 530 nobis,
2225 504 2249 524 et
2262 507 2342 532 opem

1300 538 1326 558 et
1338 534 1444 560 salutem
1457 536 1528 561 ferre
1542 536 1675 562 debemus.
1713 539 1731 560 i.
1752 535 1876 569 Quantum
1887 541 1931 568 per
1945 531 2054 569 nos-fiiri
2063 537 2152 570 potest.
2190 535 2288 569 Saepius
2304 540 2342 559 tci-

1300 576 1353 592 men
1368 575 1414 603 per
1433 570 1530 605 eclipsin
1550 571 1671 603 dicimus,
1707 573 1841 603 Quantum
1858 571 1884 594 in
1899 578 1939 595 me
1953 568 1997 594 est.
2107 572 2178 596 Velut
2194 578 2241 605 par
2252 577 2343 604 paren-

1300 601 1385 641 thesin,
1440 605 1539 631 Saliust.
1554 606 1581 631 in
1595 605 1713 640 Iugurth.
1727 614 1762 637 3ι,
1778 614 1811 631 22
1833 605 1902 630 Nam
1916 611 1940 630 et
1954 605 2028 635 illos,
2043 614 2169 640 quantum
2184 604 2343 639 importuni-

1301 643 1362 664 tatis
1375 637 1480 672 habent,
1495 649 1587 674 parum
1600 641 1636 667 est
1655 642 1762 675 impune
1779 641 1845 666 male
1859 639 2007 672 sentienti}
2021 640 2116 667 deinde
2130 640 2249 667 faciundi
2263 640 2343 666 licen-

1573 683 1621 711 pro
1631 677 1679 712 sua
1692 680 1898 711 importunitate,
1920 684 1978 710 quae
1996 673 2029 708 ‹st
2042 677 2137 703 illorum
2158 680 2344 710 importunitas.

1303 708 1410 734 Sueten.
1431 709 1458 734 in
1476 711 1550 749 vesp.
1570 720 1591 736 c.
1607 721 1634 744 4.
1672 713 1701 738 Id
1715 713 1747 738 de
1761 713 1922 745 Imperatore
1939 712 2074 743 Romano,
2100 718 2227 746 quantum
2246 717 2344 738 euentu

1304 743 1390 777 postea
1407 743 1565 776 praediolum
1577 747 1676 779 patuit,
1689 748 1778 773 Iudaei
1791 747 1823 773 ad
1838 748 1862 772 se
1880 746 2009 773 trahentes
2027 746 2196 774 rebellarunt.
2282 748 2346 772 Pro-

1305 787 1382 812 pera,
1396 785 1521 813 quantum
1535 781 1617 814 potest
1644 782 1722 809 Plaut.
1738 783 1815 809 Poen.
1832 791 1852 814 3,
1868 791 1887 813 i,
1901 786 1946 816 64.
1958 789 1997 818 Jc.
2006 785 2074 817 jin-1.
2112 783 2167 809 add.
2191 782 2229 809 Id.
2244 782 2305 808 Aul.
2318 790 2345 814 2,

1303 822 1328 846 9,
1344 822 1368 840 2.
1461 814 1594 847 Qantum
1608 817 1698 850 potest.
1737 823 1754 844 i.
1781 818 1943 850 Celerrime,
1971 826 1997 843 υι
2013 826 2049 842 att
2069 819 2194 844 Donatus.
2272 818 2343 844 Ter.

2118 854 2189 880 Idem
2203 853 2307 880 Phorm.
2322 860 2347 885 ς,

1308 891 1331 916 8,
1347 893 1357 916 3
1379 886 1515 916 Qlantum
1529 885 1620 918 potest,
1633 896 1702 913 nunc
1717 889 1911 915 conuenientius
1924 889 2050 916 Phormio
2063 889 2111 919 est,
2127 890 2278 924 priusquam
2300 895 2346 914 etc.

1306 920 1375 960 Ter.
1396 919 1502 959 Phorin-
1520 929 1548 952 4,
1567 929 1594 952 3,
1613 924 1647 953 69
1680 923 1814 955 Qantum
1837 932 1909 958 potes
1928 934 1970 950 me
1989 925 2130 950 certiorem
2151 926 2253 958 inquit,
2281 925 2346 950 face.

1308 956 1364 996 Cic.
1386 954 1522 995 deflFinib.
1543 963 1574 987 2,
1595 964 1622 995 39
1652 958 1785 991 Qantum
1800 960 1871 985 enim
1891 966 2000 994 potero,
2021 961 2138 986 minuam
2159 962 2348 986 contentiones.

1306 991 1460 1031 Pha-Epist.
1473 999 1498 1023 3,
1513 999 1542 1029 21,
1558 990 1636 1017 Dedit
1650 993 1721 1018 enim
1733 993 1799 1019 mihi
1818 1002 1944 1028 quantum
1958 996 2102 1021 maximum
2118 1002 2218 1029 potuit,
2237 996 2346 1022 daturus

1305 1027 1418 1061 amplius
1433 1026 1450 1052 fi
1468 1026 1599 1060 potuiiset.
1712 1028 1842 1055 Columel.
1863 1039 1898 1061 12,
1917 1039 1944 1057 21
1970 1032 2139 1066 Exploratum
2155 1031 2248 1058 habeat
2267 1039 2349 1066 quan-

1305 1068 1362 1088 tum
1381 1062 1528 1097 plurimum
1540 1061 1616 1087 salsae
1631 1069 1714 1094 aquae
1727 1063 1818 1089 vinum
1831 1065 1902 1098 quod
1914 1066 2014 1097 fecerit,
2029 1067 2077 1092 lin-.-
2091 1068 2187 1093 offensa
2200 1067 2286 1101 gustus
2295 1066 2350 1102 pati

1304 1098 1387 1133 possit.
1483 1098 1618 1138 Qiaiituni
1633 1096 1775 1130 plurimum
1788 1100 1886 1132 potest,
1906 1101 1953 1127 ista
1966 1102 2091 1128 beneficia
2104 1103 2203 1128 deuitet
2231 1104 2287 1129 Sen.
2302 1104 2349 1136 Ep.

1305 1139 1328 1174 8-
1407 1133 1491 1173 ‚Tsslfl
1507 1134 1571 1158 hun-
1592 1139 1614 1164 5,
1629 1141 1650 1162 2,
1669 1139 1682 1164 3
1709 1133 1761 1159 Vbi
1776 1134 1849 1166 vidi,
1866 1143 1914 1168 ego
1927 1145 1968 1162 me
1981 1137 2008 1162 in
2023 1138 2112 1171 pcdes,
2130 1145 2255 1172 quantum
2270 1147 2350 1172 queo,

1305 1178 1335 1196 in
1354 1175 1523 1203 angiportum
1544 1167 1678 1202 quoddam
1699 1166 1837 1195 desertum.
1885 1171 1962 1196 Deest
1982 1181 2008 1198 in
2028 1173 2076 1199 hoc
2096 1174 2223 1208 loquendi
2244 1182 2350 1206 genere,

1305 1206 1386 1237 Cito,
1411 1210 1455 1231 aut
1474 1204 1615 1230 velociter:
1643 1209 1671 1229 vt
1689 1202 1735 1236 fit,
1762 1205 1896 1237 Qiantum
1910 1207 1963 1232 cito
1977 1216 2055 1241 queo.
2097 1209 2137 1235 Sic
2160 1202 2350 1240 declarandum,

1305 1243 1442 1274 Quantum
1461 1241 1569 1273 polium,
1583 1245 1608 1265 et
1622 1245 1746 1272 quantum
1760 1247 1841 1273 poteS.
1933 1241 2007 1269 Idem
2020 1243 2100 1270 Andr.
2121 1253 2144 1277 5,
2162 1253 2188 1277 2,
2210 1254 2239 1270 ,ο
2264 1244 2351 1271 Subli.

1304 1285 1375 1303 mem
1390 1276 1459 1302 hunc
1475 1276 1547 1302 intro
1559 1283 1631 1308 rape,
1647 1281 1773 1308 quantum
1788 1281 1869 1310 potes.
1888 1278 1906 1302 i.
1927 1278 2013 1311 Qiam
2027 1279 2080 1305 cito
2094 1281 2208 1313 poteris;
2227 1280 2296 1314 quasi
2312 1281 2349 1306 di-

1305 1322 1355 1344 caS,
1369 1312 1516 1338 celerrime.
1624 1311 1760 1343 Quantum
1779 1311 1923 1338 cochlearia
1941 1314 2008 1346 tria,
2027 1321 2140 1348 quatuor
2155 1322 2199 1341 etc.
2230 1316 2351 1342 Sci-ibon.

1308 1356 1358 1380 1¹9-
1380 1355 1428 1380 ¹4¹·
1498 1348 1633 1385 Quantum
1648 1345 1708 1372 faba
1727 1345 1764 1372 ld.
1779 1355 1826 1378 125.
1896 1349 2031 1380 Qiantum
2044 1350 2119 1376 fabae
2133 1352 2272 1385 Aegyptiae
2295 1360 2353 1385 144.

1307 1398 1352 1403 —-
1384 1381 1458 1408 nucis
1478 1381 1610 1414 iuglandis
1632 1389 1682 1413 143,
1792 1382 1910 1406 Immane
1924 1390 2066 1416 quantum,
2099 1386 2258 1412 Immensum
2271 1396 2352 1422 quan.

1307 1425 1373 1449 tum,
1396 1416 1558 1444 Incredibile
1573 1423 1712 1449 quantum,
1730 1417 1831 1442 Mirum
1843 1421 1980 1449 quantum,
1997 1417 2123 1443 Nimium
2135 1428 2274 1452 quantum,
2294 1422 2352 1448 Plu.

1306 1455 1406 1480 rimum
1421 1458 1559 1486 quantum,
1582 1451 1729 1476 Peimirum
1744 1458 1886 1483 quantum,
1922 1451 1974 1475 vid.
1995 1448 2029 1482 ff.
2053 1449 2080 1474 ll.
2125 1454 2192 1485 cons.
2213 1456 2242 1478 G.
2258 1457 2354 1482 Fabric.

1304 1487 1370 1520 Cast.
1378 1492 1405 1514 in
1417 1487 1600 1523 Ter.Phorin.
1609 1495 1636 1518 4,
1650 1494 1671 1518 3.
1715 1487 1743 1511 L
1752 1486 1840 1512 Carrio
1855 1482 1924 1510 Lesb.
1933 1487 1998 1511 Ant.
2011 1493 2036 1516 2,
2046 1492 2063 1516 9
2081 1490 2105 1510 et
2119 1492 2153 1516 13.
2177 1491 2201 1511 et
2222 1489 2319 1515 Emend.
2331 1499 2356 1522 2,

1307 1530 1344 1552 18.
1397 1525 1432 1548 A.
1449 1523 1543 1549 Schatt.
1558 1520 1621 1554 ‘Olgs-
1632 1531 1657 1554 5,
1674 1528 1697 1550 8.

1344 1564 1363 1583 0
1374 1564 1394 1583 V
1403 1564 1425 1584 Α
1434 1564 1456 1583 Ν
1467 1564 1488 1583 T
1500 1561 1530 1582 Ο.
1568 1555 1636 1581 Adii.
1672 1556 1683 1588 [
1695 1554 1741 1588 ἴσῳ
1753 1556 1766 1588 ]
1802 1555 1976 1590 Comparatiuo
1995 1558 2124 1591 iungitur,
2143 1564 2210 1591 eique
2229 1557 2354 1592 respondet

1308 1583 1411 1620 Tanto.
1474 1592 1544 1618 Ter.
1560 1591 1655 1616 Heaut.
1676 1599 1699 1622 3,
1719 1599 1737 1622 1,
1753 1598 1778 1622 ις
1805 1591 1834 1616 Et
1847 1597 1946 1623 quanto
1966 1590 2066 1616 diutius
2080 1591 2165 1622 abest,
2184 1593 2265 1625 magis
2277 1595 2352 1628 cupio

1310 1635 1401 1661 tanto,
1420 1633 1446 1654 et
1464 1627 1546 1661 magis
1561 1625 1689 1652 desidero.
1785 1626 1893 1658 Quanto
1905 1627 2003 1652 caelum
2019 1627 2151 1660 asperius,
2169 1633 2242 1653 tanto
2260 1635 2284 1655 et
2299 1638 2352 1656 cor.

1309 1673 1374 1699 pora
1389 1670 1413 1690 et
1429 1665 1535 1697 ingenia
1548 1661 1657 1687 durzora
1677 1661 1767 1686 lustin.
1785 1670 1806 1694 2,
1824 1670 1842 1691 1,
1855 1669 1888 1692 ι3.
1985 1662 2168 1696 Virg.Georg.
2191 1672 2219 1696 4,
2237 1671 2282 1697 412
2306 1664 2354 1692 Sed

1310 1706 1411 1735 quanto
1435 1699 1481 1725 ille
1501 1699 1584 1732 magis
1610 1698 1708 1723 formas
1730 1697 1754 1722 se
1773 1703 1857 1723 vertet
1876 1697 1905 1722 in
1919 1705 2026 1727 omnes,
2052 1698 2146 1724 Tanto
2164 1705 2210 1724 etc.
2270 1699 2357 1733 Omiffli

1311 1736 1443 1762 redditiuo.
1510 1735 1617 1766 Qianto
1636 1732 1776 1759 fecundior
1796 1732 1847 1764 est,
1865 1732 1976 1758 celerius
1996 1734 2104 1759 senescit
2122 1734 2253 1760 Columel.
2267 1744 2289 1766 7,
2301 1744 2325 1767 9,
2337 1743 2359 1767 3.

1311 1772 1462 1805 Propinqua
1474 1770 1592 1801 moenia,
1606 1775 1705 1803 quanto
1719 1768 1775 1802 plus
1790 1769 1844 1802 spei
1857 1767 1890 1794 ad
1903 1767 2042 1802 effugium,
2056 1770 2189 1798 minorem
2202 1770 2233 1796 ad
2247 1770 2359 1796 resisten-

1310 1807 1373 1833 duni
1386 1807 1504 1833 animum
1519 1804 1615 1831 dabant
1635 1804 1704 1831 Tac.
1718 1803 1784 1830 nist.
1799 1812 1821 1836 3,
1837 1809 1872 1836 ι8,
1884 1811 1906 1836 ς.
1972 1805 2078 1830 Lucret.
2094 1813 2116 1837 3,
2130 1814 2180 1831 200
2205 1806 2290 1840 Igitur
2303 1815 2359 1840 par-

1309 1843 1409 1869 viffmia
1438 1850 1549 1875 corpora
1568 1846 1667 1875 quanto
1710 1840 1740 1865 Et
1754 1839 1878 1865 leuillima
1891 1840 1965 1872 sunt,
1992 1840 2029 1866 ita
2055 1841 2208 1868 mobilitate
2226 1842 2359 1868 fruuntur.

1312 1880 1371 1905 Cum
1391 1880 1513 1913 SuperIat.
1548 1877 1655 1909 Qianto
1669 1875 1754 1910 prima
1769 1876 1904 1901 Romanae
1925 1875 1999 1901 vrbis
2018 1876 2097 1910 virgo
2117 1876 2218 1903 nobilis
2237 1878 2285 1904 else
2303 1887 2360 1904 eoe-

1310 1915 1379 1949 pisti,
1393 1920 1466 1940 tanto
1480 1912 1530 1940 tibi
1543 1912 1656 1946 amplius
1672 1910 1845 1938 laborandum
1858 1910 1903 1942 est,
1916 1920 1949 1937 ne
1962 1918 2008 1938 etc.
2028 1913 2141 1939 Hieron.
2154 1912 2187 1939 ad
2195 1913 2316 1940 Eustoch.
2328 1914 2360 1941 de

1312 1951 1369 1977 Cast
1388 1950 1457 1985 virg.
1548 1948 1652 1975 Lucret.
1666 1956 1693 1980 4,
1707 1955 1742 1981 79

1466 1984 1497 2010 Et
1513 1990 1612 2018 quanto
1629 1985 1728 2009 circum
1741 1991 1816 2016 mage
1830 1982 1887 2008 sunt
1900 1982 1999 2008 inclusa
2012 1982 2131 2010 Theatri

1468 2021 1586 2052 Moenia,
1598 2025 1650 2046 tam
1666 2019 1749 2053 magis
1762 2018 1824 2044 haec
1837 2019 1907 2044 intus
1922 2018 2026 2053 perfusa
2038 2018 2131 2053 lepore

1468 2056 1565 2082 Omnia
1584 2055 1731 2082 conrident.

1653 2091 1790 2124 Quoniam
1810 2089 1955 2124 primordia
1977 2096 2077 2116 tantum

1466 2129 1530 2154 Sunt
1543 2127 1644 2154 nostros
1664 2127 1733 2153 infra
1748 2126 1831 2152 sensus
1845 2131 1971 2160 tantoque
1991 2126 2095 2152 minora

1467 2165 1553 2196 Qiam
1568 2172 1635 2197 quae
1650 2163 1766 2197 primum
1779 2161 1852 2187 oculi
1875 2167 1994 2195 coeptant
2008 2171 2061 2189 non
2074 2162 2141 2196 posse
2159 2161 2238 2188 tueri.

1312 2200 1353 2227 Sic
1367 2201 1393 2232 6,
1401 2204 1449 2232 458
1467 2201 1509 2225 Fit
1524 2207 1631 2233 quoque
1647 2198 1693 2224 vbi
1707 2198 1804 2223 montis
1820 2197 1906 2222 vicina
1922 2198 2057 2224 cacumina
2077 2198 2149 2223 caelo

1469 2236 1555 2268 Qiain
1571 2234 1618 2260 fint
1631 2242 1750 2268 quaeque
1763 2233 1844 2266 magis
1853 2252 1861 2264 ,
1875 2239 1948 2258 tanto
1963 2233 2046 2267 magis
2060 2233 2131 2259 edita
2143 2233 2254 2258 fument.

1555 2271 1662 2301 Qianto
1677 2269 1733 2303 plus
1747 2269 1814 2294 aeris
1833 2275 1891 2293 ante
1905 2269 2019 2302 agitatur

1469 2305 1500 2329 Et
1514 2305 1615 2330 nostros
1634 2305 1726 2330 oculos
1745 2310 1874 2338 perterget
1895 2304 2002 2338 longior
2015 2312 2078 2330 aura

1470 2340 1543 2365 Tam
1559 2339 1650 2373 procul
1664 2340 1711 2364 effe
1726 2339 1807 2372 magis
1818 2348 1860 2364 res
1878 2348 1997 2374 quaeque
2012 2345 2116 2366 remota
2130 2338 2246 2365 videtur.

1315 2377 1422 2408 Qianto
1440 2375 1524 2409 magis
1545 2381 1568 2400 et
1589 2380 1642 2400 tam
1660 2373 1743 2403 mariis
1764 2373 1813 2405 fibi
1834 2373 1979 2408 respondem
1997 2379 2071 2401 etiam
2108 2383 2137 2407 ς,
2159 2383 2206 2407 453
2224 2375 2262 2408 sq.
2300 2375 2363 2401 item

1316 2418 1365 2444 484
1383 2418 1405 2436 et
1418 2415 1466 2444 488
1488 2421 1516 2437 ac
1536 2419 1599 2444 490.
1710 2409 1785 2443 Apul.
1805 2409 1880 2442 Apol.
1902 2419 1927 2443 p.
1942 2417 2000 2443 275,
2021 2418 2050 2442 23
2084 2409 2181 2437 Laudis
2199 2407 2360 2436 assuetudin-

1317 2453 1417 2481 quanto
1431 2446 1606 2472 contumeliae
1621 2445 1747 2476 insolens,
1762 2444 1846 2471 inulto
1860 2450 1932 2471 tanto
1945 2453 1976 2470 ex
1990 2446 2081 2472 animo
2096 2446 2209 2472 laborat.
2290 2443 2359 2469 Ter-

1316 2484 1381 2509 Eun.
1395 2493 1422 2516 4,
1436 2491 1458 2515 ς,
1474 2491 1492 2515 4
1519 2482 1585 2513 Vah,
1601 2489 1700 2516 quanto
1714 2490 1782 2507 nunc
1795 2480 1938 2507 formosior
1953 2478 2045 2506 videre
2059 2481 2143 2511 inihi,
2158 2489 2236 2514 quam
2248 2477 2359 2506 dudum!

1316 2518 1385 2544 Ibid.
1401 2526 1423 2550 3,
1437 2525 1501 2552 3pr.
1541 2517 1677 2549 Profecto,
1696 2523 1795 2551 quanto
1811 2517 1892 2550 magis
1905 2515 2038 2549 magisque
2051 2515 2153 2547 cogito,
2173 2515 2303 2540 nimirum
2321 2514 2363 2540 da.

1316 2555 1357 2581 bit
1370 2554 1432 2580 haec
1449 2554 1536 2579 Thais
1551 2554 1618 2580 mihi
1638 2562 1761 2587 magnum
1775 2551 1882 2578 malr-m.
1986 2550 2041 2575 Cic.
2062 2548 2141 2574 Aeaci.
2161 2556 2181 2580 i,
2202 2557 2230 2574 io
2254 2550 2362 2580 Qianto

1318 2592 1400 2624 inagis
1414 2589 1566 2624 philosophi
1586 2589 1769 2620 deleciabiint,
1787 2587 1803 2614 fi
1818 2593 1846 2613 vt
1859 2586 1900 2612 illi
1913 2583 2070 2624 Aeschylum
2091 2591 2135 2623 etc..
2206 2583 2279 2618 Conf.
2294 2584 2360 2611 Cato

1690 2625 1796 2656 Qauto
1809 2622 1865 2655 plus
1878 2619 2058 2646 delec‘lationis
2071 2620 2210 2646 habiturus
2224 2619 2269 2651 est,
2281 2628 2361 2653 quam

1318 2671 1348 2688 ex
1362 2662 1414 2687 illis
1430 2661 1570 2688 ineruditis
1583 2659 1764 2693 voluptatibus
1788 2655 1917 2689 Qiinehl.
1940 2664 1964 2686 1,
1985 2664 2018 2681 12.
2125 2656 2232 2687 Quanto
2247 2655 2362 2680 minoris

1315 2695 1427 2724 ustiones
1440 2701 1466 2722 1⁴72
1478 2700 1531 2723 iure
1547 2696 1622 2721 Ciuili
1634 2697 1694 2719 duae
1707 2696 1870 2727 reperiuntur,
1889 2700 1991 2726 quarum
2005 2692 2084 2717 altera
2098 2691 2186 2717 C1'u11i1
2196 2712 2203 2722 ‚
2224 2692 2301 2716 altera
2316 2691 2364 2716 Ae-

1316 2734 1405 2760 dilicia
1418 2731 1459 2765 est.
1514 2730 1620 2760 Ciuilis,
1635 2729 1670 2755 est
1684 2734 1782 2763 quanto
1793 2727 1905 2753 minoris
1919 2733 2036 2752 emturus
2050 2733 2105 2752 erat
2120 2733 2215 2757 emtor,
2232 2726 2247 2751 si
2263 2725 2363 2752 vitium

1318 2769 1399 2796 sciss'et
1436 2767 1453 2792 l.
1472 2766 1588 2792 Iulianus
1603 2765 1633 2790 D.
1648 2763 1679 2789 de
1693 2763 1789 2789 a&ion.
1804 2769 1866 2788 enit.
1962 2762 2102 2794 Aedilicia,
2117 2762 2153 2788 est
2165 2768 2263 2796 quanto
2277 2762 2363 2787 mino-

1311 2094 1343 2120 Ee
1363 2102 1392 2127 4,
1414 2101 1454 2119 iio

1313 2270 1354 2297 Sic
1365 2278 1394 2302 4,
1402 2277 1449 2302 252

916 2803 946 2829 Et
967 2810 1095 2837 quantum
1111 2805 1209 2830 vertice
1223 2804 1255 2829 ad
1277 2810 1306 2835 ᾖς
1319 2805 1355 2830 ris
1370 2811 1410 2829 res
1425 2802 1476 2827 fuit
1489 2799 1637 2826 commelus
1653 2806 1780 2834 tempore,
1793 2807 1870 2833 quam
1883 2798 1974 2832 quanti
1988 2804 2057 2824 emta
2071 2798 2106 2824 est
2146 2797 2163 2823 1.
2185 2797 2266 2830 Qiod
2286 2797 2303 2823 si
2317 2805 2363 2823 no-

1319 2839 1350 2865 lit
1375 2837 1398 2870 6.
1419 2836 1436 2863 fi
1451 2837 1536 2870 plures
1563 2836 1594 2861 de
1607 2836 1719 2861 Aedilic.
1735 2834 1813 2861 edici
1834 2835 1861 2859 in
1875 2834 1900 2859 P.

1375 2870 1404 2899 'v
1414 2880 1433 2898 Λ
1443 2880 1463 2898 N
1476 2879 1495 2897 'r
1507 2879 1514 2897 1
1524 2880 1536 2897 s
1546 2879 1560 2897 P
1570 2879 1586 2898 E
1596 2878 1625 2903 R,
1662 2871 1726 2897 vnde
1740 2877 1762 2896 et
1780 2870 1985 2904 Aliquantisper.
2042 2868 2139 2895 Caecil.
2165 2868 2292 2897 Fallacia,
2312 2869 2362 2895 Ve-

1321 2910 1369 2935 lim
1384 2908 1525 2941 Paullisper
1545 2907 1663 2941 experiri
1678 2913 1716 2937 te,
1732 2906 1883 2940 quantisper
1902 2914 1955 2931 non
1968 2904 2025 2939 plus
2038 2904 2165 2930 triduum.
2237 2905 2364 2938 Pompon.

1319 2946 1424 2975 Dotata‚
1444 2944 1544 2970 I'ofl‘nm
1559 2951 1668 2969 exorare
1683 2949 1717 2974 te,
1725 2948 1753 2968 vt
1765 2944 1868 2969 recedas
1884 2950 1898 2967 a
1910 2950 1952 2967 ine
1967 2941 2107 2975 paulliiper
2119 2939 2210 2973 modo,
2217 2941 2364 2974 quantisper

1495 2986 1534 3013 ap.
1554 2979 1627 3005 Non.
1644 2987 1677 3010 ii,
1694 2987 1732 3004 20.
2348 3010 2353 3011 ,

1354 3023 1432 3055 QVA
1446 3022 1465 3041 Ν
1477 3021 1525 3039 'ro
1535 3021 1552 3041 C
1566 3022 1571 3039 i
1583 3022 1602 3040 v
1613 3021 1636 3040 s.
1672 3014 1739 3040 Adu.
1776 3012 1885 3039 Discede
1900 3012 2070 3047 quantocius,
2084 3021 2116 3038 ne
2129 3020 2172 3038 me
2185 3011 2221 3038 ob
2237 3011 2366 3038 iniuriam

1319 3058 1392 3078 tuam
1406 3050 1521 3077 caelestis
1535 3051 1572 3077 ira
1589 3051 1725 3078 consumat
1745 3049 1840 3083 Sulpic.
1856 3049 1912 3074 Seu.
1927 3049 1994 3075 Dial.
2010 3057 2022 3080 3
2037 3058 2049 3074 c
2072 3056 2093 3080 ς.

1355 3093 1406 3126 qv
1418 3094 1438 3113 A
1452 3094 1471 3112 N
1489 3092 1510 3112 Τ
1523 3094 1565 3113 ΟΡ
1575 3084 1592 3112 ἕ
1603 3093 1620 3112 R
1630 3093 1656 3112 E.
1694 3084 1761 3112 Adii.
1797 3085 1809 3118 [
1822 3084 1850 3109 ei<
1868 3083 1920 3110 ὅσον
1934 3085 1946 3118 ]
1977 3093 2026 3119 pro
2046 3085 2124 3117 ‚Qtam
2144 3082 2216 3108 valde
2229 3093 2236 3107 :
2265 3083 2364 3117 Quanto

1320 3130 1403 3158 opere,
1426 3130 1452 3148 ut
1473 3124 1648 3156 magnopere,
1668 3121 1732 3156 quod
1750 3120 1845 3152 diuisim
1865 3130 1953 3155 quoquc
1972 3119 2097 3146 adhihem.
2118 3118 2142 3154 s
2166 3120 2183 3144 I.
2210 3117 2362 3151 ostendimus.

206 3161 304 3191 currit,
317 3160 388 3193 quod
403 3159 525 3185 videatur
538 3158 612 3184 istinc
624 3159 672 3184 elle
686 3157 866 3192 repetendum.
903 3158 927 3183 h.
943 3168 962 3183 e.
989 3158 1061 3193 Qod
1073 3165 1151 3184 autem
1165 3165 1257 3185 attinet
1274 3162 1303 3191 85
1321 3160 1379 3186 Cic.
1391 3159 1472 3185 Tusc.
1494 3167 1514 3189 ς,
1529 3161 1545 3184 6
1569 3160 1734 3191 Qianiquain
1749 3157 1781 3182 de
1795 3157 1916 3182 vniiiersa
1930 3154 2096 3189 philosopha
2115 3161 2275 3187 quantopere
2288 3161 2360 3186 expe-

206 3196 238 3220 Μ
249 3204 367 3229 portu-us.
466 3195 600 3226 Quantum
615 3195 707 3220 attinet
723 3195 752 3220 ad
768 3194 891 3228 antiquos
906 3194 1094 3227 iiostrOS,ante,
1111 3201 1156 3220 etc.
1178 3196 1253 3220 Varr.

209 3231 239 3256 dc
254 3233 282 3256 R.
300 3231 328 3256 R.
352 3239 370 3257 i.
393 3239 430 3255 io.
544 3231 679 3264 Qiantuin
700 3230 735 3256 cll
756 3229 880 3256 adhibere
903 3230 1037 3255 hominem
1057 3231 1189 3263 amicum,
1208 3230 1255 3256 vbi

208 3266 270 3297 quid
283 3265 369 3299 geras!
388 3266 468 3291 Plaut.
483 3265 549 3290 Pers.
564 3276 591 3298 4,
606 3274 633 3298 4,
647 3269 690 3298 46.
726 3266 750 3292 h.
764 3276 782 3291 r.
797 3267 876 3300 Qmm
890 3267 989 3299 confert
1002 3272 1025 3291 rt
1039 3265 1160 3300 praellae.
1199 3266 1252 3292 vid.

209 3302 307 3333 Quanti
321 3301 368 3327 cst!
388 3305 415 3326 in
435 3307 591 3337 QiANTvs
621 3310 645 3326 n.
667 3310 685 3332 3-
792 3302 864 3326 Itlcm
880 3301 974 3335 Amph.
996 3310 1015 3333 i,
1036 3310 1054 3334 1,
1071 3308 1113 3333 198
1145 3302 1253 3333 Nescio,

210 3343 333 3368 qua-itum
353 3343 379 3362 tu
402 3336 540 3362 familiaris
554 3336 597 3362 iis:
622 3337 670 3362 niti
683 3336 800 3362 achitum
816 3337 876 3362 hinc
890 3336 956 3368 abis,
978 3344 1021 3362 ctc.

209 3370 312 3397 (λιιι-ηπ.
328 3379 350 3402 51
381 3372 420 3396 Sic
438 3372 468 3397 ad
488 3372 578 3398 omnia
593 3372 719 3406 confugi,
738 3378 865 3406 quantum
884 3380 933 3406 ego
947 3373 1051 3406 Affequi
1065 3373 1157 3406 potui,
1172 3381 1254 3399 reme-

210 3406 263 3437 dia,
278 3415 305 3431 ac
321 3406 437 3438 perstigia
450 3409 592 3439 causarum,
602 3414 629 3434 vt
644 3415 689 3433 cte.
758 3408 893 3441 Qiantum
910 3408 976 3433 hunc
986 3408 1085 3434 Audiui
1099 3409 1184 3435 facere
1198 3418 1255 3435 ver-

210 3442 305 3467 borum
325 3441 396 3466 l’lnut
420 3442 499 3467 Milit.
515 3452 536 3474 ε,
552 3446 578 3474 6,
596 3452 627 3474 13.
737 3444 791 3469 Cic.
809 3444 861 3468 Att.
878 3452 899 3474 2,
913 3454 928 3475 9
953 3445 1087 3476 Qiantum
1101 3444 1254 3471 coniectura

210 3478 384 3510 Auguramur,
394 3476 410 3501 ii
427 3476 476 3501 crit
491 3479 587 3504 nebulo
602 3479 647 3504 iste
661 3488 719 3504 cum
734 3477 774 3504 liis
789 3478 908 3510 Dyuassis
923 3479 1052 3513 ingratia.
1120 3481 1254 3514 Quantum

210 3513 263 3545 Ego
284 3512 409 3545 opinione
425 3512 545 3543 Auguror
568 3515 624 3540 Cic.
645 3524 691 3549 pro
708 3515 824 3540 Muracn.
840 3517 880 3545 63.

210 3548 253 3574 sua
270 3556 410 3573 mimorum
425 3547 549 3585 seruat-in
564 3557 628 3579 arca,
664 3551 783 3576 'sautum
801 3550 878 3576 habet
896 3556 922 3576 et
937 3549 999 3576 fidei
1025 3552 1141 3577 quenal.
1163 3561 1184 3583 3,
1201 3561 1254 3585 ¹43·

210 3584 336 3609 Omnium
357 3590 482 3615 quantum
498 3582 537 3607 12st
558 3585 603 3616 qui
624 3586 716 3611 viuunt
739 3585 820 3611 homo
843 3585 981 3611 hominum
1002 3587 1160 3612 ornatillime
1185 3588 1254 3613 Ter.

212 3618 316 3643 l'liorm.
340 3628 361 3650 ς,
381 3621 396 3643 6
419 3622 469 3655 (5)>
490 3625 526 3656 [4.
631 3622 684 3646 Cic.
706 3630 754 3655 pro
772 3622 846 3647 Rosc.
867 3622 955 3648 Amcr.
977 3630 1004 3654 33
1037 3623 1108 3648 Tres
1131 3624 1189 3649 sunt
1203 3633 1254 3655 res,

210 3660 335 3714 ¹quantuni
355 3662 403 3687 ego
425 3653 578 3678 Exil'tnnare
597 3656 710 3687 poil'um,
740 3666 807 3690 quae
836 3657 939 3683 obstent
970 3658 1019 3685 hoc
1039 3664 1158 3692 tempore
1176 3659 1253 3684 Sexto

234 3688 313 3713 oscit).

210 3724 273 3749 teris
296 3723 345 3748 tuis
359 3723 506 3755 intelligcro
526 3724 618 3755 potui,
637 3724 757 3751 videbam
773 3735 797 3753 te
812 3728 876 3754 hanc
889 3728 1040 3762 epistolam,
1059 3739 1140 3763 quum
1160 3729 1190 3756 ad
1212 3739 1255 3756 vr—

210 3759 270 3785 bem
284 3759 351 3786 elles,
367 3759 414 3797 elic
427 3757 574 3797 lcclurunu
672 3763 806 3792 (Quintum
823 3764 866 3790 illa
880 3771 948 3790 actas
961 3765 1029 3798 capit
1048 3765 1178 3798 Qiincffil.
1195 3774 1215 3795 2,
1225 3775 1251 3798 4.

209 3796 344 3833 Quantum
359 3802 389 3818 cx
407 3794 458 3824 ipsa
474 3802 503 3832 re
516 3792 694 3832 conicfluram
709 3795 778 3821 facio
797 3798 864 3824 Ter.
876 3801 968 3825 licant.
978 3808 1003 3831 2,
1014 3808 1072 3832 3‚25
1153 3801 1209 3827 Cic.
1219 3801 1252 3826 de

209 3829 300 3889 Legip.
316 3837 337 3859 3,
352 3836 381 3861 37
398 3828 453 3853 Nrc
470 3828 535 3853 mihi
551 3829 641 3860 placet,
655 3838 699 3854 ncc
715 3831 802 3856 Attico
818 3834 915 3865 nolli-o,
934 3841 1058 3868 quantum
1069 3837 1087 3861 E
1103 3836 1178 3861 valui
1193 3837 1249 3861 eius

207 3870 261 3890 inte
286 3873 338 3897 igo.

988 3516 1121 3548 Qiantuiu
1144 3525 1256 3550 quisque
1273 3520 1304 3546 95

409 3688 575 3713 Ter-‘10³⁰‘-
592 3697 612 3719 5,
626 3697 650 3720 2,
670 3699 700 3719 3¹-
737 3693 792 3718 Cic.
809 3693 880 3718 Fam.
894 3701 916 3724 3,
931 3700 943 3720 κ
964 3693 1024 3725 Etli,
1038 3701 1165 3728 quantuni
1176 3695 1212 3720 Ex
1223 3695 1242 3720 li
1264 3704 1310 3722 100
1322 3701 1375 3725 tae,
1396 3695 1463 3720 sama
1481 3697 1588 3718 auxerat
1625 3691 1684 3716 Liu-
1707 3697 1751 3723 27,
1772 3697 1806 3720 31-

416 3863 484 3889 Ter.
500 3864 581 3890 Andr.
598 3872 617 3896 ι,
630 3872 649 3895 3,
664 3872 679 3890 2
700 3866 843 3893 Enimuero
859 3870 948 3902 Daue,
967 3870 1036 3895 nihil
1049 3871 1102 3896 loci
1117 3871 1151 3896 est
1167 3871 1249 3906 segni·
1258 3886 1305 3911 ¹05
1351 3877 1401 3909 QV
1411 3876 1433 3896 Α
1443 3875 1464 3894 Ν
1476 3874 1498 3895 Τ
1509 3874 1576 3894 VSI.
1587 3864 1647 3893 {BL
1658 3871 1688 3892 T.
1728 3866 1803 3894 Idem.

1320 3195 1398 3222 tenda
1418 3195 1477 3220 ess'ct
1495 3200 1520 3219 et
1541 3194 1666 3225 colenda,
1684 3194 1756 3219 satis.
1783 3198 1811 3218 vt
1831 3192 1962 3223 arbitror,
1990 3192 2088 3216 dicium
2111 3189 2146 3215 est
2166 3191 2193 3215 in
2214 3187 2359 3216 Hortenliu.

1320 3232 1415 3265 Neque
1439 3231 1510 3255 enini
1537 3236 1674 3263 tantopere
1694 3228 1887 3259 detinerabam,
1906 3234 1951 3252 etc.
1993 3232 2153 3259 quantopere
2177 3225 2297 3262 deletiior,
2314 3228 2360 3247 etc.

1319 3268 1375 3292 Cic.
1390 3266 1421 3292 de
1434 3267 1508 3292 Orat.
1524 3274 1543 3297 i,
1560 3269 1613 3298 164.
1724 3265 1821 3295 Docet,
1842 3270 2002 3297 quantopere
2022 3261 2144 3293 Reipubl.
2165 3265 2360 3297 communisque

1319 3302 1407 3329 salutis
1428 3301 1543 3333 intersit,
1568 3309 1658 3327 manue
1677 3300 1791 3325 hostium
1810 3299 1929 3324 diliineri
1952 3298 2022 3323 Caes.
2044 3298 2071 3322 B.
2086 3297 2118 3322 G.
2139 3305 2160 3328 2,
2178 3305 2199 3328 ς.
2297 3294 2360 3318 Dic!

1131 3338 1188 3364 Cic.
1204 3347 1252 3371 pro
1269 3347 1303 3370 90
1320 3339 1391 3365 enim
1405 3347 1458 3363 non
1475 3337 1556 3371 potest
1573 3343 1733 3371 quantopere
1747 3335 1875 3369 gaudeant
1891 3334 1946 3360 Cic.
1961 3333 2014 3358 Att.
2030 3341 2068 3366 14,
2082 3335 2107 3358 6.
2142 3329 2208 3364 ‘'⁰⁷lf·
2227 3327 2293 3354 Plin.
2314 3329 2359 3355 Pa-

1357 3383 1378 3399 0.
1393 3383 1413 3400 C.
1469 3393 1474 3399 .

1320 3383 1404 3446 Μῗζν
1415 3382 1465 3436 13ss
1476 3416 1497 3435 T
1507 3415 1527 3434 v
1537 3415 1549 3434 s
1560 3415 1610 3447 qv
1619 3415 1639 3433 A
1651 3413 1672 3432 N
1685 3413 1706 3431 T
1716 3414 1736 3432 v
1744 3413 1768 3438 s,
1785 3415 1809 3437 a,
1829 3414 1882 3431 um.
1919 3403 2069 3437 [έποσοσὲν]
2102 3405 2120 3428 ι’.
2147 3400 2360 3434 antuscunque.

1318 3446 1387 3472 Ter.
1403 3444 1513 3479 Adelph.
1537 3452 1558 3476 3,
1580 3453 1601 3475 3,
1617 3452 1653 3475 40
1683 3442 1730 3469 Tu
1752 3446 1990 3475 quantusquantus,
2016 3438 2083 3466 nihil
2107 3435 2153 3462 nili
2176 3435 2301 3468 sapientia
2322 3443 2355 3460 es.

1319 3482 1421 3507 Malunt
1432 3480 1492 3516 qumi
1502 3490 1530 3505 «m
1554 3479 1682 3505 diuidere.
2102 3506 2107 3511 .

1369 3523 1404 3541 ›xi
1417 3523 1434 3541 A
1446 3524 1464 3543 N
1475 3522 1496 3541 ‘r
1506 3523 1526 3541 ν
1535 3522 1547 3540 s
1556 3522 1573 3541 c
1582 3521 1599 3539 v
1612 3521 1633 3539 N
1642 3520 1661 3547 Q
1671 3520 1689 3535 v
1699 3519 1724 3539 Ε.
1756 3511 1831 3538 Idem.
1866 3509 2044 3544 [ἑπηλικοσὲίν]
2077 3508 2131 3533 Cic.
2142 3514 2189 3540 pro
2197 3506 2277 3545 Corn.
2286 3504 2360 3531 Balb.

1319 3556 1349 3585 56
1404 3561 1450 3578 uae
1468 3559 1552 3585 neque
1575 3545 1704 3575 inuid2bsa
1724 3547 1775 3579 est,
1797 3554 1822 3573 et
1840 3553 2037 3580 quantacunque
2053 3542 2102 3574 est,
2117 3541 2248 3567 eiusmodi
2261 3541 2311 3571 est,
2330 3548 2359 3567 vt

1319 3589 1471 3614 conseruata
1493 3586 1588 3620 magis,
1608 3594 1686 3618 quam
1706 3589 1828 3616 corrupta
1843 3583 1889 3607 effe
1904 3589 2030 3608 videatur.
2103 3578 2175 3603 Idem
2197 3576 2228 3602 de
2241 3578 2315 3616 Orat.
2335 3585 2360 3607 2,

1321 3632 1364 3650 122.
1379 3633 1398 3649 r.
1408 3629 1437 3652 28
1458 3624 1541 3656 Atque
1556 3629 1603 3654 ego
1617 3621 1638 3645 is
1652 3619 1697 3653 qui
1711 3619 1776 3649 sum,
1790 3625 2002 3650 quantuscunque
2014 3615 2079 3653 siim,
2095 3619 2141 3638 etc.
2178 3648 2182 3652 .
2221 3611 2359 3651 Philippus

1320 3659 1443 3685 ludorum
1463 3657 1658 3684 celebritatem,
1676 3659 1888 3687 quantaecunque
1906 3654 1937 3679 de
1951 3653 2073 3678 Romanis
2087 3655 2141 3674 tum
2157 3647 2288 3674 vieloriae
2301 3649 2361 3673 Par-

1925 3689 2163 3719 Qiantumctmque
2186 3684 2304 3709 humoris
2322 3681 2359 3708 est

1319 3730 1451 3757 Columel.
1470 3737 1506 3759 12,
1520 3735 1555 3759 25.
1658 3739 1700 3743 ⁴-—
1723 3724 1780 3750 salis
1798 3724 1869 3751 Idem
1886 3733 1918 3754 12,
1933 3731 1970 3755 50.
2088 3720 2144 3759 Cic.
2161 3719 2198 3758 'de
2211 3713 2309 3749 Fin.⁸3,
2330 3727 2358 3750 34

1319 3775 1341 3791 c.
1356 3775 1384 3791 10
1405 3765 1462 3790 Nec
1476 3763 1561 3789 rursus
1575 3761 1601 3787 in
1615 3759 1699 3789 malis,
1715 3766 1942 3793 quantumcunque
1954 3764 1986 3782 eo
2000 3754 2143 3787 addideris,
2159 3764 2186 3780 in
2202 3755 2247 3780 suo
2264 3762 2358 3788 genere

1318 3800 1443 3828 manebit.
1522 3796 1589 3822 lbid.
1608 3804 1626 3825 1,
1645 3804 1672 3821 10
1693 3805 1712 3821 c.
1727 3804 1745 3827 4
1772 3799 2006 3828 Qiantuincunque
2024 3790 2121 3825 possim.
2212 3792 2358 3820 Quantum-

1317 3843 1419 3868 cunque
1432 3832 1566 3868 potuerint
1595 3830 1714 3856 Scribon.
1737 3837 1786 3860 mg.
2067 3861 2073 3865 ,
2103 3860 2107 3865 ⁴
2126 3860 2131 3864 ¹

1872 3861 2041 3896 Quantalibet
2058 3860 2187 3888 tacilitate
2212 3861 2280 3888 Tac.
2295 3861 2357 3893 Agr.

2295 3896 2319 3925 6,
2338 3902 2350 3926 3
