2434 4156
2 771 6 779 ,
45 745 112 773 Plin.
125 751 166 778 28,
179 754 205 778 4.

51 106 108 146 ¹57
434 81 686 121 REP

85 187 106 208 R
114 186 177 209 eru
187 184 209 205 Ν
220 181 243 204 '1‘
252 183 273 204 A
282 183 298 202 L
307 181 316 200 ι
326 179 348 202 Τ
359 179 376 200 ε
384 180 413 200 R.
449 171 525 198 Idem.
561 171 634 205 Fulg.
647 167 760 201 Mythol.
775 175 798 199 3,
811 174 827 193 2
838 175 862 200 p.
877 172 920 205 ¹015
936 164 1032 191 Melius
1040 165 1076 192 est

50 217 138 244 labore
152 213 280 249 partiliter
292 209 421 237 securiore
434 206 542 240 doceri,
560 215 638 242 quam
650 213 681 231 ex
694 202 837 230 neceffitate
851 206 972 228 veniente
985 210 1077 236 repen-

51 253 136 280 taliter
146 247 292 284 perterreri.
673 274 680 282 ‘
770 274 776 283 Ι
946 275 950 279 ἱ

8 310 10 315 ,
84 293 103 313 R
111 292 128 313 Ε
139 291 154 312 i’
167 291 183 311 Ε
193 291 211 312 R
219 291 236 311 c
245 280 264 309 ὕ
272 288 309 309 'ri
319 288 349 313 Ο,
365 278 433 312 cuffi,
448 279 553 311 cussum,
566 278 618 305 ὅτε.
643 273 814 314 [aurinum]
848 274 1027 312 Percutienrem
1033 273 1077 309 sc-

49 324 116 353 rire,
133 319 325 355 velfimpliciter
337 322 403 343 retro
418 315 515 350 pellere.
553 309 773 351 Plin.lipist.4‚30
792 310 832 334 An
844 315 872 334 vt
885 309 1078 343 flumina‚quae

50 357 79 384 in
93 356 159 383 mari
171 355 339 384 deferuntur,
356 350 552 378 aduersantibus
563 352 647 374 venus
657 364 665 376 ,
683 345 819 379 obuioque
832 344 902 370 aestu
922 349 1078 379 retorquen-

49 398 93 418 tur
106 402 112 418 :
136 392 173 417 ita
186 390 221 418 est
233 387 349 424 aliquid,
371 386 441 421 quod
456 386 532 413 huius
545 382 624 410 fontis
638 381 834 419 excursuiiiper
846 387 978 406 momenta
991 388 1078 413 reper-

49 425 153 453 cutiat?
197 420 199 422 .
257 425 432 458 Repercutere
445 423 527 449 aciem
539 417 611 445 oculi
636 417 723 443 Senec-
737 415 815 449 Epist.
832 422 880 444 118.
921 419 938 441 i.
953 414 1078 450 praestru-

46 471 128 499 guere.
234 458 365 493 Qiinffll.
378 461 404 490 6,
418 467 440 490 3,
453 466 481 490 23
518 454 609 482 Aliena
622 459 667 479 aut
678 450 908 491 reprehendimus,
923 458 967 478 aut
979 452 1077 478 refuta-

48 506 121 529 mus,
140 501 185 523 aut
196 495 387 527 eleuan1us‚aut
406 491 608 528 repercutimus,
623 493 668 514 aut
680 487 819 513 eludimus.
944 523 948 527 ὁ
974 523 979 527 .
1008 524 1013 528 .

46 536 75 560 in
87 533 163 568 ipsimi
176 539 356 566 retorquemus,
375 537 404 556 vt
418 531 489 555 telum
500 529 525 552 in
539 534 583 550 nos
595 522 707 563 fmnffitm.
757 557 761 561 .
779 521 844 548 ibid.
859 527 896 557 46
913 522 991 549 Nihil
1006 532 1034 549 in
1044 524 1078 550 la-

0 581 1 592 1
48 567 163 595 eess‘endo
176 567 228 593 dici
241 566 339 601 potest,
359 566 429 600 quod
447 571 497 590 nou
508 560 578 587 idem
593 568 621 585 in
633 557 842 592 repercutiendo.
932 559 963 584 Et
979 566 1010 593 78
1030 561 1079 586 Re-

0 619 2 633 i.
39 602 211 639 'percutiendi
225 603 307 628 inulta
320 603 377 628 sunt
391 607 481 636 genera
495 607 502 628 ;
536 594 754 626 venussissimum,
774 593 845 628 quod
858 593 938 620 etiam
959 594 1080 621 similitu-

2 660 5 667 .
47 639 110 665 dine
132 639 220 673 aliqua
239 637 316 664 verbi
335 638 490 663 adiuuatur3
525 637 554 657 vt
566 629 726 657 Trachalliis
739 629 839 656 dicenti
853 629 967 662 Suillio,
988 632 1014 657 Si
1028 630 1079 656 hoc

49 674 86 701 ita
97 674 149 707 est,
170 674 191 699 is
206 673 235 700 in
248 673 358 700 exilium
374 683 379 698 :
412 671 437 697 Si
449 677 501 694 non
515 666 552 693 est
565 666 617 698 ita,
636 665 715 691 redis.
789 665 954 700 Intelligimus
965 669 993 691 in
1006 667 1079 692 exilio

0 738 1 741 ,
46 713 98 736 iam
131 707 209 745 fuiffe
246 709 367 737 Suillium.
476 704 650 737 Repercutere
700 700 885 727 fascinationes
903 721 912 734 ‚
950 702 1080 738 Discutere

504 772 597 800 Panic.
633 771 882 806 [ἐντι-τετυφωμένος]
916 772 982 798 Plin.
997 779 1036 806 17,
1050 780 1080 798 21

85 784 466 811 REPERcvssvs,a,uin.

1013 809 1081 833 Acre

48 817 138 850 Qium
150 824 215 842 vero
229 814 344 842 concreti
355 812 473 839 ademere
489 807 641 840 transitum,
660 809 805 841 repercussa
819 808 943 842 erumpit.

0 863 5 868 ·
37 849 192 886 lrepercusso
213 850 294 879 Ouid.
311 850 372 877 Met.
385 852 473 881 42782-

243 911 312 938 Sicut
324 915 404 943 aquae
416 904 558 932 tremulum
569 902 650 929 labris
662 902 708 929 vbi
724 902 814 929 lumen
827 902 917 929 ahenis

243 945 301 972 Sole
313 942 454 978 repercusso
464 961 471 973 ‚
492 946 536 966 aut
549 939 675 966 radiantis
689 938 805 973 imagine
821 938 918 970 Lunae,

242 980 336 1008 Omnia
350 977 490 1013 peruolitat
502 976 551 1002 late
573 976 638 1002 loca.

54 1032 104 1060 Vbi
115 1033 234 1067 Seruius,
253 1028 420 1064 Repercuss‘o,
439 1033 482 1054 aut
501 1031 574 1053 vacat
593 1026 657 1056 RE,
674 1029 719 1057 aut
730 1023 798 1051 bene
810 1024 1000 1060 repercussum,
1021 1025 1086 1060 quia
1101 1037 1129 1063 ,ς
1147 1030 1304 1058 repertores.

48 1069 138 1104 primo
148 1077 161 1095 a
182 1077 239 1095 uam
250 1066 326 1097 ferit,
346 1064 407 1090 inde
419 1063 506 1098 postea
519 1062 603 1089 tendit
615 1061 646 1088 ad
660 1060 735 1087 tecta.
843 1060 924 1087 Ouid.
934 1062 997 1087 Met.
1007 1069 1029 1093 2,
1042 1069 1083 1087 110

50 1119 95 1125 —
129 1106 275 1137 Politacque
288 1109 319 1127 ex
333 1099 427 1126 ordine
441 1106 556 1133 gemmae
594 1097 670 1124 Clara
683 1096 830 1130 repercusso
844 1095 988 1123 reddebant
1006 1096 1085 1123 lumi-

49 1149 83 1166 na
95 1139 207 1166 Phoebo.
299 1135 423 1169 Iinaginis
436 1134 591 1168 repercussae
608 1132 700 1159 vmbra
719 1131 799 1158 Ouid.
812 1132 877 1158 Met.
892 1141 915 1164 3,
926 1141 987 1165 434.
1043 1132 1085 1158 Al-

46 1181 104 1202 tero
117 1175 196 1201 latere
215 1173 385 1208 repercussum
396 1170 542 1197 contrarius
561 1168 655 1195 fluetus
667 1168 696 1195 in
711 1168 815 1194 Nauem
827 1168 920 1194 retulit
939 1168 998 1194 Val.
1011 1169 1082 1195 Max.

48 1219 70 1244 ι,
82 1219 98 1243 9
111 1216 161 1236 ext.
178 1218 207 1236 ιι.
313 1207 478 1242 Repercull‘ae
490 1205 652 1232 elamoribus
665 1204 748 1230 valles
769 1204 828 1229 Liu.
839 1213 875 1236 21,
888 1212 925 1236 33.

83 1251 101 1271 R
109 1252 125 1272 Ε
134 1252 147 1271 P
156 1252 170 1271 E
179 1252 196 1272 R
204 1251 221 1272 C
229 1251 249 1270 V
259 1250 271 1269 S
280 1251 292 1270 s
302 1249 321 1268 v
335 1250 360 1275 S,
374 1242 412 1269 sis.
431 1251 467 1268 m.
504 1240 672 1275 [dimonia]
708 1239 763 1274 Ipse
796 1239 978 1274 repercutiendi
1000 1237 1081 1266 affus-

47 1281 112 1307 Plin.
126 1281 203 1315 Epist.
218 1285 259 1310 282
274 1282 330 1311 (io,
342 1281 395 1311 69)
415 1279 471 1305 Nec
484 1277 512 1303 in
527 1277 640 1308 flumen,
660 1275 703 1301 sed
718 1276 745 1301 in
759 1275 844 1309 ipsum
857 1284 930 1302 mare
950 1276 1083 1308 emittere,

45 1317 202 1351 reperculsus
216 1315 295 1342 maris
309 1314 436 1346 seruabit‚
458 1320 482 1339 et
495 1312 620 1346 reprimet
637 1310 767 1346 quidquid
782 1319 796 1336 e
811 1311 867 1337 lacu
882 1311 978 1337 veniet.
1034 1312 1083 1337 Re-

45 1353 173 1387 percussus
186 1351 315 1378 colorum.
352 1349 418 1375 Plin.
437 1356 473 1382 37,
484 1356 499 1374 2
524 1348 588 1374 Sunt
601 1347 647 1382 qui
660 1347 774 1373 maxime
790 1347 817 1372 in
832 1346 865 1372 iis
880 1346 985 1373 laudent
999 1353 1083 1373 extre-

1105 316 1119 343 5

1100 674 1125 701 ¹5

1092 1221 1124 1244 30

47 1388 149 1414 mitates
159 1407 166 1419 ,
186 1394 211 1413 et
225 1385 350 1420 quosdam
363 1384 483 1410 colorum
497 1383 668 1417 reperculsus,
689 1382 778 1417 quales
792 1382 820 1407 iii
835 1382 935 1409 caelesti
949 1391 1011 1409 arcu
1027 1383 1079 1416 spe·
1096 1397 1124 1422 33

47 1423 160 1449 diamur.
196 1423 231 1448 La
253 1420 432 1447 rauce-hermon
453 1417 493 1444 des
513 1420 630 1445 couleurs.
737 1418 904 1451 Repercussiis
919 1419 996 1451 solis,
1013 1427 1080 1451 quae

47 1458 129 1492 vulgo
141 1457 311 1484 Reicerberati'o
325 1455 420 1481 dicitur
439 1455 505 1480 Plin.
519 1462 541 1487 ς,
551 1461 572 1486 5.
664 1453 830 1487 Repcrcuffus
844 1460 985 1498 ventorum
1008 1453 1082 1479 Idem

47 1502 73 1527 5,
92 1503 117 1526 9.
220 1491 373 1526 Repercussu
385 1499 437 1517 vox
453 1489 601 1516 intumescit
616 1489 706 1515 Tacit.
716 1489 805 1514 Germ.
819 1496 841 1519 3,
855 1497 876 1514 2.

87 1534 104 1553 R
115 1535 131 1554 E
141 1533 156 1553 ι’
169 1533 186 1554 ε
198 1534 215 1553 R
225 1534 241 1554 c
250 1535 269 1553 v
278 1534 291 1552 s
300 1535 313 1554 s
323 1535 330 1553 1
341 1534 371 1559 o,
383 1526 450 1552 onis.
467 1526 487 1552 f.
521 1526 578 1551 Scn.
593 1525 655 1551 Nat.
672 1523 776 1557 Qiaest.
792 1530 817 1557 7,
834 1531 861 1554 ¹9
890 1524 938 1550 Per
950 1523 1084 1558 repercus-

45 1562 144 1589 sionem
158 1562 310 1588 vicinorum
325 1562 445 1589 siderum.
480 1561 548 1596 cons.
565 1561 622 1595 le.
639 1560 696 1594 Dig.
711 1566 729 1585 t.
742 1568 757 1585 2
773 1559 790 1584 l.
805 1566 831 1591 17
846 1557 868 1593 ᾗ.
884 1567 908 1584 2.

83 1604 100 1623 R
111 1604 126 1623 Ε
136 1604 150 1623 P
159 1604 174 1622 ι’,
186 1602 203 1622 R
215 1604 231 1623 c
241 1603 260 1621 V
269 1604 281 1622 s
290 1605 302 1623 s
314 1605 322 1623 1
332 1604 347 1623 Β
357 1597 389 1623 ii.
399 1604 406 1622 1
418 1604 430 1623 S
439 1617 446 1628 ‚
465 1605 489 1624 c.
520 1596 579 1621 Adi.
622 1596 671 1626 Vr,
692 1592 900 1627 Repercuffibilis
915 1593 974 1617 vsus
1010 1591 1082 1617 Cael.

47 1632 135 1660 Aurel.
150 1631 233 1658 Tard.
249 1640 268 1663 1,
283 1640 300 1657 ι.
370 1631 580 1665 Repercussibilis
598 1629 703 1662 sphaera
722 1629 794 1654 Idem
809 1627 875 1653 ibid.
886 1636 909 1659 3,
922 1629 946 1653 6.

83 1676 100 1695 R
110 1674 125 1694 F.
136 1673 150 1693 Ρ
162 1666 178 1693 ἴ,
190 1673 207 1693 R
220 1673 256 1693 io
266 1686 274 1698 ,
286 1667 371 1700 repe-ri
380 1685 386 1696 ‚
402 1667 442 1691 vel
453 1667 563 1696 poetice,
578 1664 693 1697 repperi,
708 1670 848 1697 repertum,
862 1662 909 1688 ire.
946 1659 1081 1696 [εὗρίσκω]

46 1704 114 1731 ssim
128 1702 190 1738 quod
204 1700 371 1735 inuenircjr‘ue
385 1701 457 1736 casia,
469 1700 522 1734 siue
535 1700 664 1734 quiiefitum
677 1709 684 1723 .·
721 1707 850 1731 cognatum
871 1697 942 1724 uerbo
965 1698 1084 1731 Aperite,

46 1741 196 1766 contrarium
208 1744 271 1764 certe
286 1736 356 1763 uerbo
368 1736 490 1771 Operire.
611 1735 616 1739 ”

46 1776 127 1802 Plaut.
143 1774 201 1801 Aul.
215 1782 236 1805 ς,
253 1782 272 1805 1,
286 1781 314 1798 io
334 1771 362 1798 de
376 1772 486 1807 thesauro
502 1774 613 1802 intento,
634 1771 738 1804 Repeti.
776 1777 801 1796 L.
821 1770 882 1830 quid
900 1769 1037 1803 reperisti?
1055 1776 1077 1796 s.

46 1820 100 1838 non
112 1810 181 1846 quod
197 1809 269 1843 pueri
283 1808 414 1836 clamitant
429 1807 456 1834 iu
471 1806 529 1833 saba
544 1807 567 1832 se
581 1806 711 1840 reperisse.
784 1806 831 1838 Di]
844 1804 964 1831 metionis
983 1808 1080 1831 commi-

44 1847 172 1883 msceudac
190 1844 331 1880 occasionem
349 1845 417 1872 dcilit
434 1846 601 1882 grammaticis
617 1843 684 1868 locui
712 1841 793 1869 Ouid.
809 1842 871 1867 Met.
888 1851 908 1873 i,
923 1843 972 1874 654
992 1841 1034 1867 vbi
1049 1840 1083 1866 ad

44 1882 162 1918 Iofiliam
176 1883 296 1914 Inachus,
314 1888 342 1909 vt
356 1883 441 1909 volunt
449 1902 456 1914 ‚
475 1883 522 1909 Tu
536 1890 589 1908 non
603 1878 726 1913 inuenta,
745 1880 838 1917 inquit,
858 1886 911 1903 cum
918 1876 1006 1909 studio
1015 1879 1081 1903 omni

43 1926 68 1945 te
76 1919 178 1955 frustra
191 1927 356 1955 quaereremus
364 1938 373 1951 ,
387 1918 435 1955 fid
442 1925 540 1953 practer
547 1918 615 1954 spem
626 1916 733 1950 noslram
746 1916 815 1943 nouis
829 1919 932 1952 repcrffa
945 1922 980 1943 es:

38 1962 109 1991 pcrit
129 1955 186 1981 hacc
208 1955 356 1989 obseruatio,
376 1961 399 1980 et
420 1953 554 1988 difficultas
573 1958 651 1980 omnis
669 1957 735 1980 circii
749 1955 824 1980 locum
838 1953 975 1989 euanescit,
989 1946 1014 1985 fi
1027 1957 1080 1976 cum

45 1990 144 2024 Heinsio
157 1992 263 2026 Icgamus
275 1997 297 2016 et
313 1989 503 2024 distinguamus,
523 1990 570 2016 Tu
589 1999 642 2016 non
663 1990 785 2023 inuenta,
805 1997 907 2024 reperta
939 1989 1080 2023 (Ablatiuo

44 2026 122 2061 Casii,
140 2029 157 2051 i.
173 2035 241 2061 quam
253 2026 370 2060 reperta)
392 2025 488 2052 Luc'ius
500 2035 555 2052 eras
568 2026 654 2052 leuior
669 2036 674 2051 ε
693 2029 775 2051 minus
787 2026 925 2062 lugebamus
938 2033 961 2051 te
975 2024 1080 2051 nondum

43 2064 166 2087 inuentam
175 2081 182 2093 ,
202 2070 271 2096 quam
287 2060 412 2096 postquam
426 2068 521 2095 rrpcrta
535 2071 560 2087 es
572 2063 598 2087 in
614 2071 698 2087 vacca.
771 2064 829 2088 Non
843 2061 948 2094 differre
960 2061 1018 2087 haec
1025 2069 1079 2085 uer-

1088 1567 1127 1590 40

535 1736 648 1769 Operire
660 1733 692 1767 est
706 1730 802 1774 tegere,
827 1734 952 1768 Reperire
966 1741 1080 1769 rctcgcre.
1091 1745 1124 1770 45
1144 1744 1187 1761 rio
1201 1734 1331 1761 obtuleris
1345 1735 1489 1768 expensum
1499 1754 1507 1766 ‚
1525 1743 1541 1762 a
1561 1735 1632 1761 socio
1651 1735 1707 1761 eius
1719 1737 1790 1763 recte
1804 1746 1922 1773 repetere
1937 1742 2019 1775 pollis.

1035 1913 1082 1939 Sed
1100 1926 1131 1946 ¹0
1145 1914 1221 1948 plius.

1098 1935 1109 1952 ³

1529 78 1561 118 R
1642 79 1676 120 Ε
1755 81 1784 121 Ρ
2111 95 2179 141 158

1141 176 1229 195 nemo.
1287 169 1353 195 Haec
1367 167 1475 195 Nonius.
1547 170 1596 196 Pro
1609 169 1741 204 Reperit·
1769 170 1874 198 Lucret.
1887 180 1916 206 4,
1928 179 1977 207 482
1992 177 2062 204 Nam
2075 178 2179 206 maiore

1143 204 1195 230 fide
1208 203 1284 231 debet
1298 204 1440 239 reperirier
1453 204 1535 237 illud,
1549 212 1595 232 etc.

1181 247 1199 265 R
1212 246 1228 266 Ε
1241 246 1255 265 Ρ
1265 247 1281 266 E
1290 247 1308 267 R
1319 245 1353 267 ιε
1363 246 1383 265 Ν
1395 246 1422 270 S,
1437 241 1514 266 entis.
1549 241 1642 267 Partie.
1709 241 1765 268 Cic.
1780 242 1856 270 Acad.
1869 251 1898 277 4,
1914 246 1942 270 16
1961 254 1981 271 c.
1990 248 2007 272 6
2026 249 2095 275 Zeno
2108 250 2179 278 nihil

1143 275 1208 301 noui
1222 277 1364 309 reperiens,
1379 275 1421 302 sed
1434 274 1574 302 emendans
1590 277 1744 310 superiores.

1181 316 1200 337 R
1212 317 1250 337 ΕΡ
1261 318 1275 337 E
1287 318 1305 337 i<
1316 318 1386 339 Tvs
1396 331 1404 343 ,
1419 319 1443 343 a,
1458 320 1511 337 um.
1549 312 1642 338 Partic.
1697 319 1735 345 vt,
1754 314 1878 341 Carmina
1897 314 1989 342 labore
2007 324 2108 351 reperta
2128 322 2179 349 Lu-

1145 353 1206 373 cret.
1221 355 1242 378 3,
1257 355 1319 379 420.
1412 348 1488 373 Ciuis
1500 354 1619 381 repertus
1633 348 1715 375 frater
1731 349 1786 374 eius
1806 350 1987 385 Siilpit.Apoll.
2003 352 2180 385 in'l‘erssun.

1145 385 1204 416 Arg.
1221 390 1251 408 11.
1358 382 1456 409 Diuina
1469 383 1575 416 antiqua
1589 390 1691 418 reperta
1701 384 1874 418 Lucrct.5‚13.
1946 387 2059 414 Diuitiis
2072 394 2182 424 repertis

1143 417 1298 445 incumbere
1319 419 1392 453 Virg.
1406 420 1505 451 Aen.6,
1519 422 1572 445 610.
1664 419 1760 446 Fistula
1774 421 1855 447 Ouid.
1872 422 1934 449 Met.
1950 432 1972 456 1,
1985 427 2040 453 688.

1144 455 1217 480 scura
1236 460 1337 486 reperta
1350 455 1493 481 Graiorum
1508 455 1612 480 Lucret.
1622 463 1642 487 1,
1659 464 1707 489 137.
1745 456 1801 482 add.
1811 457 1882 488 Id.i‚
1896 466 1953 492 732.

2128 427 2182 453 Ob-

1996 461 2091 495 Superl-
2107 462 2182 496 Apul.

864 488 1075 521 Reperciitimus,
1094 497 1124 516 10
1145 488 1223 522 Apol.
1237 497 1261 522 p.
1271 496 1319 520 309
1338 491 1385 516 Per
1397 499 1439 517 ine
1452 490 1512 517 licet
1525 490 1607 516 fucrit
1626 490 1834 525 repertissimum.

1164 560 1169 564 ¹
1181 531 1199 564 n
1210 530 1249 563 E.¹'
1258 530 1273 549 i.
1287 530 1304 549 R
1318 530 1367 564 ”cv
1376 533 1409 566 iu,
1423 527 1440 553 i.
1454 535 1479 553 n.
1508 524 1647 566 ssimum]
1684 527 1786 553 Lucret.
1799 537 1816 557 i,
1831 535 1880 562 732
1897 529 2022 557 Carmina
2030 530 2094 566 quin
2104 532 2186 561 etiam

1143 558 1230 586 diuini
1246 559 1360 601 pec‘loris
1373 570 1429 588 eius
1448 563 1677 593 Vociterantur‚et
1693 570 1827 596 exponunt
1840 565 1972 598 praeclara
1986 574 2098 601 reperta.
2118 569 2186 594 ι’.Ιη-

1142 602 1231 625 venta,
1257 603 1317 629 quae
1334 596 1384 634 ipse
1406 598 1555 633 Empedocli-5
1581 597 1631 632 (de
1644 607 1689 633 quo
1704 598 1745 625 hic
1756 598 1789 633 fit
1801 601 1912 634 mentio)
1931 605 2032 636 pritnus
2049 602 2187 632 odinuenit.

1142 630 1216 657 Idem
1230 637 1294 666 §pn
1315 630 1413 657 Diuina
1426 640 1536 668 reperta.
2192 652 2197 657 “

1979 672 2078 700 Sallust.
2093 675 2120 701 in
2129 676 2186 702 Cic.

1180 671 1587 704 REPERTicivs,a,um.

1146 710 1163 742 1-
1176 701 1352 742 Reperticius,
1366 703 1472 736 accitus,
1485 712 1513 731 et⁴
1521 704 1608 739 paullo
1616 712 1675 731 ante
1689 705 1779 731 insitus
1795 705 1857 733 huic
1870 707 1931 735 vrbi
1943 707 2019 734 ciuis.
2091 711 2187 746 Reper-

1144 743 1222 778 ticius
1237 744 1324 776 autem
1337 738 1481 778 appellatur
1494 741 1568 772 ciuis,
1580 740 1715 767 Turnebo
1727 742 1845 775 ῑιυέῖοιο,
1854 744 1909 776 Qi
1922 752 1975 770 non
1991 744 2026 771 est
2038 745 2143 780 origine
2154 749 2190 775 ci-

1145 782 1198 814 vis,
1219 773 1260 799 sed
1275 782 1343 804 iure,
1360 780 1388 814 vt
1399 782 1430 814 .¹¹¹
1445 775 1552 802 ciuitate
1565 783 1698 811 receptuS,
1712 777 1781 811 quali
1795 787 1913 812 repertus
1928 780 1994 806 cini·
2014 786 2039 806 et
2055 783 2194 816 quaesitus.

1146 809 1200 835 Alu
1209 816 1295 835 tamen
1303 810 1438 843 Repticius
1452 810 1694 846 legunteleganter:
1712 813 1820 847 quidam
1833 816 1996 849 lrrepticius,
2014 824 2068 843 non
2081 819 2149 846 deest
2157 826 2194 847 et-

1622 668 1702 702 Qiod
1716 676 1850 704 repertum
1864 671 1909 698 est.

577 844 744 878 Reperculsus
758 843 811 869 sol:
848 844 922 878 Virg.
937 844 1002 870 Aen.
1018 848 1042 876 8,
1050 852 1080 875 23
1096 857 1130 876 20
1146 845 1200 872 iam
1210 844 1424 879 quiRepedcius,
1441 846 1511 880 quasi
1526 847 1547 872 is
1555 847 1594 879 sit,
1608 849 1653 883 qui
1663 858 1747 883 quum
1760 850 1786 875 se
1807 849 1895 877 ciuem
1903 851 2051 879 Romanum
2065 855 2143 888 ferat,
2159 857 2193 884 ab

1146 881 1205 921 aliis
1218 886 1359 915 repetatur.
1396 881 1444 907 Sed
1454 882 1618 915 Reperticius
1627 903 1634 914 ‚
1653 883 1724 917 quod
1732 885 1762 911 in
1775 885 1909 913 veteribus
1921 887 1998 915 libris
2012 891 2185 923 perscribitur

1147 924 1177 943 vt
1189 925 1333 950 ingenuum
1344 922 1370 943 et
1384 926 1476 944 verum
1485 917 1611 944 libentius
1618 921 1784 947 retinuerim.
2186 913 2195 925 ’

1185 960 1203 992 ιι
1214 960 1229 978 E
1238 959 1252 978 P
1263 959 1278 978 F,
1289 959 1306 978 R
1315 959 1336 979 T
1345 959 1364 979 ο
1373 959 1409 985 R,
1429 954 1490 982 oris.
1526 963 1561 981 m.
1600 955 1709 989 [s‘vperrjs
1728 956 1806 989 Gloss.
1823 957 1869 984 Gr.
1884 958 1963 992 Lat]
2027 961 2080 996 Qu·
2091 967 2193 998 reperit.

1148 988 1230 1015 Ouid.
1240 988 1303 1015 Fast.
1312 998 1332 1020 3,
1346 992 1398 1014 620
1418 988 1550 1023 Repertor
1567 992 1646 1016 mellis
1662 992 1765 1019 Silenus.
1873 994 1939 1022 Plin.
1955 1004 1980 1028 2,
1994 1004 2018 1022 12
2038 1000 2195 1032 Argumenti

1377 1024 1566 1051 Doffiirinarnm
1587 1032 1735 1060 repertores
1754 1028 1859 1055 Lucret.
1874 1038 1901 1062 3,
1923 1039 1993 1064 1050.
2098 1035 2193 1062 Homi.

1147 1069 1212 1099 num
1230 1068 1374 1094 rerumque
1394 1066 1516 1093 repertor
1534 1061 1608 1095 Virg.
1625 1062 1690 1089 Aen.
1701 1070 1737 1094 iz,
1752 1067 1797 1094 829
1819 1065 1923 1098 Iupiter.
1994 1067 2095 1102 Legum
2108 1071 2194 1104 Quin·

1148 1095 1205 1122 eiu.
1220 1104 1245 1129 2,
1260 1098 1296 1124 16,
1369 1096 1434 1130 Opis
1454 1095 1572 1122 medicae
1590 1103 1711 1131 repertor
1730 1097 1851 1124 Phoebus
1876 1100 1957 1126 Ouid.
1969 1102 2001 1127 de
2014 1103 2087 1132 Rem,
2103 1107 2195 1135 Amor,

1148 1134 1192 1166 76.
1264 1130 1345 1158 Orbis
1358 1131 1480 1160 Prudent.
1500 1131 1620 1159 Cathem.
1639 1143 1674 1166 4,
1693 1141 1717 1165 9.
1807 1135 1907 1161 Poenae
1925 1136 2060 1164 mirandus
2073 1148 2196 1176 repertor

1149 1167 1222 1193 Idem
1237 1167 1322 1194 Trist.
1331 1176 1352 1199 3,
1368 1175 1398 1198 ii,
1412 1175 1445 1200 51.
1500 1168 1716 1194 Tornientoruin
1731 1169 1824 1198 Claud.
1838 1169 1867 1196 in
1880 1172 1987 1207 Eutrop.
2004 1182 2023 1205 i,
2037 1177 2088 1207 163.
2124 1179 2196 1205 Vitis

1149 1208 1280 1238 repertor,
1300 1202 1414 1229 Bacchus
1424 1203 1504 1230 Ouid.
1519 1203 1616 1235 Fastz,
1631 1212 1687 1236 329.

1189 1245 1206 1265 R
1219 1245 1235 1265 E
1244 1246 1258 1265 Ρ
1268 1246 1284 1265 E
1294 1246 1312 1265 R
1321 1246 1342 1265 T
1353 1245 1373 1265 0
1383 1246 1402 1264 R
1412 1246 1421 1264 1
1435 1245 1455 1264 v
1467 1246 1491 1265 Μ
1501 1259 1509 1271 ,
1524 1239 1542 1265 i.
1555 1249 1579 1267 n.
1624 1239 1694 1274 Qud
1705 1239 1751 1273 fit,
1765 1240 1876 1268 declarat
1897 1243 2023 1279 leianus
2036 1246 2068 1273 de
2081 1247 2194 1276 admini-

1149 1274 1276 1301 stratione
1289 1281 1313 1301 et
1328 1275 1449 1309 periculo
1462 1281 1599 1308 tutorum,
1617 1275 1633 1302 l.
1648 1276 1749 1306 Tutor,
1768 1276 1808 1302 his
1823 1278 1920 1311 verbis,
1940 1280 2032 1307 Tutor
2046 1285 2092 1317 qui
2105 1293 2193 1318 reper-

1148 1311 1249 1338 torium
1263 1319 1316 1336 non
1331 1310 1403 1343 fecit,
1413 1310 1485 1346 quod
1502 1311 1582 1345 vulgo
1595 1314 1762 1337 inuentarium
1775 1313 1928 1346 appellatur,
1942 1315 2005 1342 dolo
2019 1317 2105 1345 fecisse
2119 1320 2195 1347 vide-

1146 1353 1200 1379 tur,
1217 1346 1265 1372 nili
1278 1346 1347 1372 forte
1361 1346 1450 1380 aliqua
1463 1346 1601 1373 necessaria
1614 1354 1640 1372 et
1654 1346 1785 1373 iustillima
1799 1349 1873 1375 eausa
1883 1350 1992 1384 allegari
2005 1353 2079 1387 polilt
2103 1364 2151 1383 cur
2164 1357 2193 1384 id

1145 1382 1244 1408 fafflum
1258 1390 1311 1407 non
1324 1381 1361 1408 fit.
2080 1375 2089 1387 ³

1159 1452 1163 1457 ι
1181 1424 1199 1442 R
1209 1423 1247 1442 ΕΡ
1258 1423 1272 1442 Ε
1285 1422 1361 1455 ivr-R
1371 1423 1379 1441 1
1389 1423 1416 1447 Χ,
1430 1416 1486 1444 icis.
1523 1416 1542 1444 f.
1580 1416 1660 1451 Apul.
1674 1417 1751 1452 Apol.
1765 1427 1789 1452 p.
1798 1423 1844 1451 28,-
1863 1420 2001 1454 Paupertas
2018 1425 2142 1452 omnium
2153 1434 2194 1454 ar-

1145 1457 1212 1478 tium
1226 1458 1365 1485 repertrix.

1183 1494 1201 1513 R
1213 1493 1228 1511 E
1238 1494 1252 1512 P
1262 1494 1277 1512 ι·
1288 1494 1306 1512 R
1319 1493 1340 1512 'r
1353 1493 1372 1510 v
1382 1492 1407 1518 s,
1420 1485 1463 1525 .s¹⁵·
1478 1495 1513 1513 m.
1541 1486 1618 1519 Apul.
1633 1487 1696 1513 Met.
1705 1495 1726 1512 ιι
1741 1496 1764 1520 p.
1775 1495 1824 1523 257
1842 1489 1920 1516 Ceres
1934 1498 2042 1526 repertu
2054 1494 2148 1523 laetata
2162 1497 2192 1524 fi-

1146 1522 1203 1547 liae.
1265 1521 1338 1546 Idem
1352 1521 1451 1548 Florid.
1465 1531 1488 1555 p.
1498 1529 1540 1554 341
1561 1523 1610 1546 Ars
1622 1521 1669 1547 ista
1683 1529 1787 1555 repertu
1802 1533 1875 1551 nouo
1889 1526 2036 1556 oriebatur.

1182 1563 1199 1582 R
1210 1563 1225 1582 E
1234 1562 1248 1581 P
1259 1563 1274 1582 E
1285 1562 1302 1582 R
1314 1563 1322 1581 ι
1335 1562 1357 1582 ‘r
1368 1562 1396 1585 o,
1409 1560 1460 1582 are.
1479 1557 1609 1591 Frequent.
1635 1557 1710 1584 Varr.
1724 1558 1753 1584 R.
1762 1559 1792 1585 R.
1804 1568 1879 1595 1,1,’7
1896 1562 2023 1590 Indicabo
2068 1574 2082 1592 a
2095 1567 2194 1601 quibu·

1145 1591 1318 1626 scriptoribus
1332 1591 1466 1626 repet-ites,
1485 1595 1502 1618 ι’.
1516 1600 1619 1626 repares
1632 1593 1712 1619 intell.
1727 1593 1842 1622 damnum
1854 1598 1895 1623 vel
1906 1585 2040 1634 dqfct‘lmn.²
2073 1603 2115 1629 Sic
2128 1612 2194 1631 certe

1143 1628 1194 1664 legi
1208 1629 1264 1653 uult
1279 1634 1302 1653 et
1315 1629 1436 1662 explicari
1450 1628 1567 1663 Scaliger.
1610 1629 1653 1654 Al.
1675 1630 1798 1662 reperias.

1180 1670 1224 1690 RE
1234 1670 1248 1689 P
1258 1662 1275 1689 l}
1284 1670 1305 1689 Τ
1315 1671 1346 1695 (ὶ,
1361 1663 1411 1695 iili,
1427 1663 1467 1689 vel
1480 1662 1512 1695 ii,
1527 1666 1605 1695 itum,
1619 1666 1671 1691 (Fre.
1708 1665 1847 1700 [εἶπαι-τέω,
1859 1669 2079 1707 ἓπαναλαμβάνω]
2131 1676 2192 1702 Pro.

1140 1702 1200 1739 prie
1212 1698 1495 1734 Roessituendumpeterc.
1568 1698 1669 1726 Auctor
1681 1700 1713 1726 ad
1730 1701 1848 1731 Herenn.
1857 1712 1880 1733 2,
1896 1713 1923 1736 19
1944 1706 1973 1732 Id
1988 1708 2060 1741 quod
2073 1718 2193 1744 argenta-

1430 1771 1434 1775 .
1460 1771 1465 1775 .
1893 1776 1897 1780 ,
2124 1747 2192 1774 Ter.

1144 1772 1276 1810 Eunffi6,
1289 1779 1311 1797 ιι
1329 1771 1403 1796 Hanc
1417 1770 1467 1796 tibi
1484 1771 1554 1796 dono
1568 1771 1612 1803 do,
1625 1779 1711 1806 neque
1725 1779 1815 1807 repeto
1830 1784 1877 1809 pro
1891 1776 1936 1803 illa
1949 1777 1994 1804 abs
2007 1785 2032 1805 te
2045 1780 2194 1816 quidquam

1145 1814 1231 1841 pretii.
1340 1806 1397 1834 Cic,
1411 1807 1487 1833 Verr.
1502 1815 1529 1839 ς,
1543 1814 1588 1841 127
1609 1806 1738 1842 Repetere
1752 1818 1793 1835 res
1813 1811 1869 1837 suas
1883 1811 2086 1850 desocii'sftrmo
2099 1817 2132 1851 (Ji
2169 1825 2194 1845 ει

1146 1845 1250 1870 crimine
1266 1842 1464 1877 repetundarum.
1501 1844 1533 1868 Et
1545 1843 1632 1868 moxs.
1643 1849 1681 1872 128
1697 1854 1715 1869 c.
1725 1853 1760 1877 49
1778 1845 1901 1874 Sthenius
1916 1849 1959 1874 hic
1995 1865 2041 1870 —
2078 1838 2194 1881 meniio-

1145 1887 1205 1904 nem
1223 1884 1330 1904 tuorum
1347 1879 1482 1905 furtorum
1495 1887 1548 1904 non
1564 1878 1642 1909 facit;
1661 1879 1713 1906 sese
1727 1880 1812 1914 ipsum
1826 1882 1871 1908 abs
1890 1890 1916 1909 te
1936 1887 2031 1919 repetit
2055 1888 2124 1915 nihil
2136 1899 2193 1917 ani-

1260 1914 1306 1940 Sed
1314 1912 1346 1947 .st
1355 1918 1427 1940 etiam
1435 1914 1564 1950 sollemnia·
1571 1921 1595 1940 et
1610 1915 1712 1949 publica
1719 1916 1836 1950 formula
1850 1919 1901 1945 Res
1915 1907 2045 1955 repeteret
2058 1933 2105 1959 qua
2118 1933 2192 1953 utun.

1143 1958 1186 1977 tur
1204 1959 1253 1975 non
1272 1950 1340 1976 modo
1361 1953 1387 1975 in
1408 1956 1477 1976 rebus
1492 1957 1540 1985 per
1558 1953 1677 1976 iniuriam
1689 1952 1780 1978 ablatis
1797 1958 1947 1982 retentisue:
1958 1956 2006 1992 fid
2018 1962 2112 1992 quoties
2120 1961 2192 1996 satis

1134 1985 1262 2023 'libi—fieri,
1279 1993 1322 2012 aut
1334 1989 1449 2021 reparari
1457 1989 1575 2012 iniuriam
1588 1995 1750 2022 quamcunque
1759 1990 1854 2021 volunt,
1871 1990 1929 2022 et‚st
1942 1992 1971 2016 nl
1982 2000 2090 2027 nugetur,
2104 1995 2192 2022 bellum

1142 2022 1267 2052 indicum,
1308 2022 1368 2050 Vid.
1382 2022 1440 2048 Liu.
1458 2030 1477 2053 i,
1491 2030 1522 2048 22
1540 2021 1583 2048 ubi
1597 2030 1637 2047 res
1651 2024 1754 2047 r'muccm
1768 2030 1923 2056 repetuntur
1936 2026 1972 2051 ob
1992 2029 2099 2061 praedas
2119 2031 2191 2058 inui-

1143 2070 1199 2087 cein
1213 2060 1288 2087 adias.
1389 2058 1514 2083 formulae
1534 2065 1575 2082 res
1590 2056 1726 2088 repetendi
1734 2056 1866 2090 Jbslrmncs
1878 2066 1900 2084 et
1913 2062 2026 2097 integrae
2036 2064 2101 2098 ficut
2115 2070 2190 2093 etiam

44 2097 91 2128 ba,
110 2096 201 2122 indicio
214 2095 246 2129 est
260 2104 330 2122 ctiam
344 2097 472 2131 Qinffil.
488 2106 510 2129 ς,
525 2106 561 2129 ιο,
576 2099 617 2123 116
636 2098 694 2123 Hoc
707 2097 823 2131 reperire
837 2096 988 2128 difficilius,
1001 2104 1080 2130 quam
1096 2102 1123 2128 5,·
1142 2098 1201 2122 Liu.
1212 2107 1228 2128 z,
1242 2104 1272 2127 32
1288 2094 1331 2120 vbi
1345 2094 1430 2120 Ancui
1439 2093 1564 2121 Marcius,
1578 2097 1606 2116 vt
1621 2090 1801 2119 indicerentur
1814 2092 1882 2120 bella
1896 2095 1989 2130 aliquo
2002 2105 2066 2131 ritu,
2082 2100 2122 2128 ius
2142 2116 2189 2124 —-

45 2141 102 2158 cum
118 2133 250 2158 inueneris
264 2133 422 2166 argumentis
434 2132 567 2159 adiuuare.
639 2133 682 2159 Sic
693 2132 726 2158 ad
738 2133 822 2169 Casum
836 2134 930 2168 referri
942 2129 1078 2166 nonpotest

41 2167 105 2193 suad
130 2168 196 2193 'seiz
211 2166 314 2193 Phorm.
330 2176 350 2199 1,
363 2178 386 2199 4,
398 2176 424 2201 1,·
463 2168 511 2194 Sed
525 2168 571 2194 vbi
585 2168 763 2201 Antiphonem
775 2170 906 2202 reperiam
922 2169 930 2193 ἓ
967 2174 1010 2192 aut
1027 2173 1079 2198 qua

40 2210 166 2236 quaerere
181 2202 291 2229 insistam
307 2203 348 2229 via
362 2204 371 2229 3
473 2204 529 2230 Cic.
541 2213 589 2237 pro
605 2204 698 2237 Qiint.
714 2206 745 2235 36
772 2204 878 2229 Tamen
893 2203 920 2227 in
936 2201 982 2226 ista
998 2207 1079 2233 popu-

38 2238 139 2264 latione
152 2244 176 2264 et
190 2238 380 2273 proscriptione
392 2238 535 2270 bonorum,
550 2239 753 2272 iinprobillinnis
766 2236 942 2269 reperiebare.
963 2237 980 2260 i.
995 2234 1079 2268 deprc-

37 2274 178 2301 hendebarc.

38 2317 113 2344 grato
126 2309 243 2344 ingratus
257 2315 375 2342 repertus
389 2309 433 2333 eit.
629 2303 649 2341 fl
672 2314 683 2330 2
714 2303 869 2337 Sulrstauriua
884 2304 968 2330 ordine
980 2305 1078 2340 cli-mcvi-

37 2352 128 2372 torum.
199 2344 306 2370 Aditum
320 2343 366 2368 sibi
380 2341 511 2375 reperire,
529 2339 582 2366 vid.
595 2346 731 2371 ΑΒιΤνε,
742 2344 769 2364 in
789 2347 810 2365 Α
819 2347 837 2366 D
846 2346 898 2365 ΕΟ.
994 2338 1077 2375 Auxi-

36 2381 106 2407 lium
122 2380 201 2406 alicui
215 2380 254 2404 rei
275 2378 346 2403 Caes.
360 2377 421 2402 Bell.
436 2375 501 2401 Gall.
515 2383 538 2406 3,
552 2383 586 2406 ις.
689 2375 757 2400 Ter.
771 2374 876 2399 Phorm.
890 2382 913 2402 2,
926 2380 946 2403 ι,
958 2380 976 2404 4
1002 2370 1076 2404 Qud

40 2416 109 2442 mihi
125 2415 210 2439 dicent
225 2414 232 2438 Ξ
269 2419 312 2438 aut
346 2420 404 2437 uam
417 2411 525 2437 Causam
539 2408 693 2442 reperient?
727 2412 744 2433 i.
765 2407 944 2443 excogitabant.
1034 2407 1078 2433 Sic

39 2450 113 2476 Idem
128 2450 190 2475 Eun.
205 2456 226 2480 3,
239 2456 260 2479 3,
274 2449 292 2472 6
310 2448 331 2472 V
352 2447 361 2471 i
375 2446 450 2474 veni,
472 2445 571 2470 causam
586 2449 613 2469 vt
628 2443 668 2469 ibi
682 2451 830 2473 manerem,
850 2442 975 2477 repperit.

40 2486 96 2512 Cic.
111 2484 142 2510 de
154 2482 252 2509 Sene&
269 2488 291 2513 ις
328 2482 415 2513 Qium
431 2478 591 2512 complector
603 2479 708 2510 amum,
729 2486 844 2513 quatuor
859 2479 945 2504 causas
960 2486 1074 2512 reperio,

37 2529 85 2546 cur
97 2518 209 2545 senectus
223 2516 314 2542 misera
329 2515 456 2541 videatur.
495 2515 627 2540 Nccali'ter
645 2514 904 2548 Plam.c.·1pr.extr.5
928 2515 1074 2540 Huiusmo-

36 2555 160 2589 dipaueas
169 2554 261 2579 Po‘e'tae
269 2551 404 2585 reperiunt
413 2549 579 2577 Comoedias.
635 2551 676 2575 Ita
689 2551 756 2576 Ter.
766 2550 870 2576 Phorm.
880 2559 899 2582 i,
908 2558 953 2582 4‚i
974 2550 1073 2576 Nullus

32 2599 64 2616 es
87 2590 168 2620 Geta,
185 2587 233 2614 nili
255 2587 363 2622 aliquod
385 2586 438 2612 iam
461 2586 512 2612 tibi
533 2584 671 2611 confilium
690 2586 775 2612 celere
788 2586 926 2620 repereris.
997 2585 1072 2620 Cous.

35 2625 110 2652 Idem
124 2625 218 2651 ticam.
235 2632 253 2655 ἲ,
268 2632 293 2655 2,
307 2631 346 2649 22.

36 2661 174 2696 reperitis,
193 2668 285 2693 resque
299 2664 353 2685 tota
367 2657 472 2685 vacillat
486 2664 510 2683 et
523 2657 658 2682 claudicat.
754 2658 874 2683 Gloriam
891 2657 971 2683 armis
1004 2657 1072 2683 Ter.

36 2698 132 2724 Heaut.
147 2705 167 2727 1,
182 2704 201 2727 1,
215 2698 256 2719 ⁶0.
351 2692 487 2720 Malefac‘la
500 2692 582 2718 vestra
595 2691 697 2726 repperi
710 2692 834 2719 radicitus
863 2693 943 2719 Plaut.
958 2693 1035 2719 Most.
1050 2700 1073 2725 ς,

39 2742 60 2764 1,
73 2735 111 2758 62.
203 2731 317 2764 Aesopus
328 2729 420 2755 audior
435 2737 513 2763 quani
527 2729 665 2754 Materiam
679 2729 795 2763 repperit
816 2728 924 2755 Phaedr.
940 2729 1007 2754 Prol.
1019 2738 1043 2754 v.
1053 2737 1072 2754 1.

38 2769 95 2794 Cic.
111 2767 168 2793 Diu.
185 2766 212 2791 in
226 2766 300 2792 Cacc.
315 2772 349 2799 70
379 2764 502 2791 Profecic)
522 2764 593 2790 nulla
616 2773 729 2798 vnquain
752 2764 885 2790 Medicina
909 2764 949 2790 his
974 2770 1013 2790 tot
1034 2764 1073 2789 in-

38 2801 184 2830 commodis
195 2801 349 2835 reperietur.

37 2847 63 2872 ς,
78 2840 117 2865 26.
219 2837 275 2863 Cic.
290 2835 365 2862 Acad.
381 2844 407 2868 4,
424 2839 451 2862 16
484 2835 651 2870 Posteaquam
668 2835 810 2862 Archefilas
824 2836 939 2866 Zenoni,
959 2842 987 2861 vt
1001 2842 1074 2869 puta-

36 2881 82 2902 tur
95 2872 256 2904 obtrectans,
276 2872 343 2898 nihil
356 2872 431 2898 Noui
444 2871 603 2906 reperienti,
622 2870 663 2897 sed
684 2872 831 2898 emendanti
858 2872 1003 2906 superiores
1025 2872 1073 2896 iin-

38 2910 194 2937 mutationes
207 2908 360 2939 verborum,
374 2914 419 2933 etc.
486 2906 654 2933 Occasionem
668 2908 748 2933 Plaiit.
761 2908 850 2934 Pseud.
866 2917 891 2940 4,
902 2916 960 2941 4‚9.
1027 2907 1072 2933 Pa-

39 2951 123 2972 rentes
137 2945 193 2971 suos
212 2943 278 2969 Ter.
294 2944 375 2970 Andr.
389 2952 416 2975 4,
430 2945 455 2974 6,
471 2951 502 2969 ιι.
610 2943 669 2969 Pars
691 2944 768 2976 pressa
783 2945 925 2977 sequuntur
939 2944 1016 2977 Signa
1030 2951 1072 2977 pe-

21 2997 26 3007 .
41 2980 117 3011 dum,
135 2979 292 3013 cupiuntque
308 2980 380 3005 suum
395 2978 510 3012 reperire
524 2977 651 3004 Fericium
672 2979 752 3005 Ouid.
767 2980 830 3006 Met.
846 2985 868 3011 ε,
883 2988 932 3011 333.
959 2979 986 3004 de·
999 2988 1071 3004 vcna-

41 3022 68 3042 ιιι
81 3017 136 3051 apri
147 3015 284 3048 Calydonii.
352 3014 424 3040 Caes.
439 3014 501 3040 Bell.
516 3014 598 3040 Ciuil.
613 3022 635 3046 3,
649 3022 680 3047 50
707 3015 738 3040 in
751 3024 823 3041 nouo
836 3024 931 3049 genere
945 3013 1008 3040 belli
1025 3023 1071 3040 no-

41 3059 89 3078 vae
114 3050 145 3075 ab
170 3050 286 3083 vtrisque
307 3048 422 3075 bellandi
445 3049 566 3075 Rationes
581 3049 789 3083 reperiebantur.
883 3051 939 3077 Cic.
955 3051 1008 3075 Att.
1023 3058 1048 3081 2,
1063 3058 1072 3076 1

42 3085 122 3120 Quod
136 3085 153 3110 li
169 3085 196 3110 in
209 3093 265 3110 eain
278 3093 318 3110 me
331 3091 428 3119 partem
441 3085 586 3115 incitarem,
599 3085 718 3119 profec‘io
732 3087 785 3112 iam
801 3086 915 3121 aliquam
928 3085 1073 3119 reperirem

40 3120 173 3149 refistemfi
187 3119 272 3145 Viam.

40 3155 194 3192 reperienda
209 3154 253 3186 est,
269 3162 328 3188 qua,
340 3162 384 3182 etc.

39 3199 119 3227 atque
145 3190 268 3217 euoluere
294 3191 370 3223 poffet
392 3192 421 3217 In
439 3200 510 3218 mare
525 3192 549 3217 se
562 3192 685 3218 Xanthus.
880 3191 901 3230 ff
922 3202 933 3224 3
973 3193 1072 3218 Formae

38 3231 116 3258 aliae,
134 3230 160 3252 in
174 3226 260 3262 quibui
272 3229 405 3261 excogitare
416 3226 548 3263 fignificat.
583 3227 693 3262 Aliquid
707 3229 853 3263 reperiret,
874 3229 984 3263 fingeret
998 3228 1071 3254 falla-

39 3265 92 3292 cias
110 3263 178 3289 Ter.
191 3263 286 3288 Heaut.
300 3269 323 3300 ᾖ,
335 3269 357 3291 2,
368 3270 408 3288 22.
513 3263 657 3297 Reperisti,
677 3263 728 3290 tibi
743 3265 815 3298 quod
829 3266 927 3299 placeat
953 3264 1024 3290 Ideni
1032 3264 1069 3289 ib.

219 3297 446 3336 Celerum-,equae
461 3307 524 3332 opus
539 3304 626 3332 erant,
643 3300 790 3334 reperiebat
811 3301 879 3335 Nep.
895 3310 920 3332 2,
935 3309 981 3332 1,3.
1025 3300 1070 3325 Fe.

373 3119 446 3146 Idem
460 3121 535 3146 Verr.
550 3129 572 3153 3,
587 3129 626 3147 iio
643 3121 766 3148 Mihimet
780 3123 893 3148 ineunda
907 3122 974 3148 ratio
989 3127 1012 3146 et
1022 3121 1071 3146 Via

40 3309 65 3333 32
78 3308 100 3331 32
114 3307 149 3330 35-

1039 2443 1076 2482 'Et
1098 2449 1129 2481 63
1139 2444 1211 2478 sequi
1226 2444 1272 2470 lite
1285 2451 1363 2479 atque
1377 2443 1479 2472 iudicio
1495 2446 1550 2472 Cic.
1560 2447 1666 2479 Verr.3‚
1679 2456 1715 2479 3²-

454 2622 510 2648 Cic.
526 2621 558 2647 dc
573 2621 635 2647 Nat.
651 2621 730 2648 Deor.
747 2628 817 2654 i,108
839 2622 895 2648 Nec
910 2630 956 2647 vos
970 2621 1072 2647 exitum
1087 2636 1122 2662 70

420 2800 566 2834 Negotium
585 2800 687 2834 repperi
705 2800 732 2826 in
748 2799 795 2826 hac
810 2810 839 2826 re
865 2800 946 2826 Plaut.
963 2799 1031 2825 Rud.
1046 2808 1071 2832 2,
1087 2810 1118 2838 75

1089 2982 1121 3008 80

488 3157 562 3190 Visg·
581 3157 645 3183 Aen.
659 3165 681 3189 5,
695 3162 745 3192 807
773 3158 830 3185 Nec
844 3158 962 3192 reperire
985 3158 1071 3188 Viam,
1082 3165 1113 3194 8)-

40 3340 102 3363 runt
115 3332 207 3366 multi,
223 3332 255 3358 ab
271 3332 326 3365 ipso
339 3340 450 3365 primum
464 3340 610 3368 repertum,
629 3341 656 3361 vt
668 3343 712 3361 etc.
733 3336 866 3371 Lamprid.
883 3336 989 3369 Heliog.
1005 3344 1026 3361 c.
1039 3344 1068 3361 11.
1084 3350 1119 3374 90

41 3372 101 3398 Hoc
118 3378 172 3395 non
191 3369 261 3394 secus
278 3366 393 3407 reperies
426 3368 504 3395 Plaut.
519 3370 591 3404 Capt.
606 3379 626 3401 3,
640 3380 667 3403 4,
681 3379 719 3403 93.
827 3373 891 3398 Non
906 3371 1070 3406 reperiebam

38 3403 259 3441 quemadmodum
274 3403 352 3436 poil'et
366 3403 439 3436 iungi
452 3405 573 3432 sententia
587 3405 699 3433 duorum
713 3413 766 3433 tam
784 3406 888 3434 diuersa
908 3408 1069 3434 censentium

38 3442 105 3468 Plin.
119 3439 197 3475 Epist.
211 3444 235 3471 8,
250 3447 287 3471 ¹4,
303 3446 336 3470 15.
403 3438 444 3464 Sic
457 3440 510 3467 Cic.
524 3441 555 3467 de
571 3441 640 3467 clar.
652 3443 725 3469 Orat.
741 3447 754 3472 8
774 3443 877 3476 Qubus
893 3444 972 3470 armis
981 3451 1070 3476 quem-

38 3475 179 3502 admodum
199 3480 350 3505 vterentur‚
369 3482 421 3498 non
437 3475 605 3508 reperiebant.

39 3511 167 3538 soluamus
181 3510 268 3544 inquis
286 3509 341 3536 Cic.
354 3510 407 3535 Att.
421 3516 446 3542 7,
462 3518 482 3541 3.

39 3557 69 3581 4,
84 3555 106 3579 3,
121 3555 140 3572 i.
230 3546 286 3572 Cic.
300 3545 331 3571 de
345 3544 444 3584 Sene&
462 3553 490 3570 ¹0
528 3547 610 3580 Qiem
623 3548 773 3575 Tarentum
787 3551 884 3577 venisse
897 3551 926 3577 L.
940 3549 1070 3581 Aemylio,

41 3584 106 3616 App.
120 3581 231 3608 Claudio
245 3580 402 3607 Consulibus
417 3579 530 3614 reperio.
597 3583 668 3618 Conf.
683 3585 754 3611 Caes.
769 3586 797 3611 B.
811 3586 843 3612 G.
857 3595 880 3617 2,
897 3594 924 3619 4.
961 3593 984 3612 et
1003 3588 1030 3616 6,
1044 3593 1069 3617 9.

41 3618 98 3644 Cic.
112 3626 159 3651 pro
174 3617 278 3643 Cluent.
292 3625 321 3648 30
359 3616 476 3642 Cluentii
495 3624 586 3642 numus
603 3620 689 3646 nullus
703 3620 787 3646 iudici
801 3621 874 3648 datus
889 3622 944 3648 vllo
957 3621 1069 3654 vestigio

41 3653 179 3686 reperitur.
266 3651 331 3678 Plin.
345 3660 384 3684 10,
396 3661 429 3684 54
443 3658 506 3677 extr.
540 3651 636 3679 Scitum
650 3654 682 3681 de
696 3655 811 3691 quodam
825 3664 917 3691 potore
930 3658 1071 3692 reperitur,

712 3478 784 3512 Qud
800 3479 831 3504 ad
846 3479 908 3505 haec
922 3478 1070 3513 repereris?

40 3687 165 3718 Syracusis
202 3687 302 3714 tamdiu
335 3694 425 3721 potare
452 3687 572 3718 solitum,
614 3688 694 3716 donec
724 3699 847 3726 cooperta
880 3699 949 3720 terra
970 3693 1070 3719 foetum
1081 3695 1242 3730 100Repete,

42 3722 146 3762 ederent
160 3731 217 3749 oua.
236 3758 242 3763 .
265 3758 270 3763 Π
294 3723 433 3757 Reperiam
445 3722 556 3754 multos,
574 3723 615 3749 vel
627 3726 711 3758 potius
723 3727 999 3760 innumerabiles,non
1008 3735 1070 3760 tam,

40 3765 87 3784 etc.
103 3758 157 3783 Cic.
171 3758 201 3784 de
213 3757 300 3800 Pinib.
312 3767 338 3791 2,
350 3767 389 3791 29·
585 3755 605 3795 ff
632 3769 651 3792 4
683 3762 853 3797 Reperibitur
864 3763 922 3797 teste
946 3765 1018 3791 Non.
1032 3773 1070 3795 ιο,

41 3801 76 3824 29
100 3793 255 3826 Pomponius
271 3793 396 3828 insuturo
411 3793 477 3820 dixit
495 3804 502 3819 :
538 3796 596 3819 item
627 3794 705 3823 Plaut.
720 3799 794 3833 Epid.
809 3801 848 3833 (ι,
863 3808 884 3830 2,
898 3802 952 3833 48)
994 3800 1067 3833 Qud

40 3829 88 3854 illa
102 3827 146 3854 fiet
159 3828 262 3855 fidicina
273 3829 353 3862 igitur
368 3830 377 3855 3
411 3829 498 3864 aliqua
512 3838 552 3855 res
566 3829 738 3863 reperibitur.
846 3837 876 3862 Ει
885 3836 980 3862 caecil.
995 3836 1068 3862 Obo-

38 3864 145 3895 ¹0st³‘0»
165 3864 244 3891 Nunc
261 3864 397 3894 enimuero
415 3865 468 3898 est,
484 3874 567 3900 quum
587 3873 660 3892 meae
679 3869 758 3898 morti
776 3871 923 3899 remedium
937 3871 1122 3911 reperibit105
1133 3880 1251 3909 repetere
1265 3875 1351 3908 solita,

573 3512 698 3546 Reperire
712 3514 884 3547 quamobrem
912 3514 980 3541 Ter.
995 3513 1070 3540 Adel·
1083 3521 1115 3548 95
1131 3518 1186 3544 nati
1199 3527 1253 3545 non
1268 3519 1381 3546 suerint:
1402 3520 1442 3545 rei
1456 3528 1551 3547 nomen
1566 3521 1701 3548 aboletur:

1142 2133 1214 2164 quod
1229 2138 1296 2155 nunc
1314 2128 1424 2154 Fetiales
1439 2126 1545 2158 habent,
1559 2125 1700 2160 descripsit,
1715 2136 1768 2160 quo
1781 2136 1821 2154 res
1833 2136 1998 2163 repetuntur.
2071 2136 2126 2164 Εἰς,
2141 2147 2191 2172 pm

1141 2167 1250 2198 δαμῇ
1266 2166 1328 2190 c.26
1351 2170 1414 2190 extr.
1444 2163 1499 2189 Rex
1519 2161 1635 2191 amicus,
1652 2161 1724 2187 nulla
1746 2163 1846 2190 iniuria
1865 2173 2072 2197 commemorata
2109 2174 2190 2200 nullis

1142 2199 1262 2233 repetitis
1276 2199 1369 2230 rebus,
1389 2207 1447 2224 cum
1464 2196 1542 2223 bonis
1560 2195 1684 2222 omnibus
1705 2197 1894 2230 publicaretur.
1969 2205 2000 2230 Et
2012 2204 2044 2231 de
2057 2191 2109 2234 O’ffi
2126 2219 2132 2234 ι
2159 2211 2190 2235 ,6

1141 2244 1162 2260 c.
1172 2244 1191 2260 ιι
1212 2234 1323 2260 Nullum
1338 2233 1437 2258 bellum
1448 2232 1556 2263 iustum,
1575 2230 1623 2257 nisi
1636 2231 1708 2264 quod
1721 2238 1765 2259 aut
1778 2235 1857 2261 rebus
1871 2238 1988 2271 repetitis
2003 2249 2122 2275 geratur,
2136 2227 2189 2272 ’aim

245 2274 327 2300 Plaut.
343 2274 409 2300 Pers.
425 2283 447 2305 5,
460 2282 484 2305 2,
499 2282 528 2305 59
548 2273 605 2298 Nec
619 2272 680 2297 satis
695 2271 763 2296 liber
776 2270 822 2295 sibi
835 2270 950 2301 videtur,
986 2284 1030 2288 -
1050 2268 1078 2293 ni
1096 2272 1130 2295 60
1141 2269 1323 2293 denuntiatum
1336 2272 1396 2292 ante
1410 2266 1450 2298 fit,
1461 2273 1486 2293 et
1501 2265 1640 2294 indictum.
1678 2267 1747 2294 ΑΜ.
1760 2269 1834 2298 seru.
1848 2271 1883 2297 ad
1895 2274 1957 2302 Aen.
1969 2284 2014 2308 10,
2029 2285 2059 2311 14
2077 2286 2101 2305 et
2113 2286 2187 2307 CLA-

1141 2308 1290 2329 RiGATio.
1335 2303 1440 2341 Proprie
1452 2309 1534 2342 tamen
1546 2308 1701 2336 repetuntur
1714 2313 1773 2340 quae
1785 2305 1846 2332 data
1852 2307 1926 2342 szmt.
2032 2313 2089 2341 Cic.
2105 2315 2180 2343 Tusc

1142 2346 1168 2378 1‚.
1182 2340 1221 2363 116
1241 2338 1275 2376 At
1287 2345 1316 2363 ea
1330 2338 1439 2377 quidem
1454 2337 1525 2379 dedit
1542 2339 1646 2364 vsurani
1661 2339 1739 2371 vitae,
1752 2346 1876 2376 tanquam
1890 2346 2017 2378 pecuniae
2029 2349 2100 2377 nulla
2114 2337 2189 2385 prae:

1138 2373 1227 2413 stituta
1241 2373 1292 2399 die.
1346 2372 1422 2415 Qud
1433 2373 1468 2399 est
1480 2379 1562 2408 igitur
1578 2374 1650 2408 quod
1666 2378 1921 2413 querare,si.repetit
1935 2390 2017 2416 quum
2030 2385 2104 2413 vultz
2139 2388 2188 2414 Be-

1137 2408 1260 2434 neficium
1275 2415 1395 2442 repetere
1408 2413 1495 2435 hence.
1510 2409 1542 2435 de
1555 2410 1675 2443 Benef.3,
1690 2419 1722 2444 ις.
1813 2415 1886 2441 Bona
1899 2416 1942 2443 sua
1955 2411 2074 2453 repetere
2087 2431 2116 2449 ae
2128 2432 2189 2458 pero·

1295 2483 1298 2486 ,
1319 2483 1322 2487 .
1528 2482 1532 2486 .
1758 2449 1827 2476 Hinc
1838 2452 1993 2491 quae-nostro
2006 2458 2060 2482 iure
2070 2464 2177 2493 petimur

1137 2487 1257 2514 repetere
1270 2480 1385 2509 dicunur.
1503 2481 1557 2509 Cic.
1566 2491 1614 2516 pro
1635 2483 1720 2510 Plane.
1741 2493 1779 2510 101
1801 2487 1873 2518 Qud
1892 2497 1934 2515 me
1953 2491 2084 2524 aspectas?
2111 2480 2189 2528 Qiid'

1138 2525 1196 2542 mea
1208 2516 1331 2543 Promissa
1345 2516 1460 2550 repetis?
1479 2517 1544 2551 quid
1559 2527 1644 2544 ineam
1658 2518 1738 2546 fidem
1752 2520 1895 2555 imploras?
1960 2526 2015 2552 Cic.
2029 2515 2156 2562 pro-Arcti
2175 2539 2187 2558 ι

1139 2552 1165 2592 Si
1180 2551 1245 2586 quid
1255 2552 1295 2592 *el-i
1307 2553 1334 2578 in
1348 2562 1390 2579 ine
1406 2552 1507 2586 ingenii
1543 2567 1589 2572 ·—
1625 2555 1721 2581 Earum
1741 2565 1831 2584 rerum
1845 2560 1967 2587 omnium
1987 2563 2030 2589 vel
2044 2565 2074 2591 in
2091 2553 2188 2600 primis

1138 2587 1181 2614 hie
1193 2589 1223 2614 A.
1232 2588 1350 2614 Licinius
1366 2588 1482 2615 frucium
1497 2597 1510 2615 a
1520 2598 1562 2615 me
1574 2597 1692 2624 repetere
1707 2600 1790 2626 prope
1803 2595 1915 2621 suoiure
1924 2595 2012 2626 debet.
2121 2603 2187 2629 Fru-

1138 2623 1210 2650 Ctum
1226 2629 1250 2649 et
1263 2622 1344 2650 officii
1361 2625 1508 2658 praemium
1522 2632 1640 2660 repetere
1657 2625 1756 2654 Pseudo
1770 2642 1780 2647 —
1793 2630 1849 2659 Cic,
1870 2638 1956 2666 anteq.
1975 2634 2026 2661 iret
2039 2635 2068 2662 in
2080 2637 2139 2664 Exil

1138 2660 1256 2699 Gratiam
1269 2669 1317 2693 pro
1330 2659 1460 2700 beneficio
1474 2667 1592 2694 repetere
1613 2662 1671 2689 Liu.
1684 2671 1708 2694 i,
1723 2672 1768 2698 47.
1886 2668 1916 2693 In
1935 2669 2088 2698 seruitutem
2109 2649 2187 2701 vrbis*

1138 2696 1296 2735 {alu-3415&
1403 2696 1458 2722 Cic.
1467 2696 1558 2723 Diuin.
1574 2697 1706 2725 inCaecil.
1721 2704 1746 2729 18
1763 2700 1863 2734 Ecquid
1875 2703 2040 2733 audior-itatis
2054 2709 2121 2742 apud
2137 2718 2186 2736 vos

1137 2740 1166 2757 in
1186 2731 1231 2758 suo
1245 2740 1304 2758 iure
1316 2731 1461 2766 repetundo
1475 2733 1540 2758 socii
1554 2734 1648 2767 Populi
1663 2735 1777 2762 Romani
1793 2738 1921 2772 supplices
1934 2741 2014 2768 vestri
2028 2742 2126 2772 habere
2141 2746 2186 2772 de-

1136 2767 1221 2794 beant.
1400 2765 1420 2804 ff
1441 2776 1455 2793 2
1495 2769 1620 2795 formulae
1632 2769 1759 2806 diuersae:
1797 2774 2006 2809 Cic.Verr.5‚i6
2026 2780 2175 2808 Verebatur

1137 2812 1170 2829 ne
1184 2802 1296 2837 Populus
1310 2803 1443 2830 Romanus
1458 2803 1490 2830 ab
1506 2804 1556 2831 isto
1570 2814 1610 2831 eas
1619 2806 1715 2832 Poenas
1729 2807 1757 2834 vi
1771 2811 1892 2843 repetisse
1907 2812 2042 2839 videretur
2065 2824 2128 2849 quas
2142 2801 2187 2844 ve1

1136 2839 1203 2865 ritus
1216 2838 1500 2874 elset,neistislegibus
1516 2847 1540 2866 et
1550 2841 1637 2868 vestro
1654 2842 1756 2869 iudicio
1770 2853 1825 2871 non
1838 2847 1897 2872 esset
1908 2834 2097 2881 persolutu'rus.
2135 2853 2187 2879 Re-

1136 2875 1202 2909 petit
1217 2883 1312 2908 poenas
1326 2874 1407 2907 iudex,
1427 2876 1556 2912 accufiztor
1569 2877 1720 2912 respublicas
1734 2878 1793 2910 dat,
1812 2883 1940 2915 persoluit
1954 2891 1999 2911 etc.
2038 2895 2094 2912 reus
2101 2887 2127 2923 s.
2142 2888 2185 2914 da-

1135 2917 1243 2936 mnatus.
1321 2911 1481 2951 ⁴Repetere‚
1502 2913 1625 2939 Reuocare
1646 2913 1729 2941 Plaut.
1744 2916 1872 2951 Truc.4‚
1883 2927 1894 2950 3
1905 2939 1912 2950 ‚
1926 2927 1957 2953 72
1976 2920 2075 2948 Filium
2090 2923 2186 2950 instinc

1136 2952 1212 2972 tuum
1227 2952 1252 2972 te
1264 2946 1359 2972 melius
1373 2946 1407 2972 est
1421 2954 1548 2981 repetere.
1653 2949 1722 2976 Ter.
1738 2952 1819 2979 Andr.
1829 2961 1848 2984 ι,
1861 2962 1883 2987 ς,
1900 2963 1927 2987 14
1948 2956 2018 2983 Hem
2033 2959 2186 2993 repudiatu·

1136 2987 1251 3021 repetor.
1273 3017 1277 3022 .
1355 2982 1493 3016 Repetcre‚
1514 2985 1610 3011 leerare
1631 2985 1761 3013 Columel.
1778 2997 1810 3021 4,
1832 2995 1862 3019 28
1885 2990 1974 3018 Postea
1991 2992 2053 3019 licet
2073 2995 2186 3022 eandem

1134 3024 1360 3079 gainpiuationem
1374 3025 1502 3053 repetere.
1547 3019 1646 3047 Audita
1658 3029 1778 3056 repetens
1799 3024 1880 3052 Ouid.
1900 3026 1944 3060 Ep.
1953 3035 2001 3062 20,
2017 3036 2069 3061 ¹93·
2105 3031 2184 3068 Virg.

1159 3061 1236 3086 en.2,
1249 3058 1292 3088 178

1291 3089 1418 3124 Exemplo
1432 3090 1554 3117 tentanda
1567 3091 1628 3126 fuga
1643 3092 1713 3119 canit
1732 3102 1847 3128 aequora
1861 3095 1983 3123 Calchas:

1291 3125 1349 3152 Nec
1363 3126 1430 3160 pofl'e
1439 3127 1570 3160 Argolicis
1584 3128 1701 3155 exscindi
1716 3130 1839 3164 Pergama
1860 3132 1920 3158 telis

1291 3162 1390 3188 Omina
1401 3162 1428 3188 ni
1442 3169 1560 3197 repetant
1574 3164 1659 3198 Argis.

1133 3196 1243 3224 Sumtum
1256 3206 1284 3223 ex
1293 3197 1425 3258 dzjcb‘pliua
1433 3199 1553 3231 Romana,
1561 3200 1629 3234 apud
1635 3209 1693 3235 quos
1701 3200 1772 3227 duces
1780 3211 1791 3227 c
1798 3205 1933 3237 prouincia
1943 3210 1968 3230 et
1980 3208 2090 3233 exercitu
2101 3207 2184 3244 auspi.

1134 3235 1227 3258 ciorum
1241 3240 1337 3268 repetem
1357 3243 1425 3260 orum
1445 3234 1515 3269 causa
1526 3236 1626 3261 Romam
1642 3246 1688 3261 non
1703 3246 1825 3272 nimquam
1837 3239 1972 3266 redierunt.
2043 3241 2102 3268 Liu.
2116 3249 2138 3273 8,
2151 3252 2185 3275 30

1133 3267 1257 3302 Namque
1272 3269 1390 3303 Papirius
1402 3269 1525 3296 Dictator
1547 3279 1561 3296 a
1581 3271 1695 3305 pullario
1714 3273 1846 3305 monitus,
1876 3283 1958 3308 quuin
1982 3275 2014 3301 ad
2035 3278 2182 3311 auspicium

1133 3304 1304 3337 repetendum
1319 3305 1429 3331 Romani
1442 3304 1662 3340 proficisceretur,
1680 3308 1804 3342 magistro
1819 3310 1944 3343 Equitum
1953 3310 2134 3346 denunciatur,
2153 3321 2184 3342 vt

1134 3340 1186 3365 sese
1198 3339 1374 3381 locoten-erct.
1470 3342 1623 3368 Sermonem
1639 3344 1670 3369 de
1683 3344 1786 3369 annulis
1800 3345 1960 3378 repetimus,
1983 3349 2001 3373 i.
2017 3347 2052 3374 ad
2062 3350 2132 3376 illum
2145 3361 2184 3377 re-

1132 3376 1256 3401 uoluimur
1275 3376 1385 3408 Plin.33‚
1401 3385 1418 3403 i.
1515 3378 1570 3405 Cic.
1586 3381 1639 3405 Att.
1655 3388 1686 3412 13,
1702 3385 1728 3411 38
1749 3380 1851 3406 Deinde
1867 3381 1964 3408 Somno
1977 3385 2092 3418 repetito
2106 3385 2182 3413 simul

1132 3419 1191 3437 cixm
1204 3411 1258 3437 sole
1273 3411 1439 3446 experrec‘ius
1454 3412 1522 3439 sum:
1559 3424 1611 3440 cum
1619 3414 1694 3441 tie-uuo
1701 3414 1886 3448 obdormiiffbm.
1992 3419 2119 3454 Repetere
2134 3431 2181 3456 per

1134 3446 1250 3486 iudicem
1269 3448 1373 3482 leian.
1391 3447 1428 3479 l.3
1441 3446 1465 3484 §.
1487 3448 1513 3474 Si
1528 3449 1606 3476 liber.
1627 3451 1658 3476 D.
1676 3450 1706 3476 de
1721 3450 1844 3477 Condift.
1865 3452 1931 3479 caus.
1952 3453 2003 3481 dat.
2075 3457 2180 3484 Paullus

1132 3489 1160 3508 1η
1176 3482 1192 3508 l.
1207 3483 1300 3509 Reum.
1321 3484 1354 3509 D.
1370 3483 1401 3510 de
1416 3484 1526 3511 accusat.
1545 3486 1623 3519 Quod
1643 3485 1660 3511 li
1676 3486 1761 3511 libelli
1782 3485 1953 3521 inscriptione
1971 3489 2091 3524 legitime
2105 3493 2179 3520 ordi-

1269 3554 1274 3559 *
1339 3558 1342 3561 Ι
1433 3555 1438 3559 ἡ
1733 3528 1765 3560 ἐι
1779 3530 1810 3548 ex
1825 3523 1929 3557 integro
1943 3527 2078 3560 repetendi
2093 3529 2180 3555 Reum

1133 3554 1244 3593 potestas
1259 3556 1311 3581 liet.
1332 3565 1351 3581 1.
1365 3556 1460 3590 Rursus
1472 3556 1611 3592 accuſsznds.
1696 3556 1820 3590 Aliquem
1835 3560 1924 3586 toxico
1939 3569 2058 3595 repetere
2072 3563 2178 3591 Sueton.

1134 3598 1162 3615 in
1177 3590 1270 3616 Claud.
1284 3600 1305 3616 e.
1316 3600 1362 3623 44.
1467 3591 1552 3619 Dolor
1567 3591 1662 3625 repetit
1675 3592 1756 3618 Scrib.
1774 3601 1824 3620 122.
1895 3597 1937 3622 Sic
1951 3597 2043 3631 Repeti
2059 3598 2179 3627 dicuntur

1132 3624 1309 3659 gladiatores,
1326 3636 1379 3652 cum
1404 3626 1530 3653 vulnerati
1545 3628 1591 3654 131
1607 3636 1668 3653 nouo
1693 3626 1745 3654 {Ha
1766 3629 1910 3664 feriuntur.
1967 3633 2020 3659 vid.
2039 3635 2108 3670 L'Pfi
2134 3637 2178 3663 Sa-

1133 3666 1199 3686 turn.
1209 3670 1233 3692 2,
1247 3670 1290 3689 20.
1328 3664 1385 3688 Huc
1393 3665 1501 3700 pertinet
1514 3664 1604 3689 tessera
1618 3664 1794 3696 pereiifforiim
1808 3666 1944 3700 Caligulae
1958 3668 2028 3702 apud
2040 3669 2138 3696 Suet.c.
2149 3677 2178 3704 58

1350 3699 1391 3724 Sic
1410 3697 1516 3739 L¹¹¹',4’
1538 3707 1564 3731 ¹9
1578 3705 1621 3733 pr.
1644 3699 1794 3733 Repetitum
1808 3702 1912 3737 cuspide
1925 3702 1956 3729 ad
1972 3711 2068 3731 terram
2083 3705 2178 3733 affixit.

1135 3730 1165 3771 ᾖ.
1178 3740 1189 3763 3
1227 3733 1364 3767 Repetere,
1385 3733 1544 3767 [ἐπαγηκειν]
1581 3734 1610 3760 de
1622 3734 1779 3762 redeuntibus
1790 3737 1895 3770 dicitur,
1914 3745 1943 3764 vt
1956 3740 2044 3766 Castra
2057 3749 2176 3775 repetere

1134 3767 1194 3793 Liu.
1211 3777 1246 3808 31,
1259 3777 1295 3795 21.
1378 3769 1493 3795 Domum
1511 3768 1592 3795 Ouid.
1607 3766 1671 3797 Met.
1686 3780 1706 3802 3,
1720 3780 1780 3805 204.
1870 3774 2004 3809 Praesepia
2021 3778 2088 3803 tauri
2103 3787 2176 3811 repen

1133 3808 1192 3829 tunt
1211 3805 1288 3837 Virg.
1301 3804 1352 3831 Ecl.
1367 3814 1388 3836 7,
1403 3813 1441 3836 39.
1548 3804 1647 3832 Vrbem
1664 3806 1737 3833 Idem
1752 3809 1816 3834 Aen.
1833 3816 1934 3843 2,749.
2026 3812 2081 3839 Iter
2092 3813 2175 3839 Ouid.

1134 3837 1166 3864 de
1181 3840 1243 3865 Arte
1251 3840 1308 3865 Am.
1317 3848 1340 3872 3,
1354 3848 1416 3875 747.
1488 3839 1615 3875 Repetere
1627 3842 1745 3869 Africam
1758 3843 1818 3869 Liu.
1831 3852 1875 3876 εις,
1895 3852 1935 3879 27.
2027 3848 2175 3874 Ministeria

1369 3876 1460 3904 Redire
1480 3875 1525 3938 aaz
1535 3877 1671 3913 consuetum
1683 3887 1743 3915 opus
1763 3878 1829 3906 Plin.
1844 3880 1924 3915 Epist.
1938 3889 1964 3913 9,
1971 3889 2009 3914 33,
2021 3891 2046 3915 9.
2101 3884 2175 3916 Opus

1546 3920 1563 3939 2
2077 3926 2172 3953 propo·
