2434 4156
340 151 412 189 759
717 137 762 178 T
867 139 902 180 E
1010 141 1041 180 R
1809 136 1853 176 T
1958 135 1993 176 E
2107 136 2140 177 R
2266 132 2268 134 ’
2394 145 2434 186 30,

342 227 370 253 in
383 225 487 256 itinere,
501 230 526 251 et
540 225 565 252 ei
580 225 745 261 linguam‚ne
753 227 853 255 facinus
861 228 999 261 indicaret,
1007 228 1124 255 abscidit.
1162 227 1208 254 Illa
1221 232 1309 253 tamen
1323 235 1379 254 rem
1474 231 1498 254 Τ
1508 234 1524 254 E
1533 234 1551 254 R
1561 233 1582 254 G
1592 234 1600 252 1
1612 232 1633 252 v
1643 231 1660 252 E
1669 231 1687 251 R
1699 230 1711 251 s
1721 230 1767 251 OR
1776 241 1784 255 ,
1799 222 1848 250 ari.
1869 223 1980 260 [νωτι’ξω,
1996 225 2129 262 epimonem]
2148 225 2259 257 Fallere,
2272 230 2298 252 et
2310 225 2374 254 diaa
2393 237 2421 260 ,η

342 263 371 289 in
385 260 454 287 veste
467 262 513 287 suo
526 270 620 288 cruore
632 262 785 298 descriptam
807 264 876 291 milit
896 265 995 291 sorori:
1015 273 1065 298 qua
1087 272 1116 289 re
1136 263 1255 296 cognita,
1276 263 1379 296 Progne
1436 270 1475 295 re,
1483 266 1566 298 inquit
1580 262 1687 289 Nouius
1702 269 1720 291 1,
1735 267 1781 294 197
1821 261 1852 287 Et
1865 260 1900 286 est
1912 261 1981 295 quasi
1995 268 2098 296 tergum
2106 269 2219 293 vertere,
2231 261 2370 297 confertque

340 298 411 329 Itym
420 296 503 323 filium
518 297 662 332 interemit,
675 303 699 324 et
708 300 774 333 patri
789 300 946 334 epulandum
961 298 1089 332 apposuit.
1146 297 1234 324 Postea
1248 306 1340 324 omnes
1351 298 1380 324 in
1435 298 1510 331 pellis
1524 299 1711 334 appellationem
1721 304 1747 322 υ.
1756 305 1782 321 υ.
1820 295 1943 330 Tcrgum
1951 299 2071 331 propelle
2083 300 2173 333 accipi,
2191 295 2259 322 modo
2273 296 2383 325 uidimus.

341 342 405 359 aues
423 333 517 359 mutati
530 333 595 359 sunt.
632 334 737 360 Tereus
752 336 778 360 in
799 343 921 369 vpupam,
939 335 991 365 Itys
1010 333 1036 359 in
1050 332 1199 367 phasianum
1210 353 1218 365 ,
1233 334 1334 367 Progne
1348 334 1376 359 in
1434 333 1555 359 interdum
1574 331 1761 367 Tergiuersari
1772 330 1872 357 videtur
1889 332 1992 364 illorum„
2011 330 2069 364 effiv,
2087 336 2130 368 qui
2146 339 2217 368 terga
2235 338 2369 366 vertentes,
2394 354 2402 358 ,,

339 368 521 399 hirundinem,
535 368 680 396 Philomela
698 369 725 396 in
744 370 888 396 lusciniam.
926 368 1053 394 Hac'tenus
1068 368 1174 394 Seruius
1188 377 1308 396 enarrans
1316 368 1379 394 illud
1398 368 1412 395 5
1435 369 1647 405 tamenjtiugnant²
1663 376 1705 393 nec
1712 366 1765 402 sese
1778 363 1861 392 vil-ios
1871 366 1954 402 fateri
1967 368 2063 399 volunt,
2075 368 2139 394 vnde
2148 366 2261 394 etiamad
2272 367 2336 393 alias
2343 377 2378 394 ns
2393 390 2401 394 .,

340 405 417 439 Virg.
432 403 483 430 Ecl.
497 406 523 437 6,
540 410 572 439 78
607 405 659 431 Aut
673 410 700 432 vt
713 411 825 430 mutatos
840 403 925 430 Terei
940 404 1088 430 narrauerit
1097 405 1184 431 artus}
1202 410 1249 430 etc.
1302 405 1377 431 Hanc
1429 402 1536 438 fertur,
1557 411 1585 430 vt
1599 403 1787 439 disputationes,
1800 400 1995 436 controuersias,
2016 407 2039 427 et
2052 409 2146 430 caetera
2158 401 2307 434 huiusmodi,
2319 411 2373 437 quae

331 438 449 476 fabulam
463 441 550 466 multis
562 440 669 474 ucrfibus
684 440 799 475 describit
811 439 891 465 Ouid.
905 439 968 465 Met.
981 442 1007 471 6,
1021 447 1063 472 455
1072 438 1131 475 sqq.
1435 447 1488 464 rum
1502 443 1677 465 contentionem
1696 437 1793 464 habent.
1830 436 1917 471 Qidfi
1925 440 2029 472 proprie
2042 438 2082 463 illi
2095 442 2167 464 etiam
2180 437 2347 472 tergiuersari
2356 437 2380 465 di
2388 436 2401 456 ν’

374 482 397 502 Τ
407 481 424 501 E
436 481 454 501 R
464 481 484 501 G
496 481 511 501 Ε
520 482 545 502 M
556 482 564 500 1
577 482 599 501 N
611 484 629 507 ι,
643 475 696 502 oid.
712 481 733 499 ‘r
742 481 757 500 r
769 480 799 499 R.
1178 488 1181 494 ›
1428 473 1502 508 sunt,
1515 482 1571 508 quos
1584 473 1667 507 nostra
1673 472 1817 509 consuetudo
1824 472 1888 499 dicit
1894 471 2016 499 Trahere
2024 471 2158 506 humeros,
2170 476 2213 509 qui
2223 472 2337 498 dubitant
2347 482 2384 500 mo
2430 467 2432 510 J

375 516 397 536 Τ
407 517 423 537 Ε
433 516 451 536 R
461 517 481 538 G
490 518 506 537 E
515 517 546 543 0,
562 510 614 537 uid.
630 516 651 535 T
661 518 676 536 E
686 517 703 536 R
713 515 733 534 G
748 515 779 535 0.
1436 516 1503 534 trum
1511 510 1628 536 attollunt
1636 506 1976 541 humerum,nuncfinfflrum.
1997 507 2223 541 Cic.Tusc.3,41c.
2232 513 2257 537 18
2270 506 2341 540 Qlid
2348 514 2388 536 ter
2430 525 2431 528 =

371 552 419 572 ΤΕ
429 553 447 573 R
456 552 476 573 G
487 554 503 573 E
513 553 526 573 s
536 553 557 573 Τ
568 553 587 573 v
597 552 634 576 M,
676 544 820 579 [Τὲργεε-ον]
839 543 929 570 Istriae
946 544 1054 571 colonia
1073 543 1227 571 Ptolemaeo
1246 553 1265 576 3,
1286 553 1293 571 1
1314 544 1378 571 Vul-
1392 550 1421 569 10
1439 544 1523 569 samur
1531 544 1650 578 Epicure,
1663 553 1709 571 nec
1721 544 1835 571 fatemur
1843 551 1899 569 eam
1915 552 1962 569 nos
1976 543 2064 569 dicere
2077 542 2248 576 voluptatem,
2261 551 2339 577 quam
2350 548 2376 570 tu
2400 563 2401 567 ,
2429 553 2432 561 ¹

336 591 372 618 go
394 579 499 615 Tra‘este.
1142 598 1146 600 ἡ
1440 587 1523 613 quum
1531 587 1559 605 os
1567 580 1735 613 perfricuisti,
1742 579 1807 606 soles
1815 579 1901 605 dicere
1910 579 1919 604 Ξ
1938 581 1958 605 i.
1965 577 2150 613 Diffimulamus
2156 577 2379 618 etsuoterfugimus.
2419 581 2431 606 'i

377 622 399 644 'r
413 623 430 644 Ε
443 623 461 644 R
472 624 492 643 G
503 624 510 642 1
522 624 542 643 v
551 623 567 641 Ε
577 621 594 640 R
604 621 617 641 s
626 621 645 640 o
655 621 684 644 R,
702 613 755 640 vid.
771 620 811 640 TE
818 620 835 640 R
842 621 862 641 G
870 621 930 641 vm.
1438 623 1487 648 pro
1495 614 1543 641 Cn.
1553 614 1671 649 Planc.48
1679 625 1698 642 c.
1710 624 1734 648 ¹9
1743 615 1860 641 Placetne
1868 613 1899 640 sic
1907 613 1966 648 agi?
1984 622 2038 640 non
2048 614 2234 648 poffummagn
2243 612 2335 647 pedem
2341 613 2384 640 con
2418 631 2419 634 =

375 659 397 679 Τ
406 660 422 678 E
432 660 450 680 R
460 660 481 679 G
492 658 522 684 o,
536 651 564 682 si,
583 659 637 681 um,
651 651 703 676 erc.
723 649 835 682 [σμήχω,
848 648 996 683 α’ποσμῆχω,
1009 648 1107 684 μύττω,
1120 648 1244 683 inuoluat»,
1257 649 1377 685 περιφοίω]
1436 649 1546 676 vtaiunt
1557 660 1563 675 ε
1580 657 1623 676 aut
1631 652 1738 686 propius
1745 649 1946 684 accedere.quid
1955 649 2112 683 taces3quid
2120 648 2269 675 dissimulasZ
2277 646 2372 683 quidt
2387 679 2390 683 ,

337 690 380 715 vel
393 695 414 714 T
424 694 466 714 ER
477 693 498 713 G
509 694 525 714 Ε
537 692 568 718 Ο,
583 685 610 717 fi,
626 686 690 716 sitm,
709 692 731 710 ee
740 685 873 720 secundum
890 688 1007 719 antiquar
1021 691 1088 717 tum,
1110 690 1164 713 ere.
1201 686 1327 713 Mundare
1340 689 1379 711 ni-
1435 686 1514 711 saris?
1535 685 1615 711 etiam
1622 692 1698 719 atque
1706 685 1873 717 ctiaminsto,
1888 692 1966 719 atque
1980 683 2205 719 vrgeo,inse6tor,
2220 685 2307 718 posco.
2362 696 2373 705 ,ι

336 724 416 751 lidum
424 723 522 759 facere.
591 722 683 746 quen.
696 720 746 746 Sat.
756 728 790 750 14,
803 724 837 747 62
875 721 939 747 Vasa
953 721 1042 754 aspera
1055 726 1154 755 tergeat
1162 722 1237 749 alter.
1293 722 1376 748 Plaut.
1385 728 1411 754 15
1440 721 1633 755 de1Tranquill.
1643 724 1691 748 An.
1701 731 1723 749 c.
1737 731 1768 748 11.
1805 721 1866 756 Dig.
1881 728 1913 754 48
1926 727 1944 747 t.
1960 722 1988 747 16
2002 720 2018 746 l.
2033 725 2079 749 181.
2182 719 2338 753 Itaqueeam
2350 724 2372 746 te
2388 747 2390 753 ,
2424 751 2428 756 Β

337 761 415 786 Poen.
432 767 451 792 1,
465 766 491 789 2,
506 765 533 789 19
552 757 698 786 Ornantur,
712 755 847 787 lauantur,
860 761 1006 790 tergentur,
1020 756 1167 791 poliuntur.
1223 757 1291 783 Add.
1305 757 1337 783 ib.
1351 766 1376 783 v.
1437 756 1489 782 sari
1503 765 1557 782 non
1574 757 1664 788 sinent,
1684 758 1822 791 secumque
1841 757 1943 790 rapient
1964 756 2020 782 Cic.
2039 755 2123 783 Ture.
2135 762 2159 788 5,
2173 760 2207 785 81.
2277 754 2350 782 Idem
2358 757 2386 782 A
2424 763 2426 766 ⁴

338 804 374 821 10.
410 795 465 820 Cir.
481 793 508 818 in
522 790 609 817 Parad.
624 799 637 819 5
651 799 673 816 c.
688 799 700 816 2
721 791 756 817 Vt
770 791 798 816 in
812 791 914 818 familia
931 792 979 826 qui
994 792 1107 820 traciam
1126 793 1189 826 ista,
1203 793 1250 828 qui
1261 799 1377 827 tergunt,
1438 792 1503 818 Non
1518 791 1553 818 est
1570 792 1642 819 locun
1659 793 1690 819 ad
1711 792 1935 827 tergiuersandum
1957 797 2048 818 contra
2067 792 2213 818 Caesarem.
2320 789 2388 817 Cin(

338 829 384 864 qui
396 833 506 862 vngunt,
521 826 568 860 qui
583 831 702 858 verrunt,
717 826 764 859 qui
779 827 912 860 spargunt,
925 836 980 852 non
1000 827 1203 855 honestissimum
1223 828 1311 854 locum
1326 829 1377 855 ser·
1439 831 1475 857 118
1491 836 1512 853 c.
1527 835 1553 859 33
1591 829 1676 862 Atque
1696 828 1724 854 in
1743 828 1784 855 his
1797 835 1884 855 tamen
1898 827 1981 854 tribus
1994 826 2135 861 generibus
2148 833 2258 861 quoquo
2272 825 2352 852 modo
2370 839 2386 849 η

335 864 430 891 vitutis
443 868 540 889 tenent.
606 861 688 888 Ouid.
704 862 768 888 Met.
782 871 802 893 2,
816 864 862 896 736
919 863 954 889 Vt
972 862 1043 889 terfis
1054 864 1155 891 niteant
1168 864 1260 891 talaria
1274 864 1378 898 plantis.
1438 871 1493 889 non
1507 862 1630 890 incallide
1648 864 1869 898 tergiuersantur:
1885 863 2051 898 prudentiam
2065 862 2254 893 introducunt,
2274 860 2383 888 scientia

335 899 450 927 Lumina
463 897 533 924 tersit
545 905 633 924 manu.
669 897 748 924 Ouid.
761 898 825 924 Met.
842 906 876 930 13,
891 906 942 930 132.
978 898 1046 925 Add.
1066 900 1105 926 Id.
1119 899 1156 926 ib.
1172 905 1195 932 8,
1208 902 1266 931 663.
1301 899 1377 934 Virg.
1387 905 1422 923 20
1439 898 1598 933 peditantem
1614 900 1767 933 voluptates,
1780 898 1953 934 depellentem
1967 898 2083 924 dolores.
2173 896 2247 923 Idem
2261 904 2310 931 pro
2319 896 2385 924 Rose.
2422 892 2424 901 ¹

335 937 402 962 Aen.
416 942 442 968 7,
455 936 515 960 626.
586 933 676 959 Cat02
695 934 744 959 Per
760 933 840 959 ferias
851 942 917 960 vero
931 934 1006 961 foffas
1018 942 1119 962 veteres
1132 936 1238 969 tergeri,
1253 934 1324 961 viam
1333 944 1378 969 pu·
1438 943 1465 966 37
1487 934 1618 960 Fannium
1633 935 1764 969 inuitum,
1782 940 1807 961 et
1821 935 1871 961 huc
1883 941 1961 968 atque
1976 934 2040 960 illuc
2053 933 2270 967 tergiuersantem
2279 951 2288 965 ,
2300 931 2388 958 testim

334 971 431 998 blicam
447 967 557 999 muniri,
570 976 664 1003 vepres
677 968 769 995 recidi.
806 969 880 1004 Conf.
896 970 1001 998 colum.
1016 979 1038 1003 3,
1051 980 1087 997 22.
1146 970 1377 997 Macrob.Saturn.
1436 976 1528 996 contra
1543 970 1568 996 se
1583 970 1670 997 dicere
1684 979 1759 1005 cogo.
1863 971 1941 998 Hunc
1960 969 2120 996 aestuantem
2139 975 2164 995 et
2182 968 2383 1001 tergiuersant

334 1015 355 1038 ι,
371 1014 395 1039 15
408 1012 473 1032 extr.
509 1004 634 1030 Verrium
649 1004 767 1030 Flaccum
783 1004 850 1031 iuris
870 1005 1003 1032 Pontificii
1022 1006 1203 1040 peritissimum
1216 1005 1303 1032 dicere
1317 1006 1378 1032 soli·
1437 1005 1480 1031 cio
1493 1005 1540 1032 ille
1553 1006 1719 1040 persequitur
1755 1005 1828 1033 Idem
1842 1015 1890 1040 pro
1899 1007 1981 1032 Flacc.
1991 1012 2028 1039 47
2042 1014 2063 1032 c.
2079 1013 2118 1030 20.
2225 1004 2263 1029 Id.
2276 1004 2330 1030 Att.
2349 1010 2394 1044 7„

334 1047 391 1069 tum
405 1041 487 1067 refert
502 1040 598 1072 Varro,
610 1039 681 1072 Quia
695 1040 770 1066 feriis
789 1047 891 1075 tergere
909 1047 1011 1068 veteres
1025 1042 1100 1068 fotsas
1119 1042 1228 1071 liceret;
1245 1050 1327 1068 noua·
1340 1042 1378 1068 fa·
1436 1041 1561 1073 cuncter,
1593 1048 1619 1066 et
1632 1042 1804 1077 tergiuerser,
1833 1048 1859 1067 et
1875 1042 1908 1068 iis
1926 1050 1968 1068 me
1983 1041 2050 1072 dem,
2070 1039 2117 1074 qui
2131 1044 2231 1072 tenent,
2262 1039 2308 1072 qui
2325 1046 2359 1072 po
2377 1047 2396 1062 u.

333 1085 393 1104 cere
406 1076 448 1102 ius
465 1084 518 1102 non
526 1076 600 1102 esset:
621 1075 682 1102 ideo
693 1075 777 1110 magis
785 1076 883 1109 viduit,
898 1086 977 1111 quam
990 1077 1141 1113 virginibus
1155 1078 1262 1103 idoneas
1275 1078 1324 1104 effe
1339 1078 1376 1104 se·
1391 1082 1424 1108 25
1435 1077 1634 1113 Tergiuersari,
1646 1077 1676 1103 In
1698 1078 1849 1104 vniuersum
1858 1077 1890 1103 ab
1898 1077 2063 1103 accusatione
2079 1074 2206 1106 desistere,
2220 1074 2288 1110 apud
2300 1073 2357 1100 Iuri
2369 1107 2389 1117 Α

332 1114 386 1141 rias
398 1112 430 1138 ad
446 1110 610 1138 nubendum.
1436 1111 1495 1147 teste
1508 1112 1630 1140 Martian.
1646 1112 1677 1139 ad
1693 1118 1716 1140 S.
1728 1119 1755 1140 c.
1791 1113 1994 1146 Turpilianum.
2011 1113 2028 1138 l.
2043 1112 2137 1147 prima.
2245 1144 2251 1149 .
2360 1143 2363 1146 ι
2431 1136 2434 1151 ¹

370 1154 416 1174 TE
426 1154 443 1173 R
453 1154 474 1174 G
483 1154 500 1173 E
510 1153 531 1172 N
544 1153 566 1179 s,
581 1146 658 1173 entis.
677 1146 746 1173 Part.
782 1147 838 1173 Iam
845 1146 939 1175 siccato
953 1148 1059 1176 nectare
1073 1154 1176 1183 tergens
1184 1147 1294 1176 Brachia
1302 1149 1379 1176 que·
1477 1154 1498 1174 'r
1508 1154 1525 1174 E
1535 1154 1550 1174 R
1561 1154 1582 1174 G
1592 1154 1601 1173 1
1612 1154 1632 1174 v
1645 1155 1662 1174 E
1672 1155 1690 1174 R
1703 1155 1716 1175 s
1728 1156 1750 1175 A
1759 1154 1810 1181 Ns,
1823 1148 1898 1175 antis.
1935 1148 1991 1175 Cic.
2004 1149 2058 1174 Att.
2077 1149 2116 1180 16,
2129 1155 2151 1177 5.
2189 1144 2278 1172 lustin.
2288 1152 2308 1177 1,
2320 1146 2347 1177 6,
2373 1151 2389 1174 21·

332 1184 385 1210 nal.
400 1191 431 1215 13,
450 1192 492 1216 44-
1471 1189 1494 1210 ‘r
1502 1190 1519 1210 E
1529 1190 1546 1210 R
1557 1189 1578 1210 G
1590 1190 1599 1209 1
1610 1190 1630 1209 v
1638 1191 1655 1211 E
1664 1191 1683 1211 R
1693 1191 1705 1211 s
1714 1191 1737 1211 A
1745 1191 1766 1210 T
1776 1190 1785 1209 1
1795 1191 1825 1216 o,
1839 1185 1905 1210 anis.
1921 1183 1940 1210 f.
1962 1182 2062 1218 [ςροφῆζ
2075 1180 2202 1214 varianda]
2222 1181 2341 1214 Cic..pro

371 1225 393 1246 Τ
404 1226 421 1245 Ε
431 1225 449 1245 R
460 1224 481 1245 G
490 1225 507 1245 Ε
517 1224 566 1244 NV
578 1223 606 1250 8,
618 1225 641 1248 a,
655 1226 709 1244 um.
730 1218 873 1253 Tergenus
880 1218 1065 1255 omnigenum,
1073 1219 1186 1254 genitor,
1199 1219 1327 1254 genitrix,
1336 1228 1378 1254 ge·
1438 1229 1460 1246 c.
1473 1228 1507 1245 zo
1545 1219 1617 1252 Quid
1631 1228 1694 1253 ergo
1709 1226 1764 1246 erat
1778 1228 1867 1246 morae
1880 1226 1905 1246 et
1920 1218 2162 1254 tergiuersationis3
2202 1216 2276 1242 Idem
2289 1217 2342 1242 Att.
2398 1223 2399 1226 ¹

331 1261 453 1282 neratum
469 1253 566 1280 Auson.
579 1252 675 1286 Eidyll.
686 1263 706 1280 ιι
721 1254 738 1280 s.
752 1254 858 1289 Gripho
873 1265 897 1282 v.
907 1265 946 1288 49.
1396 1262 1429 1287 30
1437 1255 1491 1289 Ego
1505 1263 1570 1280 vero
1584 1255 1708 1289 Apuliam
1723 1262 1749 1281 et
1763 1255 1918 1290 Sipontum,
1938 1262 1964 1282 et
1978 1254 2226 1289 tergiuersationem
2243 1252 2317 1278 istam
2329 1255 2387 1288 prof}

369 1296 392 1317 Τ
405 1296 422 1316 E
435 1296 453 1316 R
466 1297 478 1317 s
491 1296 508 1316 v
518 1296 543 1321 S,
560 1298 583 1320 a,
597 1298 651 1316 um.
683 1290 798 1316 Nitidus.
817 1297 847 1316 vt
860 1291 962 1317 Tersae
978 1290 1081 1325 plantae
1100 1289 1180 1316 Ouid.
1196 1291 1262 1316 Met.
1277 1298 1303 1322 2,
1318 1292 1376 1324 736.
1439 1296 1511 1317 tuam
1525 1291 1657 1317 rationem
1671 1291 1779 1317 eandem
1794 1291 1841 1317 ess‘e
1855 1291 1922 1317 duco
1940 1299 2019 1325 quam
2032 1299 2125 1317 meam.
2161 1288 2230 1316 Add.
2244 1288 2302 1314 Sen.
2317 1287 2350 1313 de
2371 1295 2381 1313 ’,

331 1326 410 1357 Bene,
425 1325 502 1356 lauta,
515 1325 591 1357 tersa,
602 1331 695 1352 ornata
711 1325 791 1352 Plaut.
806 1326 887 1353 Stich.
902 1334 925 1359 5,
938 1335 959 1357 5,
971 1336 993 1358 4.
1066 1326 1161 1361 Superl.
1175 1326 1237 1352 Stat.
1256 1326 1377 1352 inPraef.
1441 1335 1462 1351 c.
1477 1331 1500 1355 Β.
1519 1332 1542 1351 et
1559 1326 1604 1360 Ep.
1618 1329 1661 1352 66.
1697 1327 1816 1353 Frontin.
1832 1327 1908 1353 Strat.
1924 1335 1945 1358 1,
1959 1335 1979 1359 1,
1994 1334 2031 1352 10.
2067 1326 2140 1352 Hirt.
2154 1324 2219 1351 Bell.
2234 1323 2316 1349 Afric.
2331 1331 2353 1349 c.

329 1362 363 1388 ad
377 1361 441 1387 Silu.
456 1370 471 1387 2
491 1360 600 1392 Melior,
612 1360 656 1386 vir
669 1361 778 1394 optime,
791 1370 838 1388 nec
852 1362 939 1388 minus
954 1362 984 1389 in
1001 1361 1105 1388 iudicio
1125 1362 1279 1394 literarum,
1299 1371 1379 1397 quam
1476 1368 1497 1387 Τ
1506 1368 1522 1387 Ε
1534 1368 1552 1387 R
1561 1368 1581 1388 G
1591 1368 1599 1386 ι
1610 1369 1629 1388 ν
1639 1368 1683 1388 ER
1693 1369 1706 1388 s
1716 1369 1737 1388 A
1747 1368 1768 1387 Τ
1778 1369 1797 1389 o
1807 1369 1837 1394 R,
1851 1363 1914 1389 oris.
1930 1371 1966 1388 m.
1987 1361 2102 1395 [vomeris]
2123 1361 2175 1396 Qi
2190 1358 2335 1386 bouinator
2345 1372 2351 1379 .
2371 1362 2390 1377 ·'

328 1397 359 1423 in
371 1396 446 1423 omni
458 1396 528 1422 vitae
543 1396 632 1421 colore
641 1396 780 1422 terfiffime.
1441 1396 1568 1424 dicebatur
1581 1406 1607 1423 υ.
1620 1407 1645 1423 υ.
1681 1397 1750 1424 Adri.
1764 1397 1865 1424 Arnob.
1880 1408 1893 1431 7
1901 1407 1925 1432 p.
1940 1405 2003 1432 247.
2370 1396 2372 1398 ’

367 1438 390 1458 Τ
400 1439 417 1458 13
427 1438 446 1458 R
456 1438 478 1458 ‘r
490 1438 511 1458 v
523 1437 550 1463 s,
561 1439 586 1463 a,
598 1439 653 1456 um.
672 1431 750 1466 Apud
761 1437 856 1458 veteres
872 1437 922 1467 pro
940 1432 1044 1468 Terfies.
1080 1433 1168 1459 Varro
1185 1432 1252 1468 apud
1270 1433 1343 1459 Non.
1358 1441 1382 1465 2,
1402 1439 1430 1463 35
1477 1438 1498 1457 T
1507 1439 1550 1459 ER
1562 1438 1582 1459 G
1595 1438 1633 1457 ιν
1643 1439 1686 1459 ER
1698 1439 1711 1458 s
1722 1439 1768 1460 ΑΝ
1781 1439 1803 1459 T
1812 1439 1828 1459 E
1837 1440 1865 1459 R.
1904 1432 1972 1459 Adu.
2012 1432 2108 1459 Patere.
2121 1439 2142 1463 1,
2156 1439 2183 1464 9,
2196 1438 2209 1462 3
2227 1430 2304 1456 Tum
2318 1429 2348 1456 Se
2383 1443 2386 1451 ι
2399 1460 2400 1464 ¹

329 1473 377 1501 847
398 1468 481 1493 Aere&
501 1472 567 1492 terta
582 1466 649 1492 nitet
663 1467 745 1501 galea.
764 1469 878 1493 Alterum
886 1469 963 1494 lacum
970 1468 1089 1494 damusin
1105 1474 1376 1496 cchvMTENsvs.
1440 1468 1569 1503 pulusque
1583 1469 1717 1494 Romanus
1724 1468 1908 1495 L.Aemilium
1917 1468 2035 1495 Paullum
2048 1467 2190 1494 Consulem
2203 1466 2313 1498 creauit,
2327 1464 2369 1499 fili,
2382 1464 2400 1473 '

366 1509 461 1529 TERs
472 1510 491 1529 v
502 1508 529 1534 s,
543 1501 579 1528 fis.
593 1511 629 1528 m.
647 1503 723 1536 Apul.
738 1503 770 1528 de
786 1502 864 1528 Asino
880 1511 889 1529 1
906 1512 931 1537 p.
945 1512 981 1534 113
1002 1504 1096 1530 Lintea
1109 1505 1296 1539 tersuiprofer.
1333 1505 1378 1531 Pe·
1440 1503 1534 1535 Paulli,
1548 1504 1594 1538 qui
1612 1503 1644 1530 ad
1658 1504 1759 1530 Cannas
1773 1512 1852 1537 quam
1867 1505 2069 1539 tergiuersanter
2076 1502 2250 1537 perniciosam
2258 1501 2360 1536 Reipub
2370 1499 2378 1510 '⁸
2400 1501 2401 1508 ¹

298 1542 304 1545 “
329 1545 384 1566 tere
398 1538 501 1574 aliquid
514 1538 594 1564 tersui
609 1537 728 1564 dentium
746 1538 784 1564 ld.
800 1538 876 1572 Apol.
891 1548 917 1572 p.
933 1545 975 1573 27,
989 1546 1015 1573 7.
1438 1548 1516 1574 gnam
1530 1541 1636 1571 inierat,
1654 1545 1706 1566 tam
1720 1539 1829 1566 fortiter
1842 1540 1869 1566 in
1887 1549 1916 1566 ea
1935 1545 2050 1566 mortem
2065 1538 2177 1565 obierat.
2418 1555 2434 1574 m

366 1581 440 1601 TER
451 1580 464 1601 s
476 1582 495 1602 o
505 1580 535 1606 R,
555 1573 619 1600 oris.
635 1583 669 1600 m.
694 1574 860 1607 καταμείκτηε
879 1574 958 1601 Gloff.
968 1575 1015 1601 Gr.
1028 1575 1085 1601 Lat.
1478 1581 1500 1601 'r
1514 1582 1529 1601 Ε
1541 1582 1560 1602 R
1571 1582 1591 1602 G
1601 1582 1621 1600 V
1632 1581 1655 1607 s,
1669 1575 1734 1602 oris.
1747 1584 1772 1601 n.
1793 1575 1904 1610 [σκότος]
1924 1575 2031 1602 Corium.
2051 1574 2118 1601 Plin.
2133 1580 2157 1606 Β,
2171 1582 2199 1599 ιο
2219 1571 2383 1601 ὓυπὶῦῖιιιιιιιι
2419 1582 2434 1611 d

365 1617 413 1637 ΤΕ
424 1616 443 1636 R
454 1617 466 1636 s
476 1616 495 1636 o
508 1615 526 1646 R
537 1616 545 1634 1
557 1615 577 1635 v
588 1616 623 1640 Μ,
637 1610 655 1636 i.
669 1619 696 1636 n.
714 1609 868 1644 [ἐκμαγεῖον]
888 1609 968 1637 Glots.
982 1610 1029 1637 Gr.
1050 1611 1105 1637 Lat.
1144 1611 1255 1644 Panum,
1269 1610 1422 1648 spongia40
1437 1615 1535 1645 tergus,
1550 1617 1655 1638 ventres
1673 1611 1777 1643 molles,
1790 1611 1901 1638 fetarum
1916 1611 2020 1637 nullum
2035 1616 2225 1644 tegumentum.
2261 1607 2335 1644 Conf.
2367 1614 2368 1617 ’

327 1645 363 1672 ad
381 1644 534 1681 tergendum.
1437 1647 1468 1673 L.
1483 1655 1510 1680 4,
1523 1655 1560 1674 22..
1634 1647 1710 1681 Virg.
1725 1647 1790 1673 Aen.
1804 1655 1872 1680 1,215
1909 1647 2034 1682 Tergora
2046 1645 2177 1680 diripiunt
2190 1644 2276 1676 costis,
2289 1650 2315 1670 et
2327 1644 2352 1670 v'
2402 1647 2403 1651 ’

365 1687 386 1706 Τ
397 1688 440 1708 ER
451 1686 472 1707 G
486 1687 502 1706 Ε
511 1687 533 1706 N
542 1687 563 1706 v
572 1687 597 1712 s,
614 1689 664 1707 vox
677 1680 860 1707 indeclinabilis
873 1679 996 1715 confifta,
1026 1688 1057 1708 vt
1086 1681 1196 1714 videtur,
1215 1682 1250 1709 ad
1265 1684 1378 1718 analogi-
1438 1682 1508 1709 dant.
1579 1683 1784 1717 Impenetrabile
1793 1688 1880 1718 tergus
1887 1683 1930 1716 ad,
1949 1683 2001 1710 oid.
2011 1687 2256 1708 IMPENETRALE.

328 1725 368 1743 am
429 1716 458 1742 Id
479 1725 576 1749 genus,
599 1723 623 1741 et
637 1725 716 1741 omne
730 1725 820 1750 genus.
856 1716 954 1742 Auson.
969 1717 1073 1752 Gripho
1093 1718 1180 1744 Tern.
1194 1718 1212 1744 s.
1228 1717 1284 1744 Eid.
1298 1727 1329 1748 ιι,
1343 1727 1376 1750 43
1435 1719 1456 1744 ti
1470 1725 1576 1751 tergore
1590 1718 1694 1751 serpens
1702 1718 1747 1744 Sil.
1761 1727 1785 1750 3,
1799 1726 1858 1752 209.
1894 1720 1945 1747 Pro
1964 1724 2047 1753 tergo.
2084 1717 2182 1743 Hellen
2199 1715 2278 1743 molli
2291 1720 2341 1745 ter
2364 1744 2366 1748 ,
2424 1741 2427 1745 ,

327 1753 450 1779 Humana
464 1750 580 1777 efficiunt
600 1750 747 1777 habitacula
768 1757 890 1785 tergenus
909 1758 977 1778 artes
996 1756 1014 1778 i.
1036 1754 1147 1788 triplicis
1163 1756 1269 1789 generis.
1306 1755 1337 1779 Et
1350 1763 1376 1779 v.
1434 1753 1493 1779 ouis
1503 1754 1580 1786 Prop.
1591 1763 1607 1783 1,
1618 1756 1658 1784 26,
1667 1762 1706 1783 25.
1761 1756 1803 1781 Sic
1818 1753 1957 1786 Colum-6,
1971 1763 2011 1789 37,
2029 1762 2057 1780 10
2078 1752 2193 1780 Facilem
2207 1752 2246 1778 sui
2259 1758 2334 1791 tergo
2350 1757 2358 1761 ’“
2379 1763 2388 1770 ν·
2413 1767 2424 1783 ·,

327 1796 360 1821 49
381 1789 523 1821 Tergenua
538 1787 720 1821 omnigenum,
733 1787 847 1821 genitor,
858 1787 989 1820 genitrix,
1002 1794 1170 1822 generatum:
1196 1789 1322 1824 Triplicis
1333 1797 1374 1824 ge·
1387 1793 1420 1818 45
1437 1790 1494 1814 sum
1507 1788 1540 1814 ab
1554 1788 1664 1815 editiori
1677 1794 1750 1823 parte
1763 1789 1866 1815 minori
1879 1789 2045 1824 quadrupedi
2060 1789 2198 1823 praebeat,
2210 1796 2271 1823 equa
2284 1790 2360 1821 asmo

325 1826 394 1850 neris
413 1822 456 1857 gli,
468 1822 502 1849 ad
513 1826 565 1849 tria
577 1826 661 1858 capita
678 1826 790 1850 reuocari
797 1820 887 1858 potest.
1433 1824 1538 1850 Petron.
1551 1829 1581 1856 89
1602 1825 1705 1858 Angues
1718 1824 1869 1859 tergoribus
1882 1825 1940 1861 suis
1955 1825 2038 1860 ligant
2054 1831 2142 1860 pueros
2151 1825 2307 1855 Laocoontis,
2317 1825 2336 1850 i.
2353 1834 2368 1843 ’κν
2378 1836 2385 1840 ¹=

364 1866 411 1886 TE
427 1865 444 1884 R
458 1864 582 1888 GORO,
602 1858 659 1884 vid.
678 1863 856 1885 TERGVS.
1435 1859 1481 1885 bus
1498 1862 1610 1894 corporis
1624 1860 1676 1895 sui.

365 1901 386 1920 T
396 1901 412 1921 E
421 1902 439 1921 R
449 1900 470 1920 G
480 1901 499 1919 v
509 1901 544 1925 M,
560 1893 578 1919 i.
596 1902 622 1920 n.
648 1894 742 1928 [νῶτον]
760 1893 876 1926 Dorsum.
913 1893 996 1920 Plaut.
1013 1892 1109 1928 Amph.
1124 1901 1145 1926 1,
1160 1902 1181 1926 1,
1197 1902 1246 1926 290
1267 1893 1308 1919 Sic
1322 1898 1373 1920 ter·
1472 1900 1518 1921 ΤΕ
1529 1901 1546 1921 R
1555 1900 1577 1920 G
1586 1893 1598 1920 ἵ
1608 1901 1628 1920 Ν
1640 1901 1660 1921 v
1669 1902 1692 1928 s,
1706 1903 1730 1925 a,
1745 1903 1799 1921 um.
1835 1895 1990 1929 Terginum
2005 1895 2119 1927 (lorum)
2131 1897 2149 1920 i.
2162 1894 2262 1921 Scutica
2275 1892 2305 1918 de
2317 1899 2390 1926 tergo*
2425 1894 2427 1896 '

326 1938 389 1965 gum
409 1929 608 1961 cicatricosum‚
631 1929 700 1955 nihil
719 1929 769 1955 hoc
788 1928 868 1956 fimili
884 1928 919 1954 est
946 1928 1064 1955 fimilius.
1120 1930 1196 1963 Virg.
1217 1929 1282 1954 Aen.
1301 1937 1326 1960 2,
1345 1936 1373 1961 57
1435 1931 1517 1956 malis.
1552 1929 1716 1964 Terginum,
1725 1929 1880 1965 ὦμοςύρσινον
1889 1930 1967 1956 Gloss:
1982 1930 2076 1965 quodsi
2086 1930 2225 1966 sequimur,
2239 1932 2323 1956 ecorio
2334 1925 2388 1960 crud

327 1980 372 1986 —-
392 1965 516 1991 iuuenem
537 1963 659 1990 manibus
673 1964 730 1998 post
750 1970 821 1997 terga
841 1963 999 1990 reuinctum.
1036 1964 1183 1998 Tergaque
1206 1963 1373 1995 Parthorum,
1389 1971 1420 1997 50
1436 1963 1481 1997 est,
1489 1968 1593 2000 proprie
1612 1966 1744 1999 tei-ginum
1762 1965 1867 1992 d1cetur.
1924 1965 2005 1991 Plaut.
2027 1966 2115 1992 Pseud.
2138 1974 2158 1997 1,
2174 1973 2197 1997 2,
2210 1973 2235 1991 21
2263 1965 2384 2000 Nunqu.

326 2008 490 2034 romanaque
504 1999 610 2032 μῦθοι-ει
625 1998 710 2024 dicam
726 1999 806 2024 Ouid.
820 1999 851 2024 A.
867 1999 898 2024 A.
917 2007 937 2029 1,
950 2007 1008 2030 209.
1024 2001 1042 2024 i.
1050 1998 1144 2034 fugam
1152 1998 1311 2030 Parthorum,
1324 1999 1372 2024 Ro·
1436 2000 1481 2034 pol
1496 2000 1609 2027 vestrum
1618 2000 1711 2026 durius
1728 2006 1831 2034 tergum
1843 2000 1905 2036 erit,
1919 2009 1996 2034 quam
2008 2001 2143 2036 terginum
2152 2009 2249 2029 meum.
2303 2001 2385 2026 Inueni

324 2044 451 2063 manorum
464 2034 601 2061 audaciam.
638 2034 695 2060 Cic.
709 2032 741 2059 de
754 2033 818 2060 Nat.
831 2034 913 2060 Deor.
923 2042 942 2066 1,
952 2043 998 2060 100
1019 2034 1098 2060 Tuus
1107 2040 1194 2060 autem
1202 2033 1326 2060 deusnon
1335 2034 1373 2060 di·
1434 2038 1486 2061 ium
1500 2038 1527 2061 in
1542 2036 1641 2071 Fragm.
1656 2036 1742 2063 Lucil.

325 2071 382 2106 gito
396 2079 450 2097 vno
464 2069 602 2100 redundat,
621 2068 661 2095 sed
673 2069 768 2103 capite,
782 2069 863 2101 collo,
876 2069 1032 2100 ceruicibus,
1046 2069 1183 2101 lateribus,
1203 2069 1273 2101 aluo,
1287 2075 1373 2104 terge,
1478 2077 1501 2097 'r
1513 2077 1530 2096 Ε
1541 2077 1558 2097 R
1570 2076 1591 2096 G
1605 2078 1612 2096 1
1624 2077 1639 2096 L
1649 2079 1665 2097 L
1674 2078 1706 2102 A,
1719 2080 1758 2098 ae.
1771 2071 1791 2098 f.
1817 2070 1921 2098 Dimin.
1940 2079 1955 2098 a
1968 2071 2084 2106 Terguu.
2119 2070 2192 2106 Apic.
2205 2080 2232 2104 4,
2245 2079 2256 2102 3
2276 2068 2381 2105 Spatula
2425 2094 2431 2101 .

324 2106 481 2141 poplitibus.
554 2106 639 2132 Boum
659 2110 746 2140 terga,
766 2113 819 2131 non
845 2105 902 2131 sunt
921 2103 953 2130 ad
971 2113 1038 2132 onus
1059 2105 1241 2140 accipiendum
1262 2105 1373 2140 figurata
1436 2115 1470 2133 na
1484 2115 1542 2133 cum
1558 2107 1601 2133 sua
1616 2107 1728 2141 tergilla.
1825 2106 1951 2142 Tergilla
1970 2107 2022 2134 siue
2041 2107 2192 2142 tergillum‚
2223 2107 2311 2142 φαρίνη,
2342 2105 2397 2141 xva]-

325 2143 381 2169 Cic.
396 2141 427 2168 de
448 2142 509 2168 Nat.
527 2142 608 2168 Deor.
624 2149 642 2172 1,
657 2148 708 2174 159.
821 2140 968 2167 Horrentia
987 2146 1060 2175 terga
1079 2142 1154 2167 suum
1172 2141 1249 2176 Virg.
1271 2143 1336 2167 Aen.
1353 2149 1372 2173 1,
1397 2144 1476 2175 5⁵³⁴oe
1498 2142 1576 2168 Gloss.
2325 2168 2329 2173 ⁸

325 2181 382 2211 639.
404 2181 423 2203 ι’.
432 2178 491 2212 sues
503 2176 634 2203 maffatos.
742 2175 858 2203 Lubrica
872 2181 952 2210 terga,
965 2177 1019 2203 vid.
1038 2183 1212 2204 LVBRICVS.
1284 2177 1372 2204 Ostre-
1473 2183 1494 2203 Τ
1504 2184 1521 2204 Ε
1530 2184 1548 2204 R
1557 2183 1578 2204 G
1589 2174 1609 2204 ὅ
1618 2183 1637 2203 R
1647 2183 1678 2209 o,
1698 2181 1752 2205 are.
1778 2179 1877 2214 Tergus
1890 2188 1977 2205 nouum
1989 2178 2113 2205 inducere.
2147 2178 2212 2204 Plin.
2228 2181 2252 2209 8,
2264 2184 2294 2210 52
2313 2176 2390 2203 Tune

325 2220 399 2241 atum
414 2219 528 2247 tergum,
541 2212 594 2239 oid.
608 2218 743 2238 OSTREA.
857 2212 1009 2238 Recuruum
1027 2217 1131 2247 tergum
1145 2212 1277 2247 delphinis
1289 2212 1371 2239 Ouid.
1435 2214 1461 2240 se
1476 2213 1612 2243 dimicant,
1625 2213 1776 2240 indurantes
1791 2215 1883 2240 attritu
1896 2214 2023 2241 arborum
2038 2214 2129 2247 costas,
2143 2214 2254 2246 lutoque
2272 2213 2298 2239 se
2310 2218 2391 2247 tei-gor
2409 2225 2411 2232 ν

326 2249 389 2276 Fast.
403 2259 426 2281 2,
442 2258 485 2280 ¹¹3-
581 2247 665 2275 Scssile
677 2253 780 2282 tergum
795 2246 869 2274 Idem
882 2248 946 2274 Met.
964 2257 1022 2282 401.
1118 2249 1255 2275 Summum
1268 2256 1372 2283 tergum
1434 2253 1454 2276 i.
1468 2249 1536 2285 quali
1554 2250 1651 2285 Tergus
1666 2259 1752 2275 nouum
1769 2258 1780 2275 e
1795 2252 1848 2276 luto
1860 2249 1906 2282 libi
1925 2250 2077 2282 inducentes,
2093 2250 2121 2276 de
2131 2252 2209 2285 aprit.

325 2285 397 2312 Idem
411 2286 474 2311 Met.
488 2293 510 2316 2,
519 2292 573 2311 201.
631 2283 765 2311 Verborum
772 2282 917 2319 formulae:
1012 2283 1130 2311 Caedere
1149 2290 1223 2319 terga
1236 2284 1324 2311 Catul.
1340 2283 1373 2310 de
1471 2292 1492 2312 'r
1503 2291 1519 2310 Ε
1531 2292 1567 2311 R1
1579 2291 1599 2310 v
1612 2291 1632 2310 G
1643 2291 1663 2310 v
1675 2291 1702 2317 S,
1716 2293 1738 2317 a,
1752 2294 1806 2312 um.
1844 2285 1935 2312 Perfer
1947 2287 1976 2312 in
2001 2286 2111 2312 excursu
2130 2286 2173 2312 vel
2193 2284 2296 2319 tei-iuga
2313 2282 2401 2310 minii.
2413 2298 2415 2303 =

325 2321 453 2348 Berecint.
468 2323 509 2352 63,
522 2325 555 2350 81.
669 2320 820 2346 Circumire
835 2326 906 2354 terga
921 2319 991 2346 Tac.
1004 2328 1043 2352 37,
1058 2329 1076 2346 ι.
1171 2319 1371 2347 Considereter-
1383 2318 1420 2344 60
1435 2320 1489 2348 don
1501 2321 1600 2347 Auson.
1614 2320 1691 2355 Epist.
1706 2327 1729 2353 8,
1744 2329 1775 2347 11.
1795 2324 1813 2347 i.
1825 2322 1907 2348 trina.
1942 2321 2017 2357 Conf.
2036 2328 2197 2348 TR11VG1s.
2347 2335 2350 2338 >

324 2366 359 2392 go
372 2357 442 2383 tauri
456 2355 538 2382 Ouid.
554 2356 619 2382 Met.
635 2364 657 2387 2,
672 2357 730 2387 869.
855 2355 1030 2382 Consternere
1049 2360 1146 2382 terram
1167 2362 1253 2390 tergo,
1265 2359 1284 2382 i.
1298 2356 1371 2391 Supi-
1470 2363 1491 2382 Τ
1504 2363 1520 2382 E
1534 2363 1553 2382 R
1566 2363 1590 2383 M
1602 2363 1660 2389 EN,
1674 2357 1734 2382 ¹iuis.
1753 2366 1778 2383 n.
1799 2359 1914 2393 Antiqua
1927 2366 1976 2383 uox
1985 2364 2034 2393 pro
2051 2357 2197 2384 Termino.
2234 2353 2382 2382 VarrodeL·
2428 2377 2431 2383 .

326 2402 383 2418 num
395 2396 475 2418 iacere
493 2395 520 2416 in
537 2397 608 2418 terra
643 2390 718 2425 Virg.
735 2391 801 2417 Aen.
816 2398 854 2423 12,
866 2399 921 2425 543.
1038 2392 1203 2418 Conuertere
1223 2397 1304 2426 terga,
1318 2392 1372 2418 uid.
1433 2403 1447 2425 4
1465 2392 1614 2419 Terminus
1629 2393 1657 2418 in
1671 2392 1750 2419 Latio
1763 2392 1865 2427 aliquot
1879 2393 1945 2419 locis
1958 2392 2067 2426 dicitur,
2080 2399 2106 2420 at
2113 2392 2182 2427 apud
2190 2387 2434 2421 Aceiumanmw

325 2433 520 2455 CONVERTO.
627 2427 800 2455 Conuoluens
819 2426 939 2460 squamea
958 2432 1028 2460 terga
1042 2427 1136 2462 anguis
1146 2429 1222 2462 Virg.
1238 2428 1335 2462 Georg.
1350 2436 1372 2459 3,
1432 2437 1480 2455 nus
1488 2428 1529 2454 sed
1539 2428 1672 2455 Termen.
2300 2455 2301 2458 ,
2317 2434 2320 2439 ’
2334 2428 2347 2441 “l
2402 2438 2405 2455 ι

325 2465 386 2496 426.
493 2462 641 2488 Conuoluit
655 2461 764 2488 coluber
777 2461 880 2488 lubrica
899 2467 973 2494 terga
993 2461 1066 2488 Idem
1078 2464 1143 2488 Aen.
1158 2472 1184 2494 2,
1198 2471 1263 2496 474.
1321 2464 1371 2489 Da·
1471 2469 1491 2488 T
1501 2470 1517 2490 E
1527 2470 1545 2489 R
1556 2471 1579 2489 M
1590 2470 1605 2490 E
1616 2471 1639 2490 Ν
1650 2470 1671 2490 Τ
1680 2470 1701 2489 A
1711 2470 1729 2490 R
1740 2470 1778 2490 ιν
1788 2470 1815 2490 Μ
1826 2484 1834 2496 ,
1854 2464 1873 2490 i.
1895 2473 1921 2490 n.
1939 2464 2081 2497 Linteum,
2097 2463 2168 2499 quod
2181 2463 2278 2490 teritur
2285 2460 2414 2494 mbffiffl

324 2498 369 2526 bat
382 2498 453 2525 vieta
464 2503 536 2531 terga
550 2497 632 2523 Ouid.
647 2497 710 2523 Met.
730 2506 752 2528 7,
768 2505 803 2528 73.
897 2496 968 2521 Dare
981 2501 1069 2528 terga,
1091 2499 1183 2531 Fugere
1202 2497 1332 2529 Quinctil.
1347 2507 1371 2527 2,
1383 2495 1416 2525 65
1436 2500 1558 2525 Varrone
1572 2499 1604 2524 de
1618 2499 1647 2525 L.
1663 2500 1691 2525 L.
1705 2509 1733 2532 4,
1748 2510 1766 2532 4
1780 2509 1803 2533 p.
1818 2508 1844 2532 9,
1856 2509 1896 2532 24.
2320 2506 2325 2511 “
2402 2511 2405 2528 ι
2421 2507 2425 2510 ’

325 2542 358 2566 13.
395 2535 542 2566 Dareterga
550 2532 623 2558 versa
632 2532 693 2565 fuga
703 2531 941 2565 Virg.Georg.4,85.
979 2530 1048 2556 Dare
1055 2536 1126 2564 terga
1135 2531 1212 2564 fugae
1221 2531 1372 2557 Ouid.Met.
1469 2539 1490 2557 Τ
1499 2540 1514 2558 Ε
1524 2540 1542 2558 R
1553 2540 1577 2558 M
1591 2540 1605 2558 Ε
1615 2541 1637 2558 N
1647 2540 1667 2558 T
1680 2540 1700 2559 v
1713 2541 1746 2563 M,
1761 2534 1779 2559 i.
1793 2544 1818 2560 n.
1856 2537 2050 2562 Detrimentum.
2105 2535 2187 2562 Plaut.
2201 2530 2286 2561 Bacch·
2297 2533 2375 2565 &9²5
2386 2524 2392 2550 l

326 2577 350 2601 5,
358 2577 406 2601 322.
477 2569 546 2594 Dare
559 2573 631 2600 terga
645 2566 672 2592 in
687 2566 776 2600 fugam
791 2565 864 2592 Idem
873 2565 904 2590 ad
919 2565 977 2591 Liu.
994 2570 1027 2594 18.
1129 2566 1287 2600 impugnare
1301 2571 1372 2598 terga
1432 2566 1534 2591 Pelides
1555 2573 1685 2592 termento
1705 2569 1765 2593 fuit.
1802 2570 1844 2594 Sic
1856 2571 1917 2604 legit
1937 2571 2035 2596 Festus.
2083 2570 2214 2604 Salmasius
2233 2574 2309 2596 autem
2328 2562 2408 2598 Jquit
2433 2591 2434 2594 ,

325 2604 451 2634 hostium,
464 2602 517 2629 vid.
535 2608 702 2628 lMPVGNo.
776 2601 917 2627 Inhaerere
935 2600 1015 2635 tergis
1036 2600 1198 2635 fugientium
1218 2602 1292 2627 Curt.
1311 2610 1333 2633 3,
1347 2606 1370 2632 8,
1430 2602 1489 2626 olim
1502 2598 1685 2636 leHumfussi·‚
1699 2602 1863 2628 Tormento.
1969 2606 2002 2629 Et
2010 2604 2050 2636 stc
2067 2607 2095 2629 in
2115 2606 2190 2631 MSS.
2211 2603 2254 2636 eJJL‘
2278 2597 2376 2634 testatur
2390 2617 2392 2622 ·

327 2641 363 2666 16.
472 2637 573 2664 insilire
592 2643 666 2672 tergo
681 2637 791 2663 alicuius
810 2637 892 2663 Ouid.
907 2637 972 2663 Met.
987 2645 1023 2666 ιι,
1039 2645 1090 2669 345·
1214 2637 1369 2663 Laceratum
1434 2637 1493 2662 Lex.
1508 2645 1531 2670 p.
1541 2644 1598 2667 ¹23²·

325 2675 410 2709 virgis
425 2679 539 2708 tergum,
559 2673 612 2699 vid.
636 2678 752 2699 LACER.
858 2671 968 2699 Nudare
988 2678 1060 2707 terga
1080 2672 1158 2706 fugae
1174 2673 1250 2706 Virg.
1266 2673 1330 2698 Aen.
1348 2681 1370 2701 5,
1378 2677 1416 2704 70
1466 2677 1512 2698 TE
1523 2677 1539 2697 R
1550 2678 1574 2697 M
1584 2678 1632 2703 Es,
1643 2669 1699 2698 itia.
1720 2679 1755 2697 m.
1773 2671 1871 2697 Ramus
1887 2679 1919 2696 ex
1932 2670 2027 2697 arbore
2040 2670 2176 2704 decerptus
2189 2679 2248 2695 cum
2262 2667 2362 2698 fructu,
2374 2675 2393 2693 ιιι

325 2714 380 2744 586.
483 2708 571 2735 Plecti
584 2714 660 2743 tergo
677 2709 745 2734 Hor.
760 2707 841 2733 Serm.
861 2716 883 2740 2,
896 2714 923 2742 7,
938 2715 989 2740 105.
1097 2708 1226 2735 Praebere
1247 2714 1319 2741 terga
1333 2707 1371 2733 ef—
1431 2706 1474 2733 liis
1488 2707 1611 2740 repletus,
1624 2715 1671 2733 nec
1685 2706 1764 2733 nimis
1779 2707 1886 2741 glaber,
1900 2709 1982 2742 inquit
1995 2705 2091 2734 Festus.
2128 2707 2179 2740 Qss‘
2191 2707 2305 2740 quoniam
2317 2706 2343 2729 in
2358 2702 2393 2728 diu
2430 2728 2433 2735 y

324 2744 496 2780 fugioTacit.
511 2745 575 2770 Ann.
592 2752 626 2774 14·
752 2742 880 2769 Praebere
900 2748 972 2776 terga
987 2742 1066 2776 fugae
1079 2743 1161 2769 Ouid.
1176 2744 1240 2769 Met.
1256 2751 1294 2775 10,
1309 2745 1371 2777 706.
1430 2750 1563 2778 agrorum,
1580 2749 1709 2777 antequam
1722 2749 1797 2768 metae
1806 2748 1973 2782 ponerentur,
1983 2742 2036 2778 figi
2048 2741 2152 2778 solebat,
2173 2740 2289 2767 termino
2302 2744 2384 2764 nomen

324 2781 456 2808 Praestare
469 2785 541 2814 terga
556 2778 625 2806 Tac.
640 2778 727 2813 Agric.
743 2787 778 2810 37,
794 2786 815 2809 3.
883 2778 1011 2811 Recipere
1029 2778 1061 2803 ad
1075 2783 1153 2813 terga,
1167 2778 1220 2804 vid.
1230 2785 1283 2804 AD.
1321 2779 1371 2804 Re·
1432 2778 1462 2803 Et
1476 2778 1583 2812 proprie
1590 2778 1635 2811 (ut
1643 2777 1679 2803 ait
1688 2777 1847 2811 Porphyrio)
1855 2777 1889 2804 est
1896 2777 1997 2804 oliuae:
2017 2777 2079 2804 sicut
2092 2777 2198 2811 palma,
2210 2775 2282 2802 vitis.
2319 2773 2394 2802 ΗΘΜ

324 2816 401 2843 ἱεόὶίς
411 2815 443 2842 ad
457 2822 561 2850 tergum
577 2813 699 2841 manibus
713 2813 878 2840 inambulare
889 2813 958 2839 Asin.
973 2813 1005 2839 ad
1019 2813 1074 2839 Cic.
1089 2814 1159 2840 Fam.
1176 2822 1214 2846 10,
1229 2822 1267 2845 32.
1323 2814 1371 2839 Re·
1436 2815 1474 2844 16,
1490 2821 1522 2845 45
1541 2812 1679 2839 Germinat
1703 2818 1727 2839 et
1748 2821 1882 2847 nunquam
1897 2812 2014 2838 fallentis
2032 2818 2127 2839 termes
2145 2812 2242 2838 oliuae.
2336 2811 2392 2837 Ter

325 2859 426 2887 ponunt
444 2860 520 2887 grues
534 2851 562 2877 in
576 2856 651 2884 tergo
658 2849 869 2885 praenolantium
883 2849 951 2875 colla
967 2855 992 2875 et
1006 2849 1089 2883 capita
1104 2849 1160 2876 Cic.
1174 2849 1206 2875 de
1219 2849 1281 2875 Nat.
1291 2849 1414 2879 Deor.75
1435 2849 1543 2883 proprie
1561 2848 1686 2874 dicuntur
1698 2848 1783 2873 caules
1796 2847 1875 2880 thyrfi
1891 2848 1909 2873 s.
1932 2849 1999 2874 rami
2014 2847 2134 2874 olearum
2146 2846 2280 2873 Scholiast.
2290 2846 2324 2873 ad
2340 2847 2394 2874 Hor
2407 2875 2410 2885 Ι

325 2897 352 2921 2,
369 2895 415 2920 125.
533 2887 624 2913 Secare
638 2891 709 2919 terga
722 2884 834 2912 verbere
847 2884 942 2911 Tibul.
960 2893 980 2917 1,
993 2893 1020 2918 9,
1034 2894 1070 2911 22.
1164 2886 1275 2911 Vertere
1292 2890 1374 2920 terga,
1436 2884 1503 2910 Gell.
1519 2892 1543 2915 z,
1556 2886 1587 2909 26
1604 2883 1712 2917 spadica
1734 2884 1806 2909 enim
1827 2883 1919 2910 Dorici
1934 2889 2028 2910 vocant
2041 2883 2160 2909 auulsum
2180 2891 2194 2908 e
2215 2883 2322 2917 palmite
2341 2887 2394 2909 teni
2408 2892 2409 2903 ι

326 2924 420 2960 Fugere
437 2922 498 2948 Liu.
515 2930 541 2954 2,
563 2930 604 2954 30.
631 2922 705 2948 Caes.
721 2920 785 2947 Bell.
804 2920 870 2947 Gall.
891 2929 912 2950 1,
926 2929 960 2951 53.
1076 2920 1189 2947 Vinctus
1200 2921 1255 2955 post
1271 2927 1374 2955 tergum
1435 2929 1494 2946 cum
1510 2918 1609 2945 fructu.
1680 2919 1784 2945 Inculto
1807 2919 1926 2946 Siluanus
1945 2920 2052 2946 termite
2072 2919 2185 2954 gaudens
2199 2919 2272 2945 Grat.
2287 2917 2394 2954 Cyneg.=

325 2960 402 2985 nodis
415 2958 504 2984 ahenis
520 2957 595 2992 Virg.
609 2957 675 2983 Aen.
691 2966 710 2989 1,
724 2964 783 2989 299.
892 2957 914 2982 A
930 2962 1005 2990 tergo
1026 2956 1100 2991 sequi
1118 2957 1190 2982 Idem
1206 2958 1270 2983 Aen.
1288 2965 1307 2988 1,
1324 2962 1372 2989 185.
1436 2956 1552 2982 Termes
1559 2961 1584 2981 at
1591 2954 1652 2980 Eois
1661 2954 1799 2982 descendet
1810 2955 1887 2990 virga
1901 2954 2005 2982 Sabaeis
2013 2956 2099 2982 Mater
2111 2954 2216 2981 odorati
2231 2954 2342 2981 multum
2355 2953 2394 2989 pul
2402 2961 2408 2972 ³

327 2995 453 3030 Aliquem
466 3002 481 3019 a
496 2998 570 3027 tergo
585 2992 687 3019 adoriri
700 2992 756 3018 Cic.
772 2999 821 3025 pro
836 2991 972 3023 Miletum
984 3001 1005 3018 c.
1015 3000 1052 3018 10.
1126 2993 1229 3028 Atergo
1236 2999 1260 3018 et
1271 2992 1372 3018 Afmn-
1435 2991 1503 3018 rima
1519 2990 1586 3017 turis
1598 2989 1636 3016 Id.
1651 2989 1689 3017 ib.
1703 3001 1728 3017 v.
1744 2999 1793 3022 ¹32·-
1828 2991 2004 3027 Conf.Auson.
2016 2992 2106 3026 Popma
2114 2990 2141 3016 de
2156 2990 2200 3025 ufic
2213 2992 2303 3025 Antiq.
2316 2991 2392 3017 Locut.

326 3037 363 3062 te,
386 3037 436 3064 pro
451 3029 592 3055 Anteriore
605 3034 630 3054 et
643 3027 791 3061 posteriore
807 3033 889 3061 parte,
908 3026 961 3053 uid.
976 3035 998 3054 A
1018 3029 1060 3053 vel
1071 3034 1119 3054 AB.
1234 3028 1341 3055 Teucri
1357 3036 1371 3054 a
1384 3025 1417 3052 80
1434 3025 1455 3063 q
1477 3035 1489 3052 2
1723 3026 1849 3059 Termes,
1869 3028 2003 3053 Vermiculi
2021 3036 2108 3063 genus,
2130 3027 2183 3052 vid.
2206 3031 2350 3058 TARMES.
2392 3037 2394 3039 ·

326 3071 403 3099 tergo
415 3070 440 3090 et
458 3073 473 3091 a
486 3064 584 3096 fronte,
603 3072 618 3090 a
631 3063 758 3091 lateribus
778 3063 833 3089 Cic.
850 3062 963 3096 Philipp.
977 3072 997 3094 3,
1010 3071 1040 3095 32
1055 3072 1075 3089 c.
1090 3071 1125 3090 ιε.
1260 3066 1282 3089 Α
1297 3071 1373 3098 tergo
1472 3069 1493 3089 'r
1502 3068 1518 3088 ιε
1530 3068 1546 3088 R
1557 3068 1581 3087 M
1592 3068 1600 3086 1
1611 3067 1632 3086 T
1642 3067 1658 3087 E
1670 3068 1689 3087 v
1701 3068 1727 3093 s,
1742 3071 1772 3094 a,
1787 3072 1840 3089 um.
1862 3062 1922 3089 Adi.
1943 3063 2040 3090 Ramus
2050 3062 2187 3090 terniiteus
2197 3061 2394 3096 Grat.Cyneg.v.

327 3107 353 3127 et
366 3110 380 3127 a
395 3100 483 3127 fronte
492 3099 597 3130 videre,
631 3107 680 3134 pro
704 3098 869 3132 Diligenter,
906 3098 958 3124 vid.
975 3106 996 3125 A
1015 3100 1056 3124 vel
1069 3105 1120 3125 ΑΒ.
1252 3100 1273 3125 Α
1295 3106 1372 3133 tergo
1436 3102 1454 3124 i.
1470 3099 1616 3133 oleagineus.
2368 3112 2371 3115 -

328 3137 395 3171 lupi,
409 3142 434 3162 et
448 3145 463 3162 a
479 3135 569 3162 fronte
582 3134 783 3170 praecipitium3
804 3133 997 3168 Prouerbium,
1014 3134 1068 3161 uid.
1092 3141 1114 3160 A
1130 3135 1172 3160 vel
1187 3141 1227 3161 AB
1241 3135 1371 3170 Praepoli-
1471 3141 1492 3160 T
1503 3140 1519 3159 Ε
1529 3140 1545 3159 R
1557 3131 1628 3159 ΜῙΝ
1639 3138 1692 3164 VS,
1706 3133 1724 3160 i.
1745 3143 1781 3160 m.
1805 3133 1877 3168 Uim,
1893 3132 2011 3169 ὅροθεσιά,
2028 3135 2121 3169 τέρμα]
2138 3133 2255 3168 Signum,
2270 3132 2333 3168 quod
2344 3140 2359 3158 a
2383 3141 2406 3160 ἰι

328 3174 424 3199 tiones.
494 3170 550 3198 Post
564 3177 636 3205 terga
650 3170 741 3197 lustin.
758 3179 777 3200 1,
790 3172 816 3202 6,
829 3178 860 3198 ιι.
1075 3167 1096 3207 fl
1117 3179 1132 3196 2
1170 3171 1286 3206 Metapb.
1300 3172 1372 3198 'l'er-
1435 3178 1497 3205 agro
1513 3169 1612 3195 diuniit.
1648 3171 1675 3194 A
1687 3173 1784 3195 termite
1797 3170 1896 3205 quidam
1917 3170 2024 3202 ducunt,
2046 3177 2075 3196 vt
2094 3169 2162 3196 modo
2184 3169 2331 3205 obseruatum
2348 3172 2366 3201 e]
2379 3176 2405 3208 :J

327 3217 390 3242 gum
400 3214 464 3242 part
472 3206 596 3242 posterior
609 3208 650 3233 ve!
659 3206 745 3242 auersa
758 3206 875 3232 quenal.
889 3213 910 3238 1,
924 3206 939 3231 6
974 3205 1077 3231 Summi
1098 3205 1173 3239 plena
1188 3206 1240 3231 iam
1253 3207 1372 3241 mal-gine
1388 3208 1418 3239 85
1431 3209 1515 3240 placet
1523 3202 1637 3230 dietuma
1650 3205 1763 3230 terendo:
1784 3206 1898 3240 quodhae
1905 3212 1994 3240 partes
2001 3208 2106 3231 maxime
2118 3212 2243 3232 terantur.
2279 3205 2320 3237 ΕΙ,
2331 3212 2358 3230 ne
2369 3213 2393 3225 Μ

328 3243 392 3270 libri
405 3243 520 3276 Scriptus
527 3248 552 3268 et
566 3242 593 3268 in
602 3247 687 3276 tergo,
699 3250 746 3267 nee
767 3241 829 3268 dum
848 3240 937 3267 finitus
951 3241 1065 3275 Oresta,
1079 3240 1131 3266 vid.
1148 3246 1373 3269 OPISTHOGRA-
1433 3240 1466 3274 lit
1480 3249 1607 3277 nugarum,
1620 3241 1685 3265 altus
1705 3243 1772 3267 inter
1792 3241 1991 3275 Agrimensores
2010 3242 2106 3277 Rigalt.
2121 3250 2144 3275 p.
2158 3242 2204 3273 296
2224 3239 2302 3273 Quod
2311 3246 2385 3266 terrae

330 3285 423 3306 PHOS.
460 3279 502 3305 sic
514 3277 608 3311 Terga
624 3277 686 3303 colli
704 3277 763 3303 Liu.
780 3285 814 3307 25,
829 3285 854 3303 ις
868 3283 932 3312 pars
951 3277 1046 3312 auersa.
1102 3276 1150 3304 Sed
1166 3278 1374 3312 etiamplanicics
1436 3277 1505 3302 suras
1521 3276 1661 3309 distinguat
1674 3281 1700 3301 et
1712 3275 1835 3302 declaret.
1872 3277 1928 3303 Cic.
1944 3276 2023 3303 Acad.
2035 3288 2056 3309 4,
2074 3285 2114 3308 132
2127 3286 2148 3302 c.
2163 3284 2195 3309 43
2214 3276 2255 3302 Est
2268 3276 2337 3302 euim

328 3316 389 3346 alia,
397 3313 451 3347 Jiue
464 3312 587 3348 extensum
599 3319 642 3339 aut
662 3315 817 3338 continuatio
833 3312 956 3345 Tergum
971 3319 1083 3338 vocatur.
1138 3312 1179 3338 Sic
1198 3313 1290 3347 Terga
1308 3322 1372 3348 agro
1435 3321 1489 3338 non
1502 3312 1534 3338 de
1546 3311 1674 3341 terminis,
1694 3311 1737 3337 sed
1751 3312 1783 3338 de
1804 3318 1858 3338 tota
1875 3312 2023 3345 poffeffione
2043 3312 2189 3339 contentio,
2297 3312 2406 3348 Pang

328 3350 418 3376 tribuit
432 3348 538 3375 Colum.
553 3357 590 3380 10,
605 3354 622 3382 7
634 3354 658 3373 et
671 3355 709 3382 71.
767 3347 839 3373 Dura
853 3352 940 3373 ineant
957 3348 1038 3373 celeri
1053 3353 1125 3381 terga
1140 3357 1186 3381 per
1199 3348 1290 3375 Amnis
1303 3357 1373 3383 equo
1435 3349 1532 3380 minos,
1551 3346 1604 3373 oid.
1620 3352 1740 3374 PANGO.
1862 3347 2029 3374 Constituere
2047 3347 2094 3374 fibi
2114 3354 2199 3374 certos
2218 3346 2324 3373 fines-et
2343 3353 2365 3373 t
2383 3367 2391 3382 Ἴ,
2406 3346 2410 3351 ’

329 3385 449 3412 ()uid.cx
459 3386 534 3411 Pont.
551 3392 569 3414 ι,
584 3392 607 3415 2,
619 3388 657 3413 82·
692 3383 774 3416 Super
789 3383 899 3408 Amnlca
912 3387 984 3416 terga
993 3383 1127 3409 volantem
1142 3384 1239 3410 Auson.
1263 3385 1373 3412 Mosella
1385 3391 1422 3416 90
1434 3384 1491 3410 Cic.
1507 3391 1554 3417 pro
1579 3381 1673 3414 Qiint.
1697 3391 1725 3414 35
1755 3392 1777 3409 c.
1792 3391 1828 3408 10.
1986 3383 2076 3410 Nullis
2107 3383 2227 3411 terminis
2259 3383 2364 3410 circum
2380 3396 2387 3409 ι
2413 3412 2416 3418 ,

331 3430 355 3446 v.
371 3430 423 3450 205.
515 3419 647 3445 Achelous
666 3417 746 3445 irruit
765 3417 892 3444 Hadriaci
905 3422 1008 3451 tergum
1022 3418 1104 3444 Maris
1118 3418 1212 3446 Anien.
1228 3420 1328 3454 Perieg.
1344 3431 1370 3447 v.
1434 3426 1479 3446 aut
1493 3417 1604 3445 definire
1625 3417 1664 3444 ius
1678 3418 1753 3443 suum
1776 3418 1831 3445 Cic.
1843 3417 1875 3445 de
1889 3419 1964 3446 Orat.
1982 3428 2001 3451 1,
2015 3427 2058 3453 70.
2183 3419 2237 3444 Sibi
2251 3427 2335 3453 neque

328 3463 388 3487 594.
423 3454 490 3481 Add,
508 3456 540 3483 ib.
555 3465 580 3482 v.
594 3457 643 3484 561.
656 3460 679 3479 et
692 3459 748 3486 988.
822 3453 879 3479 Nec
888 3453 1003 3479 sentibus
1016 3462 1079 3480 vuas
1094 3453 1240 3481 Proueniffe
1256 3465 1371 3490 vnquam
1435 3463 1520 3490 neque
1533 3453 1677 3480 terminum
1689 3454 1855 3481 Constituere
1885 3455 1958 3481 Hirt.
1977 3455 2041 3481 Bell.
2057 3454 2139 3481 Afric.
2152 3464 2173 3480 c.
2189 3464 2224 3485 54-
2331 3453 2392 3486 ij*

330 3490 408 3515 Ruris
422 3491 477 3523 post
495 3498 566 3524 terga
585 3489 693 3517 notastis
707 3490 814 3515 iuuene.
828 3488 896 3515 Hist.
913 3488 1011 3523 Euang.
1029 3498 1047 3523 1,
1059 3496 1121 3522 702.
1208 3491 1305 3518 Glauca
1320 3499 1370 3518 ter·
1433 3490 1501 3525 apud
1512 3493 1567 3516 anti
1584 3497 1636 3521 uos,
1654 3489 1766 3515 adhibito
1772 3489 1912 3524 sacrificio,
1927 3490 2125 3526 disponebantur.
2138 3499 2187 3525 qua
2199 3490 2228 3516 de
2240 3499 2267 3516 νε
2278 3488 2342 3525 apud
2370 3486 2391 3515 {3ss*

329 3534 361 3558 ga
376 3534 457 3559 aquae
471 3526 563 3552 Claud.
585 3526 617 3552 de
632 3525 720 3559 Aponi
741 3524 842 3552 balneis
856 3531 881 3556 ς,
897 3526 935 3555 36.
1044 3524 1172 3551 Glacialia
1187 3530 1259 3560 terga
1276 3528 1370 3554 flunjo-
1435 3527 1555 3553 Flaccum
1568 3498 1629 3551 gaer
1647 3524 1758 3559 legimus
1772 3535 1796 3560 ρ,
1808 3536 1820 3555 5
1841 3527 1908 3561 Caes
1932 3525 2020 3553 carbo
2031 3546 2039 3558 ‚
2059 3532 2103 3553 ant
2123 3526 2189 3553 cinis
2211 3534 2292 3558 quare
2306 3525 2395 3555 inus

330 3569 388 3587 rum
402 3560 492 3587 Claud.
507 3561 538 3587 de
552 3561 618 3588 Bell.
636 3562 696 3587 Get.
710 3565 760 3592 338.
856 3560 939 3585 Aerea
960 3564 1031 3593 terga
1044 3558 1144 3586 loricae
1163 3561 1224 3587 Stat.
1240 3562 1332 3589 Theb.
1346 3572 1372 3596 9,
1385 3568 1417 3594 95
1438 3571 1487 3589 vna
1500 3567 1568 3588 certa
1584 3560 1662 3590 ratic,
1674 3569 1739 3594 quae
1753 3561 1820 3595 apud
1835 3563 1957 3596 antiquos
1972 3562 2079 3595 quidem
2094 3561 2233 3588 obseruata
2246 3561 2296 3595 est,
2310 3558 2381 3595 post&

331 3603 383 3628 552.
577 3595 598 3633 q
620 3604 632 3628 3
669 3596 812 3632 Obseruatt.
834 3595 913 3622 Etiam
925 3594 1058 3629 Tergum,
1069 3602 1118 3630 pro
1137 3597 1245 3631 Tergore
1258 3600 1294 3623 ali
1313 3609 1371 3624 uan-
1434 3597 1562 3632 neglecta,
1576 3595 1608 3622 sic
1621 3601 1665 3622 aut
1679 3595 1789 3629 diuersa,
1807 3603 1852 3623 aut
1865 3598 1934 3624 nulla
1947 3597 2014 3632 ligna
2027 3597 2209 3624 inueniuntur.
2247 3598 2314 3623 Cum
2332 3592 2387 3623 enilll

330 3632 361 3657 do
392 3633 523 3665 accipitur.
616 3632 691 3666 Virg.
714 3633 778 3658 Aen.
795 3639 814 3663 1,
827 3638 872 3662 372.
909 3630 1075 3665 Mercatique
1109 3631 1193 3657 solum
1205 3633 1270 3659 facii
1303 3643 1371 3660 eno-
1433 3633 1521 3660 minos
1536 3633 1711 3666 disponerent,
1726 3633 1792 3666 ipsos
1809 3634 1916 3668 quidem
1932 3633 2030 3668 lapides
2045 3633 2073 3659 in
2086 3632 2195 3659 solidam
2209 3638 2306 3659 terram
2318 3628 2388 3659 redo·

331 3667 403 3693 mine
417 3666 529 3699 byrsam,
621 3667 748 3694 Taurino
767 3672 894 3700 quantum
912 3666 1009 3700 poffent
1027 3666 1190 3694 circumdare
1210 3674 1293 3703 tergo.
1330 3671 1370 3697 Sic
1432 3668 1560 3698 locabant,
1577 3667 1697 3701 proxi-me
1711 3677 1739 3694 ea
1749 3669 1918 3704 loca,quibus
1931 3668 2082 3695 fotlisfaclis
2102 3667 2215 3694 defixuri
2230 3676 2274 3694 eos
2288 3666 2390 3699 «πεπαρὰ

330 3704 395 3728 Aen.
411 3709 434 3734 5,
449 3710 487 3734 351
509 3702 626 3727 immane
646 3708 747 3737 tergum
769 3702 861 3728 leonis.
898 3703 929 3728 Et
943 3710 965 3735 5,
979 3710 1035 3735 404
1054 3703 1171 3736 Ingentia
1186 3704 1283 3738 septem
1298 3705 1369 3732 Ter·
1432 3712 1530 3739 guento
1549 3702 1778 3738 velaminibusque
1797 3712 1823 3731 et
1843 3704 1948 3732 coronis
1969 3714 2013 3731 eos
2032 3703 2200 3730 coronabant.
2258 3704 2287 3729 In
2300 3699 2381 3729 foffis'ra

329 3747 360 3771 ga
373 3738 464 3764 boum.
484 3739 577 3763 i.coria
590 3737 618 3762 dc
631 3744 708 3773 tergo.
747 3739 813 3764 Hinc
825 3737 959 3772 Tergum‚
974 3745 1022 3773 pro
1034 3738 1121 3765 Scuto:
1139 3739 1203 3774 quod
1213 3740 1289 3775 s'cnta
1302 3744 1422 3766 anti-¹00
1432 3740 1527 3774 quibus
1543 3738 1652 3773 posituri
1666 3747 1710 3765 eos
1729 3747 1813 3772 erant,
1831 3740 1961 3766 sacrificio
1976 3740 2060 3771 facio,
2080 3738 2218 3774 hostiaque
2238 3735 2385 3765 immaculata
2396 3744 2402 3750 ’-

329 3776 414 3807 quitus
424 3773 530 3807 pellibus
543 3776 594 3808 tegi
601 3772 720 3806 solerent,
735 3773 799 3799 vnde
812 3782 895 3799 nomen
910 3773 1008 3800 habent.
1042 3773 1116 3808 Virg.
1132 3776 1194 3800 Aen.
1205 3784 1242 3808 ιο,
1257 3784 1299 3810 7ις
1336 3777 1367 3804 Et
1430 3777 1466 3807 sa,
1487 3774 1588 3801 facibus
1609 3775 1758 3802 ardentibus
1779 3775 1883 3803 iniectis
1905 3777 1968 3802 fossa
1989 3775 2034 3811 (f.
2055 3774 2145 3806 fossae)
2166 3775 2300 3809 cooperati
2319 3768 2399 3807 (i·st¹E

331 3815 406 3841 tergo
419 3809 518 3835 decutit
532 3807 623 3834 hastae.
659 3808 733 3844 Cous.
750 3809 822 3835 Seru.
837 3811 868 3835 it.
884 3809 956 3835 Non.
969 3819 994 3841 4,
1008 3810 1069 3842 469.
1124 3810 1230 3844 Tergu·
1238 3818 1311 3837 ettam
1319 3822 1367 3838 ma·
1430 3811 1530 3844 canter)
1552 3811 1704 3843 sanguinem
1719 3811 1896 3843 instillabant,
1915 3820 2001 3846 eoque
2019 3816 2077 3836 tura
2090 3817 2115 3837 et
2127 3811 2217 3844 fruges
2233 3809 2365 3837 iaftabann
2376 3802 2399 3830 f³¹

325 3843 525 3879 fiulinogenere‚
561 3844 642 3870 Plaut.
652 3843 720 3870 Asin.
736 3852 750 3870 2
759 3864 766 3876 ,
780 3853 803 3876 2,
811 3852 838 3877 53
856 3843 950 3870 Habeo
965 3845 1062 3879 opinor
1075 3845 1234 3872 familiarem
1253 3853 1367 3882 tergum,
1430 3854 1536 3881 quoque
1549 3852 1575 3872 et
1588 3845 1690 3878 vinum,
1703 3847 1806 3882 aliaque
1819 3847 1915 3881 quibus
1929 3845 2090 3873 consuetudo
2103 3846 2137 3873 est
2151 3847 2272 3873 terminis
2288 3846 2374 3871 sacrum
2381 3837 2404 3864 fit*

331 3886 363 3903 ne
373 3887 493 3911 quaeram
502 3879 578 3906 foris.
598 3878 696 3906 Laudat
705 3879 809 3911 Non.3‚
824 3887 881 3912 242.
931 3880 1195 3915 Tergibus,Datiuus
1203 3883 1311 3916 pluralis
1319 3892 1365 3909 nu-
1427 3882 1467 3913 (in
1482 3881 1544 3907 fossa
1562 3879 1740 3916 abiiciebant)
1759 3883 1954 3917 consumtisque
1974 3882 2098 3909 omnibus
2117 3882 2228 3916 dapibus
2248 3883 2315 3916 igne,
2333 3877 2403 3915 ῘῙΨΕῙ”4η

326 3914 408 3974 agri,
419 3914 609 3983 ἓξῖῗκξᾼὲέἳῑξίἱ-
630 3924 652 3948 ²,
665 3919 699 3950 87
804 3928 849 3935 —·
867 3914 964 3950 Neque
983 3916 1129 3954 quidquam
1147 3926 1161 3943 a
1181 3918 1297 3952 tergibus
1316 3918 1416 3953 ob·105
1427 3918 1510 3943 lente·
1525 3916 1650 3952 reliquias
1664 3919 1765 3953 lapides
1780 3918 1954 3952 collocabant,
1972 3924 2051 3951 atque
2065 3918 2103 3944 ita
2117 3918 2239 3953 diligenti
2255 3924 2315 3944 cura
2325 3912 2399 3972 confla:
