2434 4156
622 90 655 130 R
741 90 784 130 H
877 91 913 130 Ο

273 111 326 138 211

272 180 396 209 traditur,
413 178 535 213 Nympha
553 179 683 214 zelotypia
696 187 756 213 erga
769 178 909 205 Herculem
920 197 928 209 ,
947 182 1060 204 mortua.
1114 176 1202 213 Qiare
1214 174 1296 200 Hera-

272 216 340 242 clion
353 219 448 240 vocant
459 214 556 249 aliqui,
575 215 621 242 alii
637 214 792 248 Rhopalon,
808 222 822 239 a
842 212 929 239 radice
961 213 1050 239 clauae
1081 210 1167 236 simili.
1221 208 1296 235 Ideo-

270 257 320 283 que
336 257 381 275 eos
393 268 401 280 ,
418 250 464 284 qui
481 250 599 277 biberint
617 259 673 276 eam
682 269 691 282 ,
711 248 849 275 duodecim
864 247 957 274 diebus
970 248 1043 274 coitu
1056 245 1229 280 genituraque
1243 244 1296 277 pri-

267 284 335 310 vari.
370 284 551 312 Laudatiffinia
564 286 592 312 in
605 285 775 312 Orchomeno
788 289 813 309 et
828 282 990 309 Marathone.
1031 280 1124 308 Boeoti
1137 278 1234 305 Madon
1249 287 1296 305 vo-

268 321 340 352 cant,
356 320 403 354 qui
415 326 441 347 et
454 322 540 348 semen
552 320 641 347 edunt.
676 319 800 346 Nascitur
813 318 841 344 in
851 318 968 353 aquosis,
987 317 1060 343 folii<
1074 314 1181 348 magnis,
1194 314 1222 339 in
1230 314 1296 340 sum-
1317 326 1330 352 ς

267 364 311 382 ma
325 363 406 389 aqua,
424 362 450 383 et
462 356 520 383 aliis
533 365 564 383 ex
577 355 664 382 radice
677 353 881 389 prodeuntibus,
900 354 966 380 flore
979 352 1050 379 Lilio
1064 350 1142 376 simili
1151 369 1158 382 ‚
1178 356 1203 375 et
1216 358 1297 383 quum

267 390 409 424 defloruit,
430 392 509 426 capiti
523 390 657 426 papaueris
671 390 699 416 in
711 389 792 415 caule.
828 389 933 415 Secatur
946 389 1088 426 Autumno.
1125 385 1209 412 Radix
1223 386 1298 425 nigra

266 427 296 453 in
327 426 380 453 sole
408 427 529 458 siccatur,
548 425 752 459 aduersaturque
771 424 878 451 aluinis.
915 424 956 450 Est
974 429 999 450 et
1020 423 1070 448 alia
1091 421 1245 455 Nymphaea
1267 428 1297 446 ιιι

265 462 401 491 Thessalia
415 470 459 489 etc.
501 461 559 488 Vid.
575 463 648 487 etiam
660 464 700 493 26,
714 469 739 486 ιο
749 466 792 494 pr.
827 462 856 485 it.
869 460 948 493 Apul.
963 459 994 485 de
1008 456 1090 483 Herb.
1106 466 1127 482 c.
1140 459 1183 491 67.

302 496 508 526 RHOPAL‘i'c
520 503 574 529 vs,
587 504 610 528 a,
622 504 675 522 um.
695 494 755 522 Adi.

263 537 347 566 citur,
362 536 406 568 qm'
426 542 442 558 a
461 531 626 567 monosyllaba
644 540 700 557 voce
717 533 769 556 inci
787 534 839 556 iens
851 530 976 566 gradatim
988 528 1091 563 crescit,
1109 535 1133 553 et
1143 527 1260 563 ρ’ᾰπαλην,
1278 529 1297 552 i.

263 569 382 598 Herculis
394 569 486 595 clauum
498 570 613 593 imitatur
621 586 630 599 ,
645 567 674 592 ab
687 575 752 602 angu
775 575 788 591 o
802 572 825 592 et
835 568 904 592 tenui
915 568 941 590 in
954 562 1111 590 latitudinem
1122 562 1246 596 desinens,
1258 568 1299 593 vt,

263 607 324 641 Spes
338 606 403 631 Deus
415 611 525 629 aeternae
532 601 652 634 stationis
664 603 819 627 conciliator.
911 599 1016 625 Seruius
1032 599 1060 625 in
1072 599 1187 625 Centun.
1202 607 1226 631 p.
1237 599 1298 627 ¹826

264 643 334 669 Cum
354 638 459 670 Verba,
478 644 506 665 vt
528 639 685 670 sequuntur,
704 645 751 670 per
770 635 884 669 Syllabas
902 635 1032 665 crescunt,
1051 640 1079 661 vt
1092 635 1157 660 Rem
1171 634 1221 660 tibi
1235 641 1296 659 con-

263 676 334 706 ceffi,
353 673 512 706 doctissime,
530 672 732 699 dulcisonorem.

262 720 364 739 norem.
440 708 495 734 vid.
512 707 614 734 Salmas.
628 706 661 734 ad
673 707 753 733 Solin.
767 716 792 741 p.
805 714 863 739 94²·
1219 738 1224 742 ἡ

299 754 317 773 R
327 754 347 772 H
357 752 376 772 o
385 752 397 771 s
406 751 456 775 os,
469 744 486 769 i.
506 743 525 770 f.
561 741 659 774 [Ῥῆσος
672 743 754 777 steph.
774 740 870 766 Ῥωσσὸς
883 738 984 774 strab]
1020 739 1153 774 Oppidum
1169 739 1258 771 Syriae
1266 737 1298 764 ad

261 782 365 810 Cafium
378 786 494 806 montem
504 798 512 810 ,
531 778 601 804 inter
614 778 690 804 Issum
704 776 814 804 Ciliciae
826 781 851 802 et
864 775 1005 802 Seleuciam
1019 775 1132 810 positum
1150 774 1217 801 Plin.
1225 782 1248 807 ς,
1256 781 1299 800 22.

261 825 285 846 et
300 816 379 844 strab.
393 816 410 841 l.
425 818 461 841 16.
496 814 619 840 scribitur
632 820 655 839 et
669 813 785 840 Rhoffiis.

297 859 315 878 R
327 858 347 878 H
357 858 375 877 o
386 857 414 876 si
426 857 444 876 v
454 857 476 881 s,
489 858 513 880 a,
528 858 581 875 um.
613 848 672 875 Adi.

260 892 366 923 portae,
386 893 453 919 quae
483 884 571 917 Syriae
603 883 783 918 appellantur,
806 881 948 909 interuallo
972 881 1132 908 Rhosiorum
1165 880 1298 906 montium

259 930 284 950 et
307 922 406 949 Tauri.

295 953 529 988 RHosi'A'cvs,
541 963 564 986 a,
575 962 629 979 uin.
657 953 718 980 Adi.

257 996 312 1020 oiri
326 991 394 1018 dofti
424 991 480 1017 Cic.
493 992 546 1016 titt.
560 991 586 1021 6,
599 997 617 1015 ι.

760 953 811 986 Vt,
833 951 959 980 Rholiaca
971 952 1031 979 vasa
1037 950 1150 988 ficlilia,
1164 957 1194 978 vt
1207 956 1300 987 putant

644 1050 672 1082 R
774 1050 807 1081 H
908 1049 939 1080 V

293 1104 313 1125 R
323 1105 342 1125 H
353 1104 374 1123 v
383 1105 407 1130 s,
419 1097 494 1124 rhois
507 1103 531 1124 et
545 1095 616 1124 rhus.
636 1105 659 1122 c.
695 1094 777 1130 [ρἕ]
814 1095 925 1121 Fruticis
936 1104 1027 1130 genus,
1046 1094 1074 1120 de
1087 1103 1133 1129 qno
1148 1094 1214 1120 Plin.
1223 1102 1267 1127 24,
1276 1102 1298 1120 ιι

255 1136 275 1162 s.
290 1143 322 1167 54
342 1134 400 1161 Nec
415 1133 478 1160 rhus
491 1133 601 1159 latinum
615 1140 712 1158 nomeu
723 1130 876 1162 habet,cum
890 1130 918 1157 in
930 1131 1003 1156 vsum
1017 1130 1138 1164 plurimis
1154 1129 1240 1156 modis
1254 1137 1299 1156 ve-

257 1171 322 1196 niat.
377 1169 448 1196 Nam
463 1175 487 1195 et
502 1168 583 1195 herba
597 1167 632 1193 est
645 1166 782 1197 siluestris,
803 1166 878 1192 foliis
893 1167 990 1198 myrti,
1010 1166 1144 1192 cauliculis
1158 1165 1296 1197 breuibus,

1348 456 1416 490 stitu
1444 459 1558 485 muliebri
1570 459 1599 495 se
1620 461 1763 486 occultante.

791 495 967 521 Grammaticis
986 492 1144 526 Rhopalicus
1157 492 1246 518 versus
1260 491 1297 516 tli-
1310 503 1338 521 10
1358 493 1498 519 Flaminica
1533 508 1578 514 —-
1611 494 1640 520 in
1665 495 1719 521 rica
1743 493 1875 520 surculum
1889 493 1919 519 de
1942 492 2036 519 arbore
2059 494 2132 520 felici
2155 491 2241 519 habet.

1715 85 1986 128 RID

1353 185 1408 209 quo
1420 185 1468 211 pro
1481 176 1591 211 palliolo
1603 175 1742 202 vtebantur
1755 173 1920 201 Flaminicae.
1968 175 2024 203 Alii
2036 175 2127 202 dicunt
2139 172 2211 209 quod
2224 180 2256 199 ex
2268 172 2324 200 lana
2334 174 2373 204 fiat

1354 212 1454 239 succida
1467 213 1542 245 alba,
1564 211 1634 246 quod
1655 210 1795 237 conficiunt
1813 210 1930 244 virgines
1947 212 2075 246 ingenuae
2088 211 2228 246 patrimae,
2246 209 2374 239 matrinia

1354 247 1439 280 ciues,
1459 254 1484 275 et
1499 249 1630 275 inficiatur
1644 246 1762 273 caeruleo
1776 245 1875 272 colore.
1943 248 2010 274 Haec
2032 247 2119 273 Festus
2137 244 2228 272 Paulli.
2268 256 2272 257 ⁷
2298 244 2384 283 Plaut„
2405 260 2406 265 ¹

1355 282 1430 316 Epid.
1456 284 1481 314 2,
1508 292 1532 316 2,
1552 289 1586 318 48
1617 282 1777 316 Supparum,
1796 286 1840 307 aut
1863 279 2035 314 subminiam,
2055 283 2152 313 ricam,
2172 278 2376 315 basilicuw„aut
2405 288 2406 291 ’

1355 318 1494 344 exoticam.
1589 318 1695 344 Nouius
1710 326 1748 350 14,
1762 324 1785 349 ις
1804 316 1867 342 Rica
1880 315 1932 348 est,
1949 317 2022 351 quod
2034 326 2102 344 nunc
2116 315 2249 343 sudarium
2263 314 2376 351 dicimus.

1356 354 1436 379 Habet
1449 353 1487 379 ille
1501 352 1613 380 aiafiores
1621 358 1716 388 plures.
1786 349 1888 378 DiHum
1900 359 1914 376 a
1929 352 1980 378 ritu
1990 372 1998 385 ,
2017 360 2047 379 vt
2060 354 2144 379 Varro
2157 349 2243 377 auflor
2257 354 2288 375 est
2306 350 2336 376 de
2345 346 2376 379 l..

1356 388 1385 414 L.
1394 397 1421 420 4,
1429 397 1459 420 29
1466 398 1489 423 p.
1497 397 1531 421 31,
1539 391 1570 415 26
1579 389 1650 422 quod
1659 389 1779 414 Romano
1787 388 1840 414 ritu
1848 386 1972 413 sacrificia
1979 388 2091 415 feminae
2098 396 2179 422 quum
2188 385 2296 417 facium,
2303 386 2378 420 capita
2405 405 2408 409 -

1354 429 1454 457 tegunt.
1568 424 1653 458 Caput
1666 426 1719 450 rica
1735 423 1834 450 velatus
1854 421 1921 448 Gell.
1939 424 1965 454 6,
1979 431 2007 448 ιο
2033 424 2062 449 de
2077 422 2175 450 Euclide
2188 419 2324 456 Megarenfi
2342 430 2378 448 ve·

1875 458 2011 484 Massurius
2033 459 2143 485 Sabinus
2163 463 2202 492 ap.
2216 455 2281 483 Gen.
2297 464 2337 486 10,
2353 465 2377 490 ις

2311 492 2383 528 ems·-

2314 98 2371 131 21²

1356 528 1503 555 Germanic.
1517 528 1545 555 in
1558 529 1693 556 asterismo
1706 528 1825 563 Virginis
1841 537 1924 554 v.122.
1996 528 2070 554 Seru.
2088 530 2122 555 ad
2135 529 2198 554 Aen.
2207 532 2293 561 4137.
2385 554 2387 556 ,

1391 569 1430 589 R1
1444 563 1489 590 cx?
1498 570 1514 589 L
1524 571 1555 595 A,
1568 573 1607 590 ae.
1629 565 1648 591 f.
1671 566 1771 591 Diinin.
1808 564 1911 596 Festus,
1929 563 2008 590 Ricae
2021 569 2047 590 et
2058 564 2156 590 riculae
2169 567 2295 590 vocantur
2309 560 2380 595 patin

1356 597 1467 631 ricinia,
1484 605 1512 625 vt
1523 599 1646 633 palliola,
1666 600 1697 626 ad
1710 601 1784 627 vsum
1797 600 1889 634 capitis
1903 599 1978 625 facia.
2034 599 2146 625 Granius
2167 598 2274 633 quidem
2287 597 2323 622 ait
2336 598 2378 624 esse

1355 632 1487 660 muliebre
1499 634 1631 668 cingulum
1644 636 1749 670 capitis,
1768 644 1822 670 quo
1836 643 1885 669 pro
1898 635 1962 662 vitta
1974 633 2115 661 Flaminica
2128 633 2293 660 redimiatur.
2328 632 2379 659 No.

806 673 848 698 Ita
858 672 904 707 leg.
918 678 967 695 non
979 676 1008 696 vt
1025 669 1135 701 editum,
1154 669 1237 696 dulcis
1250 669 1327 701 ho-15
1356 669 1415 694 nius
1431 677 1471 702 14,
1485 672 1513 695 16
1528 676 1577 705 pro
1602 671 1697 706 Capitis
1718 672 1821 706 quodam
1844 672 1961 697 velamine
1977 668 2080 704 pofitum
2100 669 2220 703 ostendit,
2239 676 2291 694 cum
2302 667 2380 696 laudan

1356 704 1466 738 Turpil.
1499 705 1626 732 Velitern.
1663 707 1742 732 Ducit
1763 715 1805 732 me
1829 707 1930 738 secum,
1951 706 2085 740 postquam
2108 705 2139 731 ad
2153 703 2244 731 aedem
2258 702 2380 734 venimufl,

1356 745 1499 766 veneratur
1512 739 1583 766 deos.
1645 742 1746 768 Interea
1758 742 1875 776 adspexit
1887 743 2018 776 virginem
2032 740 2170 776 gestantem
2183 740 2211 766 in
2226 738 2309 772 capite
2319 738 2380 774 rici}

1357 775 1408 802 lam
1421 775 1538 801 indutam
1551 776 1684 803 ostrinain.

1392 817 1603 843 Ricmiiviw,
1619 811 1643 847 s.
1662 818 1781 839 RssciN
1794 813 1973 844 1v1»1‚i.n.et
1986 818 2102 838 Ric1N
2116 811 2382 846 vzſsnzcmw,

710 846 775 873 Plin.
789 853 813 879 ς,
825 854 853 872 22
871 845 1004 880 Oppidum
1018 846 1136 877 Rhosos,
1155 851 1180 872 et
1195 854 1209 871 a
1221 850 1296 879 tergo
1312 853 1343 871 20
1358 846 1376 872 i.
1397 855 1434 872 m.
1469 844 1568 872 amore
1580 846 1673 873 Nonio
1688 856 1725 880 14,
1738 856 1764 879 33
1788 849 1867 881 Quod
1882 858 1949 874 nunc
1962 848 2116 874 niafurtium
2132 853 2202 881 (vox
2213 845 2318 872 barbara
2333 844 2380 873 uid.

1357 884 1550 912 MAVORTE)
1567 881 1680 913 dicitur,
1699 882 1836 909 Palliolum
1857 884 1893 909 est
1912 884 2058 910 femineum
2081 883 2170 909 breue.
2239 879 2381 907 Laudatde-
2399 888 2406 912 ι

1357 916 1414 943 inde
1427 925 1456 942 ex
1472 918 1607 949 Varrone,
1627 917 1726 943 Nihilo
1739 918 1820 952 magis
1833 918 1919 945 dicere
1939 918 2085 950 muliebre,
2106 927 2183 952 quam
2207 915 2239 943 de
2262 914 2387 943 muliebri

1356 952 1456 979 ticinio
1471 952 1580 986 pallium
1594 953 1699 986 simplex
1713 963 1719 978 ε
1753 956 1854 988 itemque
1869 955 1981 980 Vari-on.
1997 954 2029 980 de
2043 955 2103 980 Vita
2118 953 2212 987 Populi
2227 950 2339 978 Romani
2351 950 2384 979 Lx

1356 988 1388 1014 Et
1401 996 1455 1022 quo
1467 988 1593 1014 mulieres
1607 989 1635 1014 in
1648 988 1759 1014 aduersis
1772 987 1849 1014 rebus
1864 998 1892 1015 ac
1905 990 2035 1022 lue'tibus,
2054 999 2135 1024 quum
2150 996 2255 1015 omnem
2269 986 2385 1015 vestitum

1313 1030 1342 1056 25
1357 1023 1539 1050 delicatiorem
1552 1032 1580 1050 ac
1594 1024 1759 1050 luxuriosum
1774 1024 1859 1058 postea
1873 1025 2019 1052 institutum
2032 1031 2149 1060 ponunt,
2169 1024 2265 1050 ricinia
2279 1023 2384 1049 sumunt.

1357 1058 1462 1092 Festus,
1485 1059 1642 1092 Recinium,
1662 1068 1741 1086 omne
1754 1059 1938 1086 vestimentum
1958 1061 2121 1094 quadratum.
2173 1060 2212 1090 Ii,
2230 1058 2277 1092 qui
2295 1057 2386 1085 duodo&

1355 1095 1406 1121 cim
1421 1095 1560 1130 (tabular)
1573 1095 1738 1129 interpretati
1753 1097 1826 1127 sunt,
1844 1098 1891 1122 elie
1904 1096 2026 1122 dixerunt
2039 1096 2146 1123 virilem
2159 1101 2245 1129 togam
2254 1113 2261 1125 ,
2278 1102 2329 1127 qua
2336 1101 2384 1120 mu-

1356 1130 1435 1157 lieres
1448 1129 1603 1162 vtebantur‚
1623 1137 1783 1166 praetextam
1795 1130 1870 1157 clauo
1883 1140 2025 1166 purpureo.
2061 1132 2105 1159 Ad
2116 1133 2179 1158 hanc
2191 1133 2266 1166 legem
2285 1130 2344 1156 XII
2352 1135 2384 1156 ta-

1355 1165 1466 1192 bularum
1490 1169 1604 1200 pertinet
1641 1167 1697 1193 Cic.
1731 1166 1763 1192 de
1794 1167 1885 1200 Legib.
1916 1175 1946 1198 2,
1973 1176 2004 1200 59
2026 1177 2048 1194 c.
2072 1176 2102 1200 23
2141 1168 2286 1193 Extenuato
2309 1164 2387 1199 igitur

257 1214 323 1240 quae
337 1205 419 1231 tineas
431 1204 525 1239 pellit:
552 1209 577 1230 et
590 1204 677 1230 frutex
692 1202 821 1228 coriarius
832 1201 991 1236 appellatur,
1011 1201 1153 1227 subrutilui
1167 1200 1297 1232 cubitalis,
1306 1211 1338 1235 30
1355 1202 1441 1228 sumtu
1463 1202 1547 1228 tribus
1568 1199 1689 1234 riciniis,
1710 1209 1735 1228 et
1757 1202 1870 1228 vinculis
1896 1211 2041 1237 purpurae,
2063 1211 2087 1229 et
2113 1202 2202 1229 decem
2227 1200 2388 1233 tibicinibut,

256 1240 420 1268 craffitudine
434 1239 553 1274 digitali,
573 1239 646 1265 cuius
665 1237 748 1264 aridis
768 1237 858 1270 foliis,
877 1243 906 1263 vt
925 1237 1081 1267 malicorio,
1101 1238 1174 1263 coria
1194 1236 1295 1271 perfici-

255 1283 337 1302 untur
349 1282 395 1303 etc.
500 1274 607 1308 'Deinde
626 1273 714 1305 Rhus,
730 1281 796 1306 quae
821 1272 942 1305 erythros
963 1272 1126 1307 appellatur,
1145 1273 1233 1299 frutex
1248 1272 1294 1303 est,

254 1317 281 1338 et
295 1310 373 1337 huius
387 1309 490 1336 fruticis
504 1311 589 1335 semen
602 1308 658 1335 vim
673 1308 751 1335 habet
765 1308 957 1342 adstringendi,
977 1307 1195 1342 refrigerandiue.
1243 1307 1294 1334 Ad-

254 1346 385 1381 spergitur
399 1353 447 1379 pro
461 1344 511 1370 sale
523 1344 652 1377 opsoniis,
667 1343 750 1369 Aluos
763 1344 854 1376 soluit,
871 1352 1016 1377 omnesque
1028 1352 1117 1369 carnea
1129 1352 1189 1369 cuni
1199 1342 1293 1376 silphio

254 1382 390 1409 suauiores
404 1379 467 1405 facit
480 1386 525 1405 etc.

255 1426 302 1450 1¹3.
338 1415 412 1451 Conf.
428 1414 495 1441 Plin.
515 1423 556 1447 13,
568 1415 594 1440 6.
631 1419 655 1438 et
667 1420 710 1444 20,
724 1420 746 1444 3.

254 1453 328 1479 Rbus
355 1451 472 1484 Syriacus
512 1449 632 1476 Scribon.
647 1449 700 1480 256.

255 1487 355 1516 Rhois,
374 1495 428 1521 quo
441 1485 550 1512 coriarii
563 1488 689 1515 Vtuntur,
706 1482 764 1517 opii
778 1488 822 1508 etc.
840 1481 960 1509 Scribon.
975 1489 1030 1514 ¹42·

291 1529 341 1549 RH
352 1527 480 1552 OICVS,
506 1530 528 1551 a,
554 1518 694 1546 um.·Adi.
731 1519 768 1544 Ex
791 1517 858 1544 rhoe'
871 1518 896 1554 s.
915 1517 981 1548 rhu,
1001 1517 1029 1543 de
1052 1525 1097 1552 quo
1112 1515 1179 1542 modo
1193 1513 1296 1542 dietum.

816 1412 883 1438 Cels.
898 1414 930 1443 6,
948 1420 981 1437 ii.
1054 1414 1126 1445 Aple.
1143 1422 1185 1443 ιο,
1202 1421 1218 1438 2
1230 1420 1253 1438 et
1266 1420 1292 1447 7.

253 1558 319 1586 Plin.
332 1566 376 1591 24,
389 1565 410 1583 11
424 1558 441 1583 s.
456 1564 489 1590 54
505 1556 605 1583 Medici
619 1553 717 1582 rhoicis
730 1560 840 1580 vtuntur
854 1554 886 1580 ad
899 1553 1016 1585 contusa,
1030 1552 1095 1578 item
1109 1551 1237 1578 coeliacos
1246 1571 1255 1584 ,
1271 1558 1297 1577 et
1312 1563 1349 1586 40
1357 1553 1443 1580 ritalis
1456 1553 1593 1588 dignitatis
1605 1559 1631 1579 et
1644 1554 1777 1588 potestatis
1789 1555 1817 1579 in
1831 1562 1863 1579 eo
1877 1554 1920 1582 est.

252 1593 320 1622 sedis
332 1592 419 1619 vlcera
431 1599 477 1618 ete.

289 1636 309 1655 R
318 1636 338 1655 H
348 1634 368 1653 ν
378 1635 391 1654 s
401 1634 416 1654 r
428 1634 444 1654 1.
455 1634 464 1652 1
475 1635 494 1654 N
506 1633 525 1654 o
536 1634 558 1653 Ν
567 1646 575 1658 ,
598 1626 618 1654 i.
652 1635 678 1652 n.
714 1624 869 1660 [ρεσέλινον]
912 1624 1005 1660 Apium
1017 1621 1135 1656 rusticum
1169 1622 1247 1658 Apul.
1267 1621 1299 1649 de

253 1664 336 1693 Herb.
356 1673 376 1690 c·
389 1668 411 1694 8.
633 1699 660 1731 R
762 1698 795 1729 H
893 1695 921 1727 Y

807 1447 880 1473 Rhus
907 1445 1007 1479 Syriaci
1031 1446 1141 1473 sextarii
1162 1447 1216 1473 duo
1248 1456 1292 1473 ιιι.
1315 1459 1316 1462 ’

1354 1236 1426 1263 tollit
1440 1237 1520 1263 etiam
1533 1237 1757 1264 lamentationem.
1864 1239 1950 1264 Varro
1964 1238 1995 1264 de
2008 1239 2038 1265 L.
2052 1239 2081 1265 L.
2097 1249 2124 1272 4,
2138 1247 2168 1268 30
2181 1247 2204 1272 p.
2219 1245 2256 1269 33,
2271 1245 2283 1268 3
2322 1235 2388 1262 Rici-

1353 1272 1429 1298 nium
1445 1270 1538 1298 diHum
1547 1279 1623 1307 putat
1632 1292 1640 1304 ,
1658 1273 1731 1307 quod
1743 1281 1776 1299 eo
1789 1278 1926 1299 vtereutur
1937 1273 2054 1308 duplici,
2072 1274 2105 1300 ab
2125 1283 2157 1299 eo
2172 1273 2242 1308 quod
2255 1271 2388 1299 dimidiam

1353 1314 1454 1342 parterii
1469 1309 1614 1335 retrorsum
1627 1308 1773 1339 iaciebant,
1797 1317 1812 1334 a
1826 1309 1970 1335 reiciendo.
2064 1310 2170 1336 Seruius
2184 1308 2217 1335 ad
2234 1309 2298 1334 Aen.
2315 1316 2335 1340 ι,
2349 1312 2390 1337 282

1353 1344 1446 1377 'rogas
1460 1343 1541 1369 etiam
1553 1343 1665 1369 seminas
1679 1342 1809 1374 habuisse,
1829 1343 1961 1374 cycladum
1977 1349 2003 1370 et
2016 1345 2099 1371 recini
2114 1345 2172 1371 vsus
2186 1343 2308 1370 ostendit.
2345 1343 2391 1369 Re-

599 1379 682 1404 Huius
698 1377 769 1403 Rbus
783 1386 837 1412 quo
852 1379 932 1412 coqui
944 1384 1054 1404 vtuntur
1067 1381 1157 1404 mentio
1174 1378 1295 1405 scribon.
1320 1388 1347 1414 35
1356 1380 1428 1404 cinus
1449 1385 1538 1404 autem
1559 1379 1659 1404 dicitur
1678 1377 1710 1403 ab
1732 1386 1780 1409 eo,
1800 1377 1872 1410 quod
1885 1378 1941 1411 post
1955 1383 2058 1411 tergum
2073 1380 2210 1411 reiicitur,
2227 1378 2297 1412 quod
2312 1378 2391 1412 vulgo

1357 1415 1479 1441 Mauorte
1497 1414 1552 1447 (al.
1568 1414 1700 1445 Maforte)
1721 1413 1821 1439 dicunt.
1924 1412 1992 1438 Acid.
2007 1412 2064 1438 lsid.
2077 1421 2115 1445 19,
2129 1421 2155 1445 25
2189 1423 2242 1439 cum
2274 1413 2302 1438 de
2326 1411 2405 1445 stola-¹

1358 1449 1474 1481 dixfflke,
1492 1449 1603 1481 Eadem,
1622 1451 1712 1484 inquit,
1729 1454 1754 1474 et
1773 1448 1898 1474 ricinium
1917 1448 2014 1474 Latino
2037 1449 2146 1474 nomine
2169 1448 2342 1482 appellatum,
2360 1457 2390 1476 eu

1358 1483 1431 1516 quod
1445 1484 1556 1510 dimidia
1570 1486 1626 1509 eius
1639 1493 1695 1517 pars
1715 1489 1788 1509 retro
1804 1483 1929 1515 eiicitur,
1945 1484 2016 1517 quod
2031 1483 2113 1517 vulgo
2132 1484 2282 1510 Mauortem
2296 1483 2389 1512 dicunt.

1356 1519 1484 1544 Vocatam
1498 1525 1585 1544 autem
1598 1519 1686 1544 dicunt
1698 1519 1847 1545 Mauortem
1856 1539 1864 1551 ‚
1883 1519 1953 1552 quali
1966 1520 2089 1545 Martem.
2142 1519 2248 1552 Signum
2262 1519 2330 1545 enirn
2340 1528 2388 1547 ma.

1976 1555 2060 1588 Caput
2073 1554 2144 1580 enim
2161 1554 2280 1580 mulieris
2293 1555 2332 1582 vir
2342 1555 2385 1583 est:

1358 1588 1420 1615 inde
1449 1595 1475 1615 et
1495 1590 1571 1622 super
1591 1595 1666 1623 caput
1687 1588 1808 1615 mulieris
1821 1589 1865 1614 est.
1936 1590 2060 1624 Respicit,
2080 1590 2165 1622 credo,
2179 1590 2213 1615 ad
2225 1590 2314 1620 ἔξεο-ίαν
2322 1591 2382 1618 illam

1357 1623 1438 1651 Paulli
1451 1625 1590 1650 Corinthiis
1604 1624 1802 1650 commendatam.
1874 1624 2016 1657 Caeterum,
2027 1625 2053 1658 Ji
2065 1634 2092 1651 ea
2111 1628 2161 1652 iam
2173 1632 2316 1662 colligamus,
2328 1635 2382 1661 quae

1358 1658 1429 1685 dic'la
1437 1660 1500 1694 sunt
1521 1669 1549 1685 ex
1561 1663 1689 1695 antiquis,
1706 1660 1806 1685 videtur
1817 1668 1856 1685 res
1873 1660 1953 1698 eadem
1960 1659 2038 1696 fuist?
2050 1660 2117 1691 rica,
2137 1661 2252 1694 ricinus,
2271 1661 2383 1689 ricinium

1351 1694 1404 1729 fiue
1418 1702 1466 1730 per
1479 1695 1615 1730 secundam
1639 1696 1751 1721 Vocalem
1767 1703 1826 1721 reca
1839 1702 1884 1721 etc.
1903 1698 2039 1728 vestimenti
2048 1700 2167 1731 jimpi'icts
2179 1706 2256 1732 genus
2262 1700 2338 1733 primo
2347 1707 2383 1725 ca-

1308 1741 1342 1766 45
1353 1733 1407 1765 piu·
1421 1737 1443 1756 st
1454 1731 1562 1757 humeris
1573 1731 1685 1766 tegendis
1693 1729 1811 1765 fufium,
1830 1737 1859 1756 vt
1874 1731 1977 1757 Pultiola
1992 1742 1999 1756 :
2034 1731 2121 1757 deinde
2143 1742 2159 1758 a
2174 1735 2269 1758 luxum·
2288 1731 2381 1759 ouHmn.

289 1778 309 1798 R
318 1778 340 1798 H
352 1776 371 1796 Y
382 1777 403 1797 Α
412 1777 436 1801 S,
449 1768 512 1796 adis.
547 1768 568 1795 f.
606 1767 703 1803 [ρυσὶς]
738 1765 843 1794 Morbus
855 1765 992 1797 oculorum,
1013 1764 1041 1791 de
1056 1773 1101 1800 quo
1116 1765 1183 1792 Cels.
1199 1773 1224 1799 7,
1239 1772 1266 1799 7,
1279 1774 1299 1797 4

253 1807 280 1834 Si
294 1807 397 1834 abscissa
411 1806 446 1831 est
458 1814 511 1831 cum
526 1813 604 1840 ungue
618 1804 751 1830 caruncula
766 1811 795 1828 ex
808 1803 897 1837 angulo
911 1802 992 1832 oculi,
1010 1800 1100 1834 patesit
1113 1800 1243 1832 foramen,
1252 1809 1298 1834 per

255 1842 327 1878 quod
340 1842 427 1877 postea
442 1841 542 1874 semper
554 1840 652 1866 humor
664 1837 797 1865 descendit
809 1835 887 1872 ρὐοέδα
901 1837 995 1862 Graeci
1008 1841 1110 1861 vocant.

291 1885 311 1904 R
320 1884 340 1904 H
350 1886 368 1904 Y
379 1883 399 1902 N
413 1883 434 1902 T
443 1884 463 1902 0
473 1884 493 1902 Ν
502 1895 509 1907 ,
530 1875 616 1911 (quod
623 1877 718 1910 primis
725 1874 785 1910 sete
797 1872 930 1899 editoribus
939 1873 1053 1906 placuit,
1068 1871 1093 1906 s.
1107 1877 1136 1897 ut
1147 1868 1210 1908 pollv
1221 1879 1297 1896 emen-

1358 1767 1435 1792 Plura
1448 1766 1476 1791 id
1488 1776 1565 1801 genus
1572 1765 1680 1802 sumsiffe
1692 1765 1810 1792 uidentur
1818 1768 1931 1792 mulieres
1944 1770 2053 1803 lugentes
2065 1777 2088 1793 et
2100 1778 2127 1793 in
2142 1768 2266 1805 exsequias
2274 1768 2382 1805 prodeun-

1357 1807 1410 1833 tes,
1426 1810 1486 1836 quae
1493 1802 1540 1836 suo
1554 1802 1584 1828 de
1598 1810 1697 1835 corpore
1711 1802 1790 1827 demta
1803 1804 1830 1827 in
1844 1811 1929 1837 rogum
1950 1806 2096 1829 maritorum
2115 1807 2246 1830 inurerent
2263 1804 2382 1841 infidiam:

1355 1839 1366 1862 i
1378 1837 1407 1872 se
1420 1845 1525 1872 quoque,
1538 1836 1564 1870 fi
1582 1837 1714 1869 credimus,
1728 1836 1774 1870 nifi
1784 1841 1839 1863 cari
1851 1837 1960 1863 homines
1978 1839 2024 1864 alii
2040 1839 2208 1874 prohiberent.
2266 1841 2312 1866 Lex
2330 1841 2382 1867 XII

1355 1872 1495 1898 tabularum
1509 1875 1600 1898 coercet
1614 1881 1752 1905 numerum,
1769 1879 1792 1898 et
1799 1874 1859 1907 plus
1872 1876 1924 1898 tria
1937 1876 2030 1901 ricInia
2044 1874 2157 1901 adhiberi
2175 1881 2252 1902 vetat.
2316 1874 2376 1911 (lonf-

254 1913 339 1940 datum
358 1911 414 1946 cst)
428 1911 472 1947 seu
493 1918 512 1937 R
523 1918 543 1937 H
556 1918 595 1937 1N
605 1917 627 1937 T
638 1916 657 1936 Ο
667 1917 689 1936 N
700 1929 709 1942 ,
745 1907 876 1942 [Ῥίνων]
912 1908 988 1933 Poeta
1005 1907 1087 1932 hilaro
1107 1909 1238 1942 tragoedia
1250 1912 1297 1940 pa·
1308 1922 1339 1947 30
1356 1911 1409 1934 viri
1423 1906 1493 1933 doHi
1507 1911 1550 1943 qui
1562 1910 1621 1934 Ml
1638 1908 1735 1933 tabulas
1753 1908 1918 1941 illustrarunt.

253 1952 308 1976 tria
324 1949 493 1978 Tarentinus,
512 1949 584 1972 cuius
596 1945 691 1980 versum
707 1947 771 1970 citat
791 1943 847 1969 cic.
863 1945 915 1968 Att.
932 1952 939 1968 1
956 1948 1020 1968 extr.
1043 1942 1114 1968 Nam
1127 1947 1155 1968 vt
1170 1941 1297 1967 aitRhin-

254 1990 302 2011 ton
311 2003 319 2015 ‚
337 1988 367 2009 vt
380 1982 478 2016 quinor
487 2001 495 2013 ‚
513 1979 555 2006 ‘Oi
569 1983 614 2013 μέν
627 1980 682 2014 παρ’
695 1977 747 2005 εἶδέν
763 1978 830 2009 εἶσιν,
854 1976 885 2003 οἷς
899 1975 919 2002 δ’
932 1975 983 2002 ἐδὲν
996 1978 1075 2009 μέλει.
1147 1977 1217 2002 Mihi
1231 1984 1297 2002 vero

253 2025 284 2046 vt
299 2017 436 2044 inuideant
449 2016 584 2051 piscinarii
598 2015 689 2042 nostri.
760 2011 916 2046 Hortevfium
928 2019 951 2038 et
964 2012 1087 2037 [uexillum
1101 2014 1128 2037 in
1138 2014 1231 2046 primis
1244 2019 1299 2038 tan-

253 2057 303 2092 git.
375 2053 431 2078 Huc
450 2049 550 2084 allufiffe
562 2056 685 2084 putatur,
701 2058 776 2084 agens
795 2049 823 2074 de
837 2050 945 2083 piscinis
968 2049 1052 2073 Varro
1067 2048 1098 2073 de
1111 2048 1142 2073 R.
1157 2047 1186 2072 R.
1201 2055 1222 2078 3,
1244 2055 1266 2079 3,
1282 2055 1297 2079 9

286 2090 323 2115 uis
337 2094 429 2114 contra
449 2094 519 2113 nune
538 2085 659 2112 Rhinton
677 2093 732 2110 non
751 2083 815 2109 dicit
835 2085 879 2109 sua
895 2081 965 2108 nihil
988 2083 1122 2114 interesse,
1142 2088 1232 2109 vtruin
1257 2082 1298 2108 his
1316 2100 1326 2108 ,

253 2125 368 2162 piscibus
386 2122 507 2158 (squalos
531 2127 555 2147 et
573 2119 685 2155 mugiles
706 2119 867 2151 nominauit)
886 2117 1003 2150 stagnum
1017 2118 1111 2143 habeat
1125 2118 1249 2152 plenum,
1267 2126 1299 2143 an

253 2161 347 2190 ranis?
455 2157 543 2183 Eadem
560 2157 635 2182 verba
652 2154 724 2182 habet
744 2152 874 2180 Columel.
891 2157 915 2184 8,
927 2154 966 2183 16,
981 2161 1000 2184 4
1038 2153 1156 2178 Donatus
1165 2154 1191 2187 s.
1210 2152 1299 2179 auHor

255 2198 288 2224 de
302 2192 457 2229 Tragoedia
472 2198 497 2218 et
511 2189 676 2221 Comoedia,
696 2189 802 2215 Latium
835 2187 992 2219 hominem,
1012 2186 1129 2213 actorem
1149 2187 1300 2213 fabularum

254 2233 274 2259 s.
289 2231 445 2258 histrionem
459 2228 536 2254 fuifl'e
550 2227 587 2253 ait
602 2225 773 2256 Rhintonem,
786 2230 812 2250 et
831 2229 904 2249 certo
919 2231 1010 2249 earum
1029 2222 1119 2256 generi
1140 2230 1238 2248 nomen
1258 2221 1301 2247 de-

1399 1949 1418 1968 R
1428 1950 1438 1969 1
1448 1950 1464 1969 C
1474 1951 1482 1968 1
1492 1950 1513 1969 N
1524 1951 1531 1969 1
1542 1945 1565 1970 ,Δΐ
1575 1950 1596 1970 Τ
1607 1950 1660 1975 vs,
1673 1951 1697 1974 a,
1710 1952 1763 1969 uin.
1803 1943 1863 1970 Adi.
1899 1945 1999 1970 Ricinio
2011 1945 2120 1971 indutus.
2155 1946 2292 1979 Riciniati,
2308 1943 2370 1971 mimi

1357 1978 1507 2012 planipedes
1529 1979 1595 2005 Fest.
1702 1979 1804 2006 Arnob.
1819 1980 1944 2006 aduersus
1959 1986 2047 2015 gentes
2059 1980 2190 2018 6subfin.
2210 1983 2297 2010 Fronte
2304 1980 2366 2006 lamn

1353 2014 1474 2048 ancipiti,
1487 2015 1624 2041 riciniatus
1638 2014 1747 2048 Iupiter.
2255 2023 2268 2049 χ

1393 2055 1458 2076 Ric
1469 2051 1481 2076 i
1492 2056 1512 2075 N
1526 2056 1546 2076 ν
1559 2058 1583 2083 s,
1595 2059 1617 2080 a,
1632 2059 1687 2077 um.
1709 2049 1769 2076 Adi.
1804 2050 1871 2086 apud
1883 2050 1955 2077 Non.
1971 2060 2010 2084 ¹4›
2023 2059 2048 2084 ις
2067 2058 2105 2084 vt,
2120 2052 2201 2079 Mitra
2213 2046 2289 2079 ticina.
2299 2050 2365 2077 Van·-

1357 2085 1515 2112 Prometheo
1530 2086 1547 2112 l.
1562 2094 1572 2112 ι
1595 2085 1672 2112 Aliae
1686 2086 1793 2113 mitram
1810 2087 1936 2119 ricinam,
1956 2093 2000 2113 aut
2013 2087 2119 2114 mitram
2127 2088 2290 2114 Melitensem.
2310 2100 2321 2118 ⁴.

1397 2125 1417 2144 R
1429 2127 1437 2145 1
1448 2125 1465 2145 C
1475 2121 1485 2146 '1
1497 2127 1517 2145 N
1528 2128 1549 2146 V
1559 2127 1583 2152 S,
1597 2121 1615 2147 i.
1630 2130 1665 2147 m.
1703 2121 1861 2156 [uvvopm'iea'5,
1873 2122 1976 2159 κρότων]
2013 2124 2093 2149 Genus
2107 2127 2213 2156 verum,
2229 2131 2294 2149 cii-nes
2304 2121 2376 2146 aerim

1359 2160 1430 2189 atquc
1443 2155 1513 2180 bouet
1525 2154 1657 2190 infestans.
1729 2157 1860 2188 Sanguine
1874 2158 1916 2182 seu
1929 2158 2024 2190 ricini,
2042 2168 2119 2192 quem
2133 2159 2180 2185 bos
2193 2155 2380 2193 gestaueritante

1359 2190 1516 2216 Sammonic.
1530 2199 1557 2216 v.
1571 2193 1632 2222 699.
1727 2190 1759 2215 ln
1781 2190 1834 2214 alio
1857 2192 2012 2222 pedicellum
2028 2194 2115 2224 vides,
2136 2195 2163 2219 in
2177 2201 2202 2220 te
2215 2194 2324 2221 ricinum
2335 2196 2384 2215 non

1359 2224 1434 2249 vides
1455 2226 1556 2250 Petron.
1569 2234 1591 2251 c.
1604 2233 1644 2258 57.
1660 2224 1859 2259 prouerbialiter.
1897 2225 1970 2258 Conf.
1985 2228 2079 2259 Remus.
2094 2229 2128 2252 ad
2139 2229 2162 2253 h.
2178 2231 2232 2262 ΛΡ.
2245 2235 2281 2258 81.
2325 2226 2386 2251 Var-

255 2268 326 2295 disse.
363 2267 446 2300 Qare
465 2265 522 2290 olim
535 2262 678 2299 suspicatus·
685 2260 741 2295 Jum
749 2279 758 2292 ,
774 2258 865 2294 Aesopi
880 2257 1011 2290 histrionis
1027 2260 1147 2284 luxuriem
1159 2264 1246 2283 taxare
1254 2256 1302 2293 Jub
1313 2267 1348 2292 50
1361 2266 1393 2284 ro
1407 2257 1439 2284 de
1451 2260 1481 2284 R.
1496 2260 1527 2284 R.
1541 2267 1567 2290 2,
1584 2268 1600 2290 9
1618 2259 1733 2291 Qiidam
1747 2258 1857 2285 nucibus
1865 2260 1970 2285 Graecis
1984 2260 2011 2285 in
2024 2269 2091 2293 aqua
2104 2263 2172 2287 tritis
2185 2266 2332 2297 perungunt
2344 2267 2386 2285 au.

254 2304 300 2332 hoc
312 2305 407 2328 nomine
427 2300 451 2326 V
449 2308 561 2325 arronem
580 2295 688 2330 volurſje.
1045 2329 1050 2333 .
1066 2329 1070 2333 .

290 2345 310 2366 R
318 2345 338 2364 H
349 2344 366 2362 Y
376 2342 390 2361 Ρ
400 2343 421 2362 Λ
430 2342 449 2361 R
460 2340 479 2361 ο
489 2339 509 2360 G
520 2340 539 2360 R
548 2332 589 2359 xp
600 2338 619 2357 H
628 2339 649 2357 v
659 2339 681 2362 s,
694 2331 713 2357 i.
733 2339 769 2356 m.
805 2326 967 2356 Sordidarum
982 2326 1155 2360 humanumque
1168 2334 1251 2352 rerum
1259 2328 1300 2360 pi.

256 2373 321 2401 flor.
358 2372 425 2398 Plin.
443 2378 480 2402 35,
494 2378 522 2395 10
550 2367 663 2394 Pitcicus
676 2371 731 2392 arte
745 2364 832 2399 paucis
846 2361 1026 2398 postferendus
1036 2381 1045 2393 ,
1069 2361 1203 2400 proposito
1214 2361 1302 2386 nescio

257 2419 289 2437 an
304 2406 460 2435 destruxerit
474 2405 515 2437 se,
535 2403 661 2438 quoniam
676 2400 788 2427 humilia
802 2399 911 2432 quidem
924 2399 1023 2423 secutus
1038 2397 1196 2423 humilitatis
1214 2402 1301 2421 tamen

255 2447 384 2473 summam
405 2441 513 2475 adeptus
534 2439 570 2466 est
597 2437 719 2473 gloriam.
956 2467 961 2471 .

257 2481 364 2511 asellos,
385 2485 410 2504 et
424 2476 550 2511 opsonia,
569 2483 597 2501 ac
611 2472 716 2506 similia,
731 2470 766 2498 ob
777 2469 827 2510 hoc
840 2472 1040 2507 cognominatus
1051 2467 1301 2506 Rhyparographus,

256 2518 287 2543 in
301 2517 334 2543 iis
348 2514 540 2541 consummatae
553 2510 713 2544 voluptatis:
748 2514 845 2542 quippe
861 2513 907 2531 eae
920 2503 1003 2538 pluris
1016 2510 1140 2529 vaemere
1154 2510 1233 2536 quam
1247 2510 1299 2528 nia-

257 2553 344 2580 xiniae
361 2549 515 2576 multorum.
1265 2573 1268 2577 .

298 2593 316 2613 R
330 2593 351 2612 H
363 2594 380 2612 v
391 2593 405 2612 ι)
415 2586 433 2610 ὁ
445 2591 463 2610 D
473 2591 489 2610 E
498 2591 520 2614 s,
535 2582 565 2609 is.
586 2591 621 2608 in.
659 2578 831 2614 Emplastrum
848 2576 881 2604 ad
893 2574 1082 2602 extrahendum
1102 2574 1170 2601 Cels.
1184 2580 1207 2606 ς,
1221 2580 1265 2605 19,
1277 2579 1302 2605 ις

257 2632 273 2650 a
286 2620 458 2650 similitudine
471 2617 589 2646 sordium
600 2616 756 2653 appellatum.
826 2612 896 2640 ΑΜ.
908 2622 930 2646 5,
945 2615 986 2643 26,
999 2620 1036 2642 23.
1116 2648 1120 2651 ι

294 2666 342 2685 RH
353 2665 369 2683 Υ
380 2664 393 2682 1)
404 2663 424 2682 Τ
434 2658 453 2682 ν’*
463 2663 475 2682 s
488 2662 526 2687 A,
546 2662 584 2680 ae.
622 2653 642 2679 f.
679 2651 827 2687 [glum-sau]
862 2647 940 2675 Celso
963 2657 986 2679 5,
1004 2648 1046 2676 26,
1062 2654 1088 2677 23
1110 2655 1136 2671 m
1151 2646 1201 2671 Ioco
1215 2645 1302 2679 empla-

250 2693 304 2730 stri
323 2692 432 2719 laudata.
561 2724 567 2729 ·

297 2732 545 2757 RHYTHIWVS,
560 2733 578 2751 Ι.

621 2732 656 2749 m.
691 2720 820 2757 [ῥυὲμδς]
856 2720 944 2745 Latine
960 2720 1083 2744 Numerus
1095 2716 1198 2743 dicitur.
1236 2714 1304 2741 Gell.

258 2768 296 2796 16,
310 2770 334 2795 18
352 2763 471 2797 Longior
485 2761 605 2788 mensura
619 2758 694 2785 vocis
705 2756 801 2793 ρυθμδς
814 2755 913 2782 dicitur
923 2776 931 2788 ,
953 2754 1033 2780 aliioi·
1045 2755 1129 2785 μέλος.

1174 2753 1303 2777 Nimirum

258 2800 397 2833 rhythmus
411 2797 444 2831 ‹st
457 2797 516 2824 ordo
530 2795 670 2832 quidam‚et
681 2795 815 2820 alternatio
822 2792 939 2827 sonorum
952 2790 1061 2815 breuium
1074 2795 1097 2814 et
1111 2789 1255 2823 longorum;
1273 2785 1299 2820 fi
1313 2794 1346 2824 75

258 2837 332 2863 iidem
358 2836 400 2861 oni
413 2843 477 2859 num·
489 2835 591 2859 altiores
605 2839 669 2856 nunc
682 2828 837 2864 [leprqffiores
849 2826 1015 2859 finnom'etur
1028 2831 1125 2863 cantus.
1162 2823 1301 2856 Rhythmus

256 2872 325 2909 solus
337 2870 370 2904 est
384 2873 411 2896 in
421 2869 529 2904 pulsibus
543 2870 616 2893 unius
629 2866 722 2895 mallei,
741 2864 782 2889 vel
795 2863 945 2900 aequalium,
957 2860 1142 2899 ivi-percuffione
1152 2859 1241 2898 pedum
1248 2867 1302 2897 cum

252 2908 367 2946 saltatur
380 2912 424 2931 etc.
531 2901 663 2935 Qiineiil.
678 2909 702 2933 9,
717 2909 740 2931 4,
752 2901 787 2931 46
819 2896 963 2929 Rhythmi,
983 2896 1010 2921 id
1030 2895 1081 2926 est,
1101 2902 1207 2920 numeri
1219 2895 1303 2928 spatio

260 2950 412 2977 temporum
426 2939 559 2969 constant,
581 2944 664 2962 metra
677 2935 756 2960 etiam
770 2933 873 2959 ordine.
918 2932 944 2958 Si
958 2931 987 2956 de
999 2930 1125 2962 rhythmo
1139 2931 1189 2964 soso
1202 2938 1302 2964 quaera-

259 2986 318 3010 tur,
336 2975 476 3011 Das-sylus,
495 2981 518 2999 et
529 2970 682 3007 Anizpaeflus
689 2971 751 3006 siant
764 2968 937 3001 indifferentes
950 2987 958 2999 ,
979 2970 1026 2992 non
1038 2969 1096 2991 item
1109 2975 1163 2992 cum
1177 2965 1205 2991 de
1218 2972 1303 2990 metro.
1315 2981 1348 3007 80

260 3015 367 3041 Metron
389 3012 417 3038 in
431 3010 518 3041 verbis
532 3008 622 3039 niodo,
643 3006 782 3038 rhythmus
795 3005 876 3030 etiam
890 3003 917 3029 in
933 3002 1053 3042 corporis
1068 3008 1142 3027 niotu
1161 3000 1205 3040 est.
1242 3001 1304 3026 Sunt

254 3051 333 3086 plura
347 3048 380 3074 ad
400 3049 417 3074 I.
432 3056 453 3073 C.
491 3045 561 3072 Faba·
573 3053 588 3070 a
600 3043 670 3069 nobis
685 3043 725 3068 vel
736 3040 863 3076 disputata
879 3040 919 3064 vel
931 3038 1064 3079 unici-ita.¹
1147 3037 1307 3078 Vitruu..1,1

261 3085 303 3112 Est
334 3081 505 3111 ratiocinatio
539 3078 649 3106 medicis
670 3077 702 3103 de
727 3084 855 3103 venarum
880 3073 1016 3106 rhythmo.
1054 3082 1072 3099 ι.
1094 3074 1132 3099 De
1144 3078 1306 3108 proportione

260 3119 477 3182 lntlirgdssoslftZ-Bq
489 3150 500 3176 '1¹
514 3156 530 3175 C
539 3157 559 3175 V
569 3156 592 3181 s,
607 3148 624 3175 i.
644 3157 679 3174 in.
717 3144 870 3181 [ῥυθμικὴ]
906 3146 957 3180 Qi
970 3153 1082 3170 numeros
1095 3147 1122 3169 in
1135 3150 1209 3170 cantu
1223 3143 1264 3169 vel
1279 3145 1305 3168 in

279 3192 399 3217 rolatione
413 3194 455 3214 aut
463 3186 525 3222 sono
539 3185 659 3220 obstruat.
715 3184 770 3221 Cic.
784 3180 815 3206 de
829 3182 904 3207 Orat.
920 3190 939 3211 3,
955 3189 1000 3212 190
1014 3189 1034 3205 c.
1046 3188 1082 3211 49
1107 3180 1207 3218 Neque·
1217 3185 1305 3204 tamen

257 3198 314 3253 *boc
336 3225 401 3251 tanti
423 3221 521 3249 laboris
538 3220 588 3251 est,
608 3218 699 3253 quanti
713 3217 818 3243 Videtur
836 3228 840 3241 :
876 3225 923 3242 nec
943 3216 999 3242 sunt
1013 3215 1075 3241 haec
1090 3215 1304 3246 rhythmicorum

265 3271 292 3288 ac
304 3261 462 3287 musicorum
479 3256 607 3283 acerrima
620 3262 713 3280 norma
733 3251 879 3286 dirigenda.

299 3304 344 3322 Ru
358 3303 375 3322 Υ
387 3302 408 3321 Τ
419 3302 438 3321 H
448 3292 515 3320 mic
525 3298 543 3317 v
554 3299 577 3322 s,
591 3298 675 3321 a‚um.
718 3288 778 3314 Adi.
822 3288 854 3313 Vt
864 3307 871 3319 ‚
891 3285 1049 3318 Rhythmica
1063 3285 1172 3311 musicae
1186 3293 1242 3319 pars
1263 3283 1305 3310 Ifi-

264 3331 323 3357 dor.
336 3332 410 3364 Orig.
424 3339 449 3362 2,
464 3331 492 3355 16
505 3334 527 3354 et
541 3335 579 3353 21.

301 3373 347 3392 RH
357 3373 373 3390 Υ
385 3372 405 3391 Τ
416 3373 435 3391 H
447 3372 466 3389 51
480 3372 486 3389 i
499 3369 516 3390 C
529 3369 556 3395 13,
569 3370 604 3387 es.
624 3360 644 3386 f.
656 3357 812 3400 ἱ[ῥιιὲὶμιιυιὴ]
832 3358 910 3385 Mart.
927 3356 1027 3391 Capell.
1043 3365 1059 3388 9
1073 3365 1098 3390 p.
1112 3365 1159 3390 327
1168 3355 1307 3388 Rhythmi-

265 3410 294 3427 ee
307 3401 341 3427 est
357 3408 396 3426 ars
411 3401 495 3425 omnis
508 3399 536 3425 in
559 3404 685 3423 numeris.

301 3442 320 3462 R
331 3442 349 3461 H
360 3441 405 3462 ΥΤ
417 3441 435 3460 H
447 3442 469 3460 ii
479 3443 487 3460 1
497 3443 512 3460 z
521 3442 539 3460 o
551 3440 573 3459 M
584 3440 599 3459 Ε
610 3438 632 3458 Ν
645 3437 665 3458 o
675 3438 707 3462 N,
722 3429 741 3456 i.
776 3437 803 3456 n.
837 3427 949 3455 Materia
961 3435 1135 3453 numerorum
1155 3427 1234 3453 Mart.
1243 3427 1306 3461 Cap.

265 3480 283 3504 9
297 3481 322 3506 p.
337 3473 388 3502 336.

302 3513 348 3533 Ru
359 3513 374 3530 γ
385 3512 407 3531 Τ
415 3511 434 3530 H
446 3510 487 3529 Ml
498 3511 588 3531 ΖΛτι
598 3510 633 3535 0,
659 3502 725 3528 onis.
764 3500 784 3526 f.
822 3499 881 3525 Vct.
895 3499 1006 3533 interpr.
1020 3497 1122 3523 Irenaei
1137 3506 1160 3530 ι,
1174 3506 1208 3523 20
1239 3498 1339 3539 Apta93

267 3541 622 3605 rhlgliinilhgtlssiuolnnffi
655 3573 687 3599 is.
725 3566 902 3606 [ῥυθμοαδὴς]
938 3571 957 3595 ι’.
977 3568 1074 3595 Similis
1092 3570 1201 3594 numeris
1227 3569 1307 3596 Mart.

268 3614 330 3647 Cap.
344 3620 361 3643 9
375 3621 399 3645 p.
414 3618 460 3643 327
474 3615 496 3634 et
510 3613 558 3639 328-

306 3654 324 3673 R
336 3654 355 3673 H
366 3653 383 3672 ἰ’
394 3653 415 3672 ‘r
425 3651 444 3670 H
454 3651 477 3670 M
489 3651 508 3670 o
519 3650 560 3670 1²0
569 3648 584 3668 E
594 3651 602 3668 i
613 3650 645 3674 Α,
660 3652 697 3670 ae.
718 3642 738 3669 s.
775 3640 961 3676 [ρυθμοποιία]
997 3638 1070 3665 Idem
1083 3638 1099 3663 l.
1111 3647 1133 3664 c.

1335 2628 1352 2646 0
1396 2613 1595 2641 RiCTinre.

650 3325 771 3358 Tempus
784 3321 963 3355 rhythmicum
982 3320 1165 3354 Marncapell.
1176 3329 1190 3352 9
1200 3328 1293 3360 p.3z7..
1311 3338 1328 3363 9

1361 2303 1402 2320 res
1412 2314 1420 2325 ,
1440 2294 1510 2327 quod
1524 2294 1626 2319 muscae
1635 2312 1642 2323 ,
1659 2300 1684 2318 et
1696 2294 1775 2319 ricini
1787 2300 1813 2319 et
1824 2295 1920 2326 pulices
1938 2295 2035 2321 soleant
2055 2295 2089 2326 (fi
2105 2295 2155 2321 hoc
2168 2299 2285 2329 vnguine
2296 2304 2348 2323 non
2361 2293 2390 2321 fis

1361 2329 1436 2359 vsus)
1459 2338 1500 2355 cas
1533 2329 1693 2355 exulcerare.
1798 2327 1865 2353 Plin.
1879 2337 1918 2354 22.
1934 2335 1958 2358 18
1988 2332 2018 2355 Et
2044 2331 2142 2357 ricinos
2167 2340 2259 2358 canum
2292 2335 2392 2357 necant.

1360 2363 1491 2389 Coluinel.
1506 2366 1532 2395 6,
1548 2373 1569 2389 2.
1641 2363 1715 2399 Cous.
1733 2365 1843 2397 Interpp.
1856 2363 2004 2389 Nemesian.
2018 2365 2114 2399 Cyneg.
2133 2375 2159 2392 v.
2179 2375 2235 2399 209.
2349 2365 2391 2391 Ri·

1359 2398 1413 2424 cini
1426 2407 1517 2434 quoque
1531 2399 1622 2424 ouium
1632 2399 1694 2432 sunt
1714 2399 1781 2424 Cato
1794 2398 1826 2423 de
1841 2398 1871 2423 R.
1885 2400 1915 2424 R.
1931 2408 1952 2424 c.
1965 2401 2029 2430 96et
2037 2407 2084 2430 103.
2275 2399 2297 2436 q
2318 2409 2331 2426 2
2349 2400 2391 2426 Ri-

790 2433 951 2460 'I'onstrinas
970 2433 1132 2465 sutrinasque
1153 2431 1256 2465 pinxit,
1275 2437 1301 2458 et
1318 2444 1348 2476 ⁶5
1359 2435 1448 2465 cinus,
1484 2435 1566 2467 [κίκι]
1606 2434 1697 2459 Frutex
1709 2442 1790 2468 grana
1799 2433 1890 2467 serens
1904 2434 1994 2459 ricinis
2007 2432 2268 2467 animalibusfimilia,
2285 2434 2392 2460 undeno-

1556 2470 1665 2495 ls'ocatur
1684 2474 1707 2494 et
1729 2469 1831 2494 Croton
1851 2469 1941 2494 Graeco
1959 2477 2041 2503 nempe
2060 2478 2169 2499 nomme,
2189 2476 2212 2494 ct
2232 2468 2333 2501 CICI,
2355 2469 2392 2496 vbi

1610 2501 1630 2539 ff
1667 2512 1679 2535 3
1716 2503 1780 2529 Plin.
1797 2511 1837 2535 23,
1851 2511 1868 2537 7
1906 2505 1977 2529 Mori
1991 2505 2181 2537 germinatione
2195 2504 2266 2538 prius
2281 2512 2356 2537 quam
2366 2505 2390 2532 in

1364 2540 1432 2566 folia
1454 2544 1561 2569 exeant,
1579 2538 1679 2565 sinistra
1700 2538 1805 2572 decerpi
1827 2539 1952 2565 iubentur
1973 2539 2060 2566 sutura
2082 2549 2174 2574 poma,
2193 2540 2291 2566 ricinos
2305 2540 2395 2569 Graeci.

1360 2580 1465 2602 vocant.
1502 2574 1540 2600 Hi
1554 2580 1650 2600 terram
1666 2574 1683 2599 si
1698 2583 1751 2599 non
1762 2575 1885 2607 attigere,
1899 2575 2050 2610 sanguinem
2063 2575 2151 2602 sistunt
2162 2574 2307 2610 adalligati.

1632 2609 1684 2635 vni.
1702 2613 1729 2634 in
1751 2616 1817 2635 RiN
1830 2615 1851 2635 G
1863 2615 1893 2636 o.
2329 2618 2351 2635 >.

1396 2651 1566 2676 R1CTvs,
1593 2644 1808 2671 viclRiNGo.
2337 2651 2362 2674 2„-

1396 2687 1414 2707 R
1425 2688 1434 2706 1
1445 2686 1462 2706 c
1475 2687 1493 2706 ο
1505 2686 1526 2705 Τ
1539 2687 1546 2704 1
1558 2686 1589 2712 Α,
1605 2688 1642 2705 ae.
1663 2680 1681 2705 f.
1717 2679 1906 2707 Medicamenti
1919 2689 2001 2715 genus
2030 2681 2126 2709 Otflau.
2142 2681 2209 2709 Hor.
2223 2689 2242 2712 1,
2254 2689 2277 2713 3.
2344 2674 2364 2702 ’Ν

1399 2715 1775 2756 1³¹1CVLA‚‘vid.R1cA.
2207 2723 2215 2728 ·

1358 2479 1411 2495 men
1424 2476 1515 2495 traxit.

1359 2505 1414 2531 vid.

1750 2778 1777 2809 R
1882 2778 1895 2808 I
2008 2779 2038 2810 D

1401 2830 1421 2850 R
1434 2831 1443 2849 1
1454 2830 1533 2854 DEO,
1548 2823 1576 2856 si,
1590 2823 1661 2855 suni,
1682 2827 1735 2850 ere.
1771 2822 1882 2857 [γελοῖω,
1895 2822 2012 2858 unitim]
2047 2826 2178 2860 Propriam
2197 2824 2265 2850 illam
2281 2822 2396 2850 hominium

1364 2859 1521 2893 affec'lionem
1533 2867 1617 2892 notat,
1642 2869 1701 2894 quac
1715 2863 1741 2885 in
1756 2869 1783 2885 re
1796 2860 1902 2885 iucunda
1917 2870 1953 2887 ω’.
1965 2870 2057 2896 genus,
2076 2861 2171 2892 oculor,
2185 2868 2208 2886 et
2219 2869 2271 2885 cum
2283 2859 2389 2886 vehemen-

1364 2899 1415 2921 tior
1428 2894 1600 2930 qst,fulmoties
1614 2904 1635 2921 tt
1648 2898 1767 2921 arteriam
1779 2901 1865 2923 mouet.
1936 2895 2003 2921 Gell.
2017 2905 2036 2927 1,
2051 2905 2076 2928 19
2101 2896 2168 2927 Rex,
2185 2895 2255 2929 quali
2269 2903 2330 2921 anus
2346 2893 2389 2926 (Si-

1362 2930 1450 2962 bylla)
1469 2937 1550 2964 aetate
1569 2930 1696 2965 desiperet
1712 2930 1803 2956 derisit
1840 2945 1885 2950 ——
1921 2931 1970 2957 Sed
1988 2932 2058 2957 enim
2082 2931 2250 2966 Tarquinius
2272 2930 2298 2956 id
2318 2928 2389 2956 multo

1362 2966 1418 2993 risit
1449 2967 1540 3000 magis.
1648 2967 1704 2992 Cic.
1731 2967 1808 2992 Verr.
1836 2975 1863 2998 5,
1890 2968 1923 2992 62
1962 2966 2060 2993 Ridere
2078 2967 2223 2999 conuiuae,
2243 2964 2389 2992 cachinnari.

1366 3003 1439 3028 Fletu
1453 3002 1531 3028 misto
1545 3000 1601 3027 risit
1633 3002 1694 3028 Stat.
1720 3001 1811 3028 Theb.
1840 3010 1868 3034 9,
1882 3007 1939 3031 820-
2043 3004 2098 3029 Orc
2116 3002 2204 3028 ridere
2221 3002 2300 3028 catuli
2319 3000 2403 3035 Galli-3⁴

1365 3038 1440 3070 cani,
1455 3037 1520 3073 apud
1531 3037 1626 3063 Catull.
1638 3046 1681 3070 42,
1696 3046 1724 3063 ιο
1747 3037 1861 3063 Turnebo
1874 3040 2015 3072 interprete.
2050 3037 2145 3064 Catull.
2160 3040 2257 3070 60,219
2277 3037 2392 3070 Torqua-

1365 3081 1406 3099 tus
1419 3074 1481 3099 volo
1494 3073 1618 3107 paruolus
1630 3093 1638 3104 ,
1674 3073 1767 3099 Matris
1779 3082 1794 3099 e
1807 3073 1910 3106 gremio
1924 3073 1998 3105 suae,
2033 3074 2172 3108 Porrigeus
2190 3080 2291 3100 teneras
2304 3080 2397 3102 manum

1365 3109 1448 3136 Dulce
1479 3108 1563 3135 rideat
1599 3108 1630 3134 ad
1657 3115 1757 3142 patrem
1799 3108 1962 3135 Semihiante
1995 3109 2101 3135 labello.
2217 3111 2255 3135 De
2275 3108 2354 3134 eadem
2369 3115 2391 3135 re

1321 3159 1350 3187 83
1366 3145 1441 3178 Vin-g.
1455 3143 1505 3171 Ecl.
1521 3153 1548 3176 4,
1567 3146 1598 3173 68
1628 3144 1683 3176 Qui
1710 3153 1765 3170 nou
1787 3145 1870 3171 risere
1891 3150 2023 3177 parentes,
2041 3155 2059 3170 1
2068 3145 2240 3184 adparenter,
2263 3144 2319 3170 Nec
2333 3144 2396 3170 Deua

1365 3180 1436 3206 liunc
1449 3180 1629 3215 (quemcunque
1642 3180 1748 3212 horum)
1768 3181 1854 3206 mensa
1864 3199 1872 3211 ,
1893 3180 1939 3205 dea
1952 3189 1999 3206 nec
2021 3180 2126 3214 dignata
2145 3179 2228 3205 cubili
2247 3179 2291 3205 est.
2354 3175 2395 3211 ‚affl

1364 3218 1473 3250 turpiter
1486 3222 1509 3240 et
1519 3216 1568 3240 late
1581 3218 1648 3240 inter
1665 3215 1798 3241 ridendum
1811 3225 1837 3241 os
1849 3215 1970 3244 deducere,
1988 3222 2016 3241 vt
2025 3217 2127 3250 patulus
2140 3222 2194 3241 erat
2204 3218 2255 3241 oris
2268 3212 2349 3240 riflut
2359 3222 2395 3240 cau·

1365 3251 1437 3277 nibu5
1453 3250 1554 3277 Gallicis
1566 3253 1698 3276 venaticis.
1793 3251 1829 3276 M.
1844 3251 1942 3276 Crasl'us
1957 3252 2035 3277 semel
2050 3252 2079 3278 in
2091 3251 2145 3277 vita
2159 3250 2228 3282 risit,
2246 3259 2277 3275 ex
2290 3258 2343 3284 quo
2353 3256 2395 3276 vti-l

1365 3292 1435 3313 catus
1454 3285 1573 3318 ιῖγὲλαςος
1600 3286 1654 3312 Cic.
1671 3286 1703 3312 de
1724 3285 1812 3312 Finib.
1826 3294 1849 3318 ς,
1863 3294 1896 3317 92
1911 3296 1931 3311 c.
1946 3294 1985 3317 30.
2090 3286 2145 3313 Cic.
2160 3286 2211 3312 Att.
2226 3294 2263 3317 14,
2277 3294 2307 3318 14
2341 3286 2395 3314 Iota!

1365 3328 1411 3348 tua
1426 3321 1500 3356 plena
1513 3321 1683 3353 facetiarum,
1705 3321 1737 3347 de
1754 3321 1850 3347 haeresi
1871 3322 2024 3352 Vestorina,
2046 3327 2072 3348 et
2091 3321 2122 3347 de
2141 3320 2308 3347 Phetriorum
2327 3319 2401 3355 morel¹

1365 3357 1519 3388 Puteolano,
1539 3356 1617 3382 risisse
1630 3366 1672 3383 nie
1686 3356 1763 3389 satis,
1783 3356 1852 3382 nihil
1867 3356 1902 3382 est
1917 3359 2014 3383 neccsse
2028 3357 2149 3384 scribere.
2226 3356 2389 3383 Plaut.Truc.

1366 3403 1388 3425 5,
1400 3398 1414 3423 8
1435 3393 1460 3418 Si
1474 3392 1541 3418 mihi
1556 3392 1641 3422 rides,
1662 3395 1680 3418 i.
1692 3392 1800 3420 arrides.
1883 3391 1946 3418 Non
1961 3399 2024 3427 puto
2039 3393 2100 3424 esse,
2126 3390 2173 3426 qui
2185 3391 2347 3426 temporibus
2357 3360 2395 3428 lud

1365 3428 1453 3455 ridere
1467 3427 1540 3463 poffit
1557 3428 1613 3454 Cic.
1627 3428 1697 3454 Fam.
1713 3436 1739 3459 2,
1752 3437 1778 3460 4.
1799 3430 1817 3452 i.
1830 3429 1917 3454 iocari.
2025 3427 2111 3455 Alicui
2125 3426 2212 3453 ridere
2245 3428 2320 3460 Virg.
2333 3427 2394 3454 Aen-1

1366 3472 1388 3496 ς,
1404 3469 1454 3496 358.
1560 3463 1661 3494 Rideo,
1674 3463 1762 3497 inquit
1777 3461 1869 3492 Galba,
1883 3463 2056 3496 prouerbium
2070 3463 2123 3494 est,
2140 3461 2211 3496 quod
2230 3463 2333 3488 Sinnius
2351 3459 2394 3490 Cal

1366 3500 1424 3534 pito
1438 3499 1625 3533 interpretatur
1638 3499 1667 3524 in
1680 3498 1713 3524 iis
1722 3518 1729 3530 ‚
1749 3499 1796 3532 qui
1809 3498 1941 3533 principio
1954 3499 1992 3525 rei
2005 3498 2114 3525 alicuius
2129 3496 2263 3523 inchoatae
2277 3495 2394 3528 deficiunt*

1367 3536 1469 3562 animo.
1540 3534 1670 3568 Sulpicius
1696 3533 1794 3565 Galba,
1815 3543 1897 3568 quum
1922 3535 1950 3560 in
1969 3533 2133 3568 prouinciam
2151 3533 2241 3559 exiens
2257 3533 2286 3559 ad
2299 3537 2397 3568 portatus

1368 3569 1616 3605 ipsam'Canterium
1629 3570 1704 3595 suum
1716 3569 1937 3596 animaduertisset
1955 3568 2086 3599 cecidisse,
2104 3567 2195 3599 rideo,
2214 3568 2316 3602 inquit,
2335 3569 2393 3595 Cani

1367 3607 1418 3633 teri
1432 3611 1457 3631 te
1471 3605 1524 3632 iani
1537 3605 1625 3631 lassum
1639 3605 1703 3637 esse,
1723 3613 1805 3638 quum
1821 3611 1874 3631 tam
1889 3605 1995 3639 longum
2010 3605 2060 3630 iter
2075 3604 2175 3635 iturus,
2193 3604 2239 3630 vix
2255 3604 2284 3630 sis
2304 3600 2392 3638 ingles*

1367 3643 1415 3668 sus.
1436 3642 1533 3668 Festus.
1636 3639 1735 3666 Ridere
1747 3640 1861 3675 aliquem
1871 3661 1879 3673 ‚
1893 3647 1941 3675 pro
1952 3640 2070 3666 Der-idere
2091 3639 2158 3665 Ter.
2174 3639 2320 3673 Adelph.4,
2327 3640 2391 3677 2‚'1p·=

305 3688 324 3708 R
336 3689 355 3708 H
365 3689 382 3708 γ
391 3687 412 3707 Τ
423 3687 431 3706 1
442 3686 462 3704 V
472 3686 508 3711 M,
522 3679 539 3705 i.
560 3687 587 3704 n.
624 3680 704 3704 Genus
717 3676 782 3709 vafis
793 3685 870 3703 cornu
877 3674 958 3708 fimile
971 3674 1201 3710 apudAthenaeum.
1236 3675 1360 3713 Mai->¹00
1369 3678 1408 3703 Sic
1420 3677 1476 3702 Cic.
1491 3676 1522 3701 de
1536 3675 1627 3709 Arusp.
1641 3676 1716 3709 Resp.
1732 3681 1745 3705 8
1759 3685 1779 3701 c.
1796 3687 1813 3709 4
1849 3677 1939 3710 Qiuni
1951 3674 2061 3702 riseritis
2074 3675 2266 3708 impudentiam
2279 3674 2391 3703 hominu,

268 3717 326 3744 tial.
342 3725 366 3748 2,
381 3724 406 3748 35
425 3716 514 3747 Qium
528 3713 576 3739 sint
589 3721 663 3739 crura
676 3712 865 3745 tibi,simulent
880 3719 947 3744 quae
962 3718 1061 3737 cornua
1074 3709 1166 3741 lunae,
1202 3710 1233 3736 In
1247 3710 1306 3744 rhy.

269 3753 309 3780 tio
324 3758 426 3786 poteras
440 3749 544 3777 Phoebe
558 3748 646 3775 lauare
661 3748 745 3782 pedes.
779 3748 812 3774 al.
827 3745 965 3773 Inibi-icio.
979 3754 1004 3772 υ.
1017 3754 1042 3772 υ.
1051 3744 1099 3781 sub
1113 3752 1240 3773 lMBREx.

644 3809 671 3840 R
788 3809 799 3838 1
910 3808 937 3838 C

303 3865 341 3886 ni
350 3864 366 3884 c
376 3865 407 3889 A,
421 3866 459 3883 ae.
482 3857 501 3883 f.
537 3855 702 3890 Qiadratum
714 3853 900 3880 vestimentum
915 3852 1087 3884 fimbriatum,
1096 3859 1121 3880 et
1134 3861 1350 3897 purpureun1,¹05
1361 3853 1427 3882 Fast.
1441 3862 1466 3885 2,
1478 3854 1530 3886 356.

1366 3718 1423 3739 tum
1435 3720 1450 3737 a
1464 3720 1506 3738 me
1520 3710 1552 3737 de
1567 3716 1622 3736 tota
1635 3711 1764 3737 concione
1777 3710 1897 3738 audietis.
1990 3710 2038 3736 Ille
2050 3709 2139 3735 dolum
2153 3710 2242 3736 ridens
2262 3709 2333 3745 Virg'.
2346 3706 2389 3735 Ecl·

1365 3749 1392 3779 6,
1407 3755 1445 3778 23.
1540 3746 1610 3771 Cum
1623 3745 1774 3773 orationem
1795 3747 1823 3773 in
1837 3748 1924 3773 senatu
1937 3745 2060 3778 agrestius
2076 3746 2250 3779 pronuncians
2264 3746 2327 3773 risus
2339 3743 2391 3771 esset·

1364 3782 1492 3816 Spu-tim
1505 3781 1534 3807 in
1546 3780 1628 3809 Hadr.
1642 3790 1663 3806 c.
1678 3790 1699 3813 3.
1798 3783 1866 3808 Bene
1877 3782 1943 3808 risus
1957 3780 1993 3806 est
2006 3781 2034 3807 in
2048 3781 2163 3815 imperio
2180 3782 2227 3807 suo
2241 3783 2321 3808 Carus
2344 3779 2388 3805 Vo-

1363 3818 1425 3853 pise.
1440 3817 1469 3843 in
1483 3816 1583 3843 Carino
1595 3825 1616 3844 c.
1631 3825 1671 3842 20.
1779 3819 1929 3844 Amatorem
1942 3815 2010 3842 ridet
2024 3817 2094 3848 Lyda
2109 3816 2194 3851 puella
2210 3818 2285 3844 suum
2318 3811 2386 3842 Ouid·

1635 3852 1705 3878 Deos
1719 3853 1807 3880 ridere
1818 3851 1901 3880 inulte
1918 3851 1998 3878 Ouid.
2010 3853 2101 3879 Amor.
2113 3860 2138 3885 2,
2150 3860 2173 3885 3,
2187 3860 2229 3879 zo.
2298 3850 2388 3908 Nlu‘ss

2349 3891 2387 3911 rii
