2434 4156
319 146 387 195 619
684 142 958 184 svss
1796 131 2407 198 sve-..0

357 238 370 259 s
381 239 400 258 ν
408 238 424 259 Β
432 236 508 273 TizN
519 237 541 259 T
551 238 580 266 0,
589 235 640 260 are.
650 233 846 267 [ὖποηηρᾱομω]
856 231 920 270 Idem
928 229 994 264 quod
998 228 1125 256 Tentare.
1132 224 1323 256 PlautTrum,
1331 233 1356 258 2,
1417 223 1480 265 quid
1493 223 1540 266 eii,
1550 223 1602 251 hoc
1616 226 1685 250 certe
1697 221 1785 249 minus
1805 221 1959 249 admirabile
1976 224 2106 258 talparum
2127 223 2191 251 facit
2211 222 2267 250 vita
2285 222 2368 253 subter
2375 225 2408 270 liei

321 277 346 298 51
362 268 498 294 Adur-nisti
514 268 563 295 hnc
578 270 750 295 subtentatum
766 274 898 294 exornans
911 264 1013 291 ombus.
1050 264 1092 290 AI.
1102 262 1159 288 Nos
1174 267 1309 287 tentatum.
1417 260 1545 286 animalis.
1640 259 1711 285 Idem
1725 262 1762 290 36,
1777 266 1798 289 13
1817 257 1989 285 Subterranea
2001 259 2102 285 domus.
2208 259 2377 288 Subterranea
2407 274 2434 292 τι,

359 309 371 329 S
386 310 404 329 V
415 308 459 330 BT
471 310 485 329 E
497 310 517 329 N
528 311 548 330 V
559 312 566 330 1
578 311 602 337 s,
621 314 644 331 e.
684 305 744 331 Adi.
780 301 952 335 [ὖηόλεπτος]
987 301 1151 333 Aliquantum
1164 303 1239 323 tenue.
1275 297 1355 322 Varr.
1416 291 1495 322 m'alia
1509 299 1581 322 etiam
1595 294 1654 320 Pall.
1666 295 1734 328 Sept.
1749 303 1769 324 3,
1787 301 1810 319 2.
1925 293 2008 320 restes
2020 293 2217 326 subterraneae,
2235 294 2286 319 vid.
2301 300 2383 327 svnsg
2430 318 2434 327 ,

320 338 352 364 de
367 339 397 364 R.
413 339 442 365 P..
456 347 479 369 2,
493 347 519 374 7,
535 349 545 371 ς
578 341 642 367 Νοη
661 339 764 368 angusta
779 337 856 367 iuba,
875 335 982 365 crebra,
1002 334 1071 359 fusca
1081 352 1089 363 ,
1108 331 1252 366 subcrispa,
1267 332 1353 358 subte-
1418 330 1505 365 Regna
1517 330 1681 357 subterranea
1707 331 1797 355 quen.
1813 328 1863 354 Sat.
1878 335 1899 359 2,
1912 336 1965 360 ¹49·
2081 329 2175 362 Specus
2195 328 2368 357 subterraneos
2379 347 2397 356 ·.
2411 341 2434 361 η,

317 375 414 400 nuibus
427 375 486 401 setis
499 375 630 410 implicata
645 375 672 401 in
686 373 862 400 dexteriorem
877 376 975 404 partem
989 368 1107 395 ceruicis.
1377 375 1391 401 ς
1417 365 1472 391 rire
1492 366 1560 392 Tac.
1574 366 1662 392 Germ.
1678 368 1714 399 16,
1727 372 1747 396 ς.
1854 363 1944 389 Venae
1958 362 2138 390 subterraneae
2160 363 2224 389 Plin.
2238 373 2263 397 9,
2271 371 2304 397 ις.
2403 362 2434 395 ⁷„

354 416 366 436 s
376 416 421 437 VB
431 416 477 437 TE
487 417 514 438 R.
550 410 630 445 [dn-ol,
646 409 773 441 ὑποκάτω]
811 405 958 440 Praepositio
971 407 1070 438 utrique
1083 402 1150 438 casui
1157 402 1287 438 seruiens,
1305 402 1354 428 Ac·
1417 400 1472 427 Cic.
1486 401 1539 427 Att.
1557 408 1588 433 ις,
1602 409 1641 433 25.
1718 400 1774 426 Seii.
1789 399 1841 431 Qi.
1856 398 1918 424 Nat.
1932 400 1999 431 3,16.
2071 398 2165 425 Pallad.
2179 399 2246 433 Sept.
2259 404 2276 424 t.
2292 407 2313 431 3.
2397 398 2434 441 Ν

315 445 425 480 cusatiuo
438 453 460 472 et
474 447 599 473 Ablaeiuo.
636 446 773 471 Retanuum
787 442 857 467 habet
875 441 964 475 Super.
1000 437 1174 472 Accusatiuum
1186 437 1257 464 habet
1280 441 1354 462 etiam
1455 441 1468 460 8
1479 442 1500 462 v
1509 442 1524 461 B
1533 443 1554 462 T
1564 442 1580 462 E
1590 443 1608 462 R
1619 443 1636 462 R
1645 442 1661 462 E
1670 442 1691 460 N
1701 442 1722 461 ν
1732 441 1752 465 S,
1767 442 1791 466 a,
1801 443 1854 460 um.
1875 433 1935 460 Adi.
1972 433 2014 459 Sol
2029 433 2146 468 delapsus
2159 442 2302 468 oceanum,
2321 434 2379 463 subt
2391 449 2434 472 Ψ

318 482 362 507 vbi
379 480 540 517 significatur
561 483 636 516 quies.
706 479 767 504 Stat.
780 476 872 503 Theb.
888 484 924 508 12,
938 483 981 510 7¹¹
1010 473 1102 500 Delilit
1117 473 1145 499 iu
1165 481 1285 506 campos,
1306 472 1354 506 qui
1416 477 1460 495 nas
1476 471 1548 497 orbis
1563 471 1647 505 plagas
1662 469 1828 497 illuminabat
1852 469 1927 502 Apul.
1940 469 2004 495 Met.
2018 478 2032 501 9
2045 477 2070 503 p.
2085 477 2126 501 227
2145 470 2228 501 (Prie.
2243 477 2266 502 p.
2283 471 2342 501 192)
2390 483 2395 499 ι,
2431 473 2434 482 “

319 515 407 543 subter
438 517 543 543 moenia
571 514 653 541 nudos
690 514 804 538 Afl‘eruat
836 520 933 537 manes.
1038 509 1182 535 Abloti'uum
1194 509 1264 534 habet
1277 508 1353 541 Virg.
1455 511 1468 530 S
1479 512 1499 531 v
1510 512 1635 534 BTERR
1645 514 1689 533 Ev
1703 512 1716 533 S
1726 525 1734 538 ,
1750 514 1780 537 a,
1794 513 1848 532 um.
1867 504 1928 531 Adi.
1967 504 2031 530 Diui
2051 504 2150 533 Arnob.
2162 512 2178 539 7
2191 513 2215 539 p.
2229 506 2285 530 266.
2303 503 2331 530 de
2347 506 2370 532 Pi
2383 523 2392 532 μ
2416 519 2419 525 =

317 551 384 578 Aen.
399 561 423 584 9,
433 561 476 584 5¹4
510 566 555 571 ——
591 551 678 581 Quini
692 554 778 574 tamen
793 556 882 573 omnen
918 546 998 572 Ferre
1014 543 1079 569 libet
1093 543 1181 570 subter
1195 543 1355 569 densateflu-
1369 554 1398 572 10
1416 539 1579 573 elfimilibus.
2322 553 2324 557 ,
2398 536 2412 568 ζ

319 587 382 613 dine
396 588 474 613 casus.
565 585 623 610 Cic.
639 585 665 609 in
681 584 769 609 Somn.
784 582 851 616 Scip.
867 591 894 608 ιο
907 590 928 607 c.
941 590 959 613 4
987 579 1087 605 Deinde
1120 578 1209 605 subter
1239 578 1354 604 mediam
1454 581 1467 601 S
1478 582 1498 601 v
1507 581 1523 601 B
1536 583 1557 604 T
1569 583 1613 602 ER
1623 582 1635 602 s
1644 583 1660 602 E
1671 581 1688 601 c
1701 580 1732 608 o,
1745 579 1797 601 are.
1835 573 2000 602 Distribuens
2012 574 2131 601 medium
2149 574 2301 601 subtersecat
2313 573 2353 602 hie
2365 584 2370 601 t
2386 570 2424 605 ,ῥ’

318 622 376 648 fere
393 622 527 656 regionem
547 620 585 645 sol
608 619 711 645 obtinet
731 618 782 644 dux
797 624 822 643 et
834 617 952 651 princeps
966 621 991 641 et
1004 615 1157 642 moderator
1171 614 1300 641 luminum
1315 623 1355 640 re-
1416 619 1526 637 cornum
1544 612 1598 638 Cic.
1614 612 1641 637 in
1656 613 1726 637 Arat.
1740 621 1764 637 ν.
1774 618 1827 645 273.
2400 615 2401 619 ι

317 657 462 692 liquorum.
539 654 594 681 Vid.
611 655 675 680 Plin.
688 663 710 686 3,
726 662 753 685 19
773 652 867 679 Subter
880 652 979 678 radices
991 659 1090 677 earum.
1164 651 1239 685 Virg.
1253 652 1316 676 Aen.
1332 659 1353 682 ς,
1454 651 1468 671 S
1480 653 1500 672 v
1510 652 1525 671 Β
1534 652 1555 672 Τ
1564 653 1579 672 ε
1589 653 1608 673 R
1619 653 1641 672 T
1654 653 1697 672 EN
1708 653 1766 678 vo,
1781 650 1832 672 are.
1870 644 2042 680 [ὗπολεπτύνω
2099 645 2234 672 Conterere.
2268 643 2374 673 Lucret..

318 696 365 725 695
387 691 513 726 Alpheum
528 690 577 716 huc
612 703 656 709 —
692 688 812 714 Occultas
829 688 904 721 egisse
928 687 983 713 vias
1009 686 1098 712 subter
1118 694 1200 712 mare.
1295 686 1354 711 Cum
1416 680 1534 707 Annulus
1567 682 1594 708 in
1616 682 1700 717 digito
1722 682 1932 708 subtertenuatur
1959 680 2044 707 haben
2063 689 2089 707 ο.
2128 680 2153 707 h.
2166 689 2186 706 e.
2207 681 2238 706 In
2251 681 2364 714 interiore
2383 703 2392 714 .=

318 729 438 755 Ablatmo
475 725 567 752 Catull.
583 727 626 755 63,
638 731 655 758 7
686 724 775 750 Troia
801 723 921 749 Rhoeteo
942 730 1020 756 quem
1043 721 1133 748 subter
1158 721 1238 748 litore
1265 721 1353 752 tellus,
1371 731 1396 754 ις
1412 722 1504 751 parte,
1529 725 1590 752 quae
1604 722 1721 752 proxima
1746 716 1779 750 est
1809 717 1905 753 digito,
1929 719 2050 743 minuitur
2073 722 2097 742 et
2117 718 2253 747 atteritur,
2277 713 2332 741 dum
2349 715 2389 743 ἦκ’

316 764 442 796 Ereptum
467 761 560 786 nostris
581 759 679 786 obterit
701 767 732 785 ex
754 759 845 784 oculis.
952 756 1127 791 Subter,fine
1140 756 1213 792 casu,
1251 756 1307 782 Cic.
1321 756 1353 782 de
1415 761 1442 777 m
1458 751 1501 786 vsu
1514 753 1654 788 frequenti.
2348 779 2351 783 ¹
2383 747 2390 777 l,

318 800 391 825 Orat.
407 806 428 828 3,
443 805 476 822 20
513 795 568 828 Qu
586 796 678 820 omnia
698 794 759 821 haec
773 803 839 828 quae
852 793 927 827 supra
943 800 968 819 et
984 793 1087 824 subter,
1106 801 1188 818 vnum
1201 792 1250 818 effe
1263 798 1289 818 et
1303 800 1355 818 vna
1456 792 1469 812 S
1481 792 1580 814 VBTE
1590 794 1637 814 RT
1647 795 1657 814 1
1667 795 1688 815 V
1699 794 1712 815 S
1723 807 1732 820 ‚
1744 797 1774 821 a,
1787 796 1843 817 um.
1869 786 1928 814 Adi·
1964 786 2092 814 Subtertii
2104 785 2155 814 tri-³
2171 784 2202 812 ad
2219 789 2344 819 quatuor,
2360 786 2372 812 1¹

315 834 360 864 vi,
378 838 454 865 atque
469 840 518 857 vna
533 829 697 857 consensione
709 836 818 856 naturae
832 828 970 855 constricta
984 829 1032 854 etse
1047 828 1180 854 dixerunt.
1417 822 1480 848 0510
1499 823 1568 849 Vitr.
1583 833 1608 857 9,
1623 832 1650 856 4.

353 875 365 894 s
374 874 393 893 v
403 873 419 893 Β
430 873 452 892 Τ
465 873 480 892 Ε
490 872 507 891 R
518 873 527 892 i
539 872 558 892 o
570 873 598 899 R,
613 865 651 892 sis.
685 865 813 892 Termini
826 864 985 891 subteriores
1017 864 1150 889 innocent.
1163 863 1195 888 de
1208 863 1265 888 Cas.
1280 871 1302 896 p.
1310 870 1354 894 23²
1455 864 1469 884 S
1479 865 1500 884 V
1509 863 1525 884 B
1535 864 1580 884 TE
1591 865 1607 884 R
1617 865 1639 884 v
1649 864 1668 884 A
1677 865 1693 886 c
1703 866 1722 886 ο
1731 878 1740 891 ,
1758 862 1810 886 are.
1848 858 1879 884 In
1893 857 1969 884 illum
1985 856 2212 884 subteruacanteiu
2226 855 2314 883 locum
2330 856 2360 883 Se

314 903 383 937 Goeſs
491 902 532 928 Sic
545 902 629 928 oculis
650 909 749 927 nocuus
769 901 872 935 sanguis
894 908 941 934 per
962 899 1109 926 subteriora
1131 898 1236 924 Dicitur
1260 897 1355 932 expelli
1367 902 1401 919 20
1418 892 1517 925 Nat-6,
1531 902 1565 924 ες.
1599 892 1732 928 Sedpotest
1747 897 1820 920 etiam
1833 894 1922 920 diuidi.
2385 894 2391 896 ⁴

311 940 402 966 Macer
416 945 438 970 2,
453 945 484 968 13-
1457 934 1470 954 s
1483 935 1503 954 ν
1511 933 1528 954 Β
1537 934 1558 954 Τ
1566 935 1582 955 Ε
1592 935 1611 955 R
1620 936 1641 956 v
1650 930 1671 957 ou
1677 937 1694 956 1.
1703 937 1734 962 ο,
1748 934 1800 956 are.
1836 930 1897 956 Stat.
1910 927 2001 955 Theb.
2015 936 2038 961 3,
2051 929 2103 960 669
2129 928 2229 962 Fragor
2241 927 2343 954 intonat
2356 926 2375 953 i

351 980 363 1000 s
373 981 392 1000 V
402 979 417 999 Β
427 979 447 998 T
457 980 473 1000 E
484 979 502 999 R
513 980 533 999 Α
542 979 560 999 c
571 978 593 999 Τ
606 978 626 997 ν
637 979 660 1002 S,
673 980 697 1003 a,
710 980 763 997 um.
780 971 841 997 Adi.
874 970 978 996 Vitium
995 968 1146 996 subteractis
1165 967 1234 1002 quasi
1248 967 1356 1002 quibus·
1418 964 1580 991 Hortantum
1593 971 1618 991 et
1630 965 1701 992 vasto
1715 965 1878 991 subteruolat
1892 964 1956 990 astra
1972 963 2097 990 tumultu.

315 1010 374 1036 dam
391 1008 522 1034 radicibus
538 1008 617 1041 serpit
639 1007 705 1033 Cels.
719 1016 741 1039 5,
755 1013 796 1039 28,
811 1014 828 1033 t.
872 1005 918 1033 Sed
929 1008 1012 1031 melius
1019 1006 1093 1040 forte
1106 1006 1168 1030 talia
1182 1003 1338 1030 diuiduntur.
1459 1006 1472 1026 s
1485 1006 1506 1026 v
1517 1005 1534 1025 B
1544 1006 1647 1026 TERV
1657 1007 1676 1027 o
1686 1007 1702 1026 L
1711 1008 1733 1028 ν
1743 1008 1772 1033 ο,
1785 1002 1837 1026 ere.
1873 1001 1912 1026 Ita
1935 1006 2029 1034 pontus
2051 998 2235 1033 perstringitur
2257 996 2332 1032 gelu,
2351 1005 2368 1024 v

350 1052 362 1071 s
373 1052 391 1070 v
401 1049 416 1070 Β
428 1050 470 1069 ΤΕ
483 1050 499 1069 R
512 1051 532 1070 A
542 1051 563 1069 Ν
576 1050 596 1068 Η
607 1049 622 1068 E
632 1049 648 1069 1.
659 1049 689 1076 Ο,
704 1047 756 1068 are.
792 1042 937 1075 insessaque
952 1041 1070 1075 pondere
1084 1046 1157 1066 tanto
1181 1038 1355 1065 Subteranlie-
1418 1035 1538 1061 amnium
1552 1037 1639 1062 cursus
1651 1035 1818 1062 subteruolui
1834 1035 1974 1062 credantur
1992 1035 2123 1061 Ammian.
2137 1043 2180 1066 22,
2193 1042 2237 1060 20.

312 1080 349 1106 lat
363 1079 457 1105 humus
476 1079 536 1105 Stat.
551 1079 614 1104 Silu.
632 1087 650 1110 ι,
665 1086 685 1111 ι,
699 1087 735 1111 57·
1371 1078 1400 1104 25
1459 1077 1473 1097 s
1484 1077 1529 1097 vn
1543 1078 1563 1098 T
1574 1078 1657 1103 EXO,
1671 1072 1725 1103 xiii,
1738 1077 1829 1104 xtum,
1848 1073 1900 1098 ere.
1933 1069 2130 1105 [ὑποζεύγνυμι]
2165 1070 2317 1104 Subiungere
2328 1077 2336 1093 :
2368 1075 2373 1094 t

346 1122 389 1142 SV
401 1120 417 1140 Β
428 1121 448 1139 T
458 1121 473 1140 E
484 1121 501 1140 R
510 1121 554 1141 CA
566 1120 584 1139 v
595 1116 615 1140 Ᾰ
627 1119 649 1140 T
664 1120 681 1139 v
693 1120 715 1145 S,
727 1121 751 1145 a,
765 1121 819 1139 um,
838 1111 899 1139 Adi,
936 1111 1017 1140 Soliu,
1038 1116 1052 1141 8
1068 1110 1115 1147 sub
1127 1109 1178 1145 fin.
1208 1109 1250 1136 Sic
1268 1115 1356 1136 conte·
1416 1106 1510 1132 latione
1523 1106 1607 1142 sumta
1619 1116 1634 1133 α
1646 1108 1792 1139 textoribus,
1803 1109 1846 1142 qui
1853 1106 1941 1142 subtus
1953 1113 2067 1132 attexunt
2081 1107 2157 1141 operi.
2193 1104 2303 1136 Plin.25‚
2312 1111 2334 1129 ¹1
2351 1103 2374 1130 V
2399 1135 2403 1137 λ

310 1157 375 1186 gunt
389 1150 577 1176 subtercauata,
1417 1147 1443 1168 et
1456 1142 1609 1176 generatim,
1623 1143 1843 1176 membratimque
1853 1142 1957 1175 fingulis
1970 1150 2113 1175 corporum
2127 1139 2227 1167 morbis
2245 1139 2360 1166 remedia
2369 1143 2381 1165 l*

346 1193 359 1213 s
369 1193 389 1210 ν
400 1192 416 1212 Β
427 1192 448 1212 Τ
462 1192 477 1211 E
490 1192 505 1211 R
516 1192 533 1212 c
545 1191 563 1209 v
576 1191 593 1211 R
603 1191 622 1211 R
634 1189 666 1216 ο,
679 1185 732 1210 ere.
769 1184 875 1210 Perseus
887 1182 1081 1210 dexterioribus
1102 1180 1298 1207 subtercurrens
1312 1179 1357 1206 ba-
1418 1186 1518 1204 xemus.
1621 1178 1679 1204 Liu.
1694 1186 1734 1213 37,
1748 1183 1777 1210 48
1796 1177 1915 1204 Subtexit
1928 1178 2022 1204 deinde
2036 1177 2140 1203 fabulae
2161 1175 2222 1202 huic
2231 1195 2240 1208 ,
2255 1176 2413 1210 Legata-i

310 1221 356 1248 fim
370 1221 550 1255 Vergiliarum
570 1221 639 1246 Vitr.
654 1228 679 1252 9,
688 1222 713 1246 6.
1418 1213 1459 1239 los
1479 1213 1507 1239 in
1528 1213 1623 1239 Senatu
1646 1214 1717 1241 inter
1736 1219 1836 1240 caetera
1847 1213 1897 1239 hoc
1929 1221 2018 1247 noque
2030 1213 2207 1246 interrogatos
2219 1211 2276 1240 effe.
2392 1216 2394 1238 s

350 1264 363 1283 s
377 1263 395 1280 v
405 1263 420 1283 Β
432 1263 453 1282 Τ
468 1263 484 1282 Ε
497 1264 515 1283 R
525 1262 541 1282 C
551 1264 570 1282 ν
581 1262 601 1281 T
610 1262 661 1282 AN
670 1262 688 1282 Ε
698 1262 718 1281 ν
729 1260 756 1286 s,
769 1263 793 1286 a,
807 1262 861 1279 um.
880 1253 939 1280 Adi.
974 1253 1039 1279 Aur.
1052 1251 1122 1277 Vici.
1137 1251 1204 1285 Epit.
1218 1251 1245 1276 in
1258 1249 1355 1276 Hadri-
1367 1258 1400 1283 30
1418 1249 1510 1282 Nepos
1523 1256 1564 1282 ας,
1577 1254 1611 1281 18,
1626 1257 1648 1275 2.
1763 1249 1873 1275 Caelum
1892 1222 2027 1275 siibtexere
2046 1248 2122 1274 fumo
2134 1267 2141 1279 ,
2158 1248 2287 1282 Cooperire
2303 1244 2340 1272 Vi
2358 1257 2362 1274 ·.
2383 1262 2398 1279 ι,

311 1301 363 1319 ano
386 1291 495 1319 morbus
515 1291 742 1321 subtereutaneus,
767 1292 785 1315 ι’.
801 1289 928 1324 Hydropt.
1004 1289 1091 1315 Vtitur
1105 1286 1133 1313 de
1146 1289 1214 1322 equis
1228 1287 1318 1320 Veget.
1333 1295 1354 1318 ι,
1418 1294 1439 1317 3,
1453 1288 1507 1317 582-
1614 1284 1723 1310 Caelum
1737 1284 1882 1311 subtexitur
1896 1283 1990 1310 vmbra
2009 1284 2070 1310 Stat.
2085 1283 2150 1309 Silu.
2164 1292 2185 1316 3,
2200 1291 2220 1314 ι,
2238 1289 2292 1316 127.
2308 1315 2315 1322 .
2352 1301 2362 1323 [3

310 1336 335 1361 ς,
344 1337 361 1354 1.
398 1331 428 1353 it.
445 1336 465 1359 ι,
480 1335 540 1357 [2,1.
576 1333 599 1352 et
613 1326 641 1351 de
654 1326 728 1351 bubus
744 1333 764 1356 3,
779 1333 801 1356 2,
815 1329 849 1354 18.
1238 1351 1242 1361 ³
1457 1325 1470 1345 s
1481 1326 1501 1345 v
1511 1324 1527 1344 Β
1539 1324 1561 1344 Τ
1571 1325 1588 1345 E
1599 1321 1702 1345 XTVR
1712 1327 1733 1346 v
1744 1327 1799 1352 s‚a,
1807 1328 1863 1346 um.
1884 1320 1976 1346 Partic.
2012 1320 2107 1345 Patere·
2120 1327 2141 1351 1,
2150 1327 2174 1349 ¹4
2192 1318 2263 1344 Huic
2276 1324 2316 1343 rei
2329 1325 2345 1351 p
2360 1349 2363 1351 -

348 1369 362 1389 s
374 1370 393 1389 V
406 1368 422 1388 Β
434 1368 455 1387 Τ
465 1369 480 1388 E
491 1369 507 1387 R
518 1368 536 1387 D
546 1362 592 1388 Vc
601 1367 631 1393 O,
644 1361 683 1392 xi,
696 1360 778 1391 etum,
792 1361 844 1385 ere.
868 1357 1033 1393 [ὁποφεύγω]
1070 1356 1253 1393 Subterfugere‚
1261 1363 1285 1382 et
1292 1355 1355 1383 clam
1418 1360 1520 1388 tempus
1533 1354 1651 1380 ciuitates
1665 1361 1834 1389 propagatas,
1852 1355 2011 1388 aufiiumque
2026 1355 2175 1380 Romanum
2187 1361 2301 1384 nomen,
2314 1360 2344 1378 co
2360 1364 2364 1375 ι

303 1397 357 1433 fij}
369 1401 497 1433 proripere
511 1406 540 1422 ex
552 1397 634 1431 aliqua
643 1395 764 1431 fhcietate
777 1397 816 1419 vel
829 1395 889 1420 loco.
959 1394 1040 1420 Plaut.
1056 1393 1136 1419 Milit.
1152 1402 1175 1423 z,
1188 1402 1209 1425 3,
1222 1400 1251 1427 71
1275 1393 1354 1419 Serua
1418 1399 1470 1417 one
1484 1389 1559 1422 iuris,
1569 1389 1637 1416 haud
1651 1390 1832 1424 intempestiue
1845 1390 1991 1417 subtexturi
2010 1390 2141 1416 videmur.
2248 1396 2252 1398 ’
2334 1404 2336 1406 -
2355 1390 2364 1422 '3

310 1434 370 1459 istas
384 1433 463 1465 foi-cs,
477 1441 510 1458 ne
523 1431 574 1458 tibi
587 1432 652 1457 clam
666 1431 691 1457 se
707 1430 871 1456 subterducat
882 1427 965 1454 istinc.
982 1432 999 1455 i.
1017 1430 1055 1454 Ne
1067 1429 1125 1454 hinc
1137 1429 1216 1461 abeat,
1229 1436 1252 1455 te
1266 1428 1354 1463 inscio.
1370 1437 1397 1463 33
1458 1433 1471 1452 s
1482 1431 1527 1451 VB
1538 1432 1559 1451 T
1570 1432 1586 1451 E
1596 1431 1614 1451 x
1624 1431 1645 1451 ‘r
1656 1432 1677 1451 v
1686 1432 1709 1455 s,
1723 1434 1746 1457 a,
1761 1435 1815 1451 um.
1835 1426 1901 1452 Part.
1937 1426 1968 1451 Et
1982 1425 2100 1452 subtexta
2115 1423 2192 1452 malis
2205 1423 2276 1451 bona
2289 1423 2370 1455 sunt‚'

311 1468 481 1496 Subtcrduxit
493 1469 519 1493 se
533 1474 634 1501 tempus
649 1465 709 1492 huic
722 1464 853 1491 occasioni
878 1464 957 1490 Plaut.
973 1463 1042 1490 Asin.
1056 1473 1080 1494 2,
1092 1472 1119 1496 2,
1132 1472 1167 1490 12.
1416 1469 1528 1495 maeque
1542 1461 1685 1495 sequuntur
1703 1462 1771 1487 Vota
1790 1461 1883 1487 Manil.
1899 1469 1920 1493 3,
1931 1462 1985 1491 526.

348 1511 361 1530 s
372 1510 499 1531 vs'rER
512 1508 585 1530 ονε
596 1508 617 1529 Τ
630 1508 683 1535 ιο,
714 1507 737 1527 et
770 1507 783 1527 s
794 1507 813 1526 v
825 1505 842 1526 Β
853 1505 1012 1527 TERDVC
1029 1505 1050 1526 T
1063 1506 1119 1526 ott.
1172 1499 1256 1525 Vocet
1287 1497 1356 1532 apud
1457 1504 1470 1524 s
1483 1504 1504 1524 v
1516 1502 1533 1522 Β
1544 1498 1663 1528 TIL18‚
1675 1505 1698 1522 e.
1718 1495 1778 1523 Adi.
1816 1496 1935 1529 [λεπτδ,-,
1949 1495 2021 1528 ἑανὸς,
2034 1495 2125 1529 daras]
2162 1495 2270 1527 Tenuis,
2289 1499 2314 1519 et
2331 1492 2391 1526 or,

307 1540 386 1567 ICtos
402 1540 428 1565 in
444 1538 540 1573 Digest.
995 1547 998 1549 Α
1419 1532 1453 1566 esi
1467 1536 1493 1559 in
1507 1532 1577 1558 laude
1590 1540 1670 1558 earnm
1683 1541 1775 1564 rerum,
1788 1541 1850 1567 quas
1862 1531 2013 1558 commendat
2025 1533 2065 1557 uel
2073 1533 2201 1567 paruitas,
2209 1531 2249 1556 vel
2260 1532 2367 1559 acumem
2390 1526 2395 1558 ‚¹
2429 1545 2431 1560 χ

349 1582 362 1601 s
376 1583 395 1601 v
405 1581 420 1601 13
430 1582 451 1601 T
460 1582 476 1601 E
487 1581 502 1600 R
514 1581 554 1601 ri„
564 1580 584 1598 v
594 1579 624 1605 ο,
638 1572 676 1603 xi,
688 1580 760 1603 xum,
774 1572 828 1597 bre.
864 1568 1006 1606 [ὗποῤῥὲω]
1043 1569 1109 1596 Plin.
1123 1574 1146 1601 8,
1158 1578 1190 1603 50
1216 1569 1355 1596 Torrente
1417 1570 1482 1605 liger
1497 1569 1582 1594 Exere.
1597 1577 1608 1593 i
1622 1566 1678 1593 adu.
1693 1567 1801 1594 Cardan.
1821 1566 1944 1600 existimat
1957 1566 2058 1594 Subtile
2071 1577 2086 1593 a
2092 1566 2151 1602 filis
2168 1565 2319 1592 tenuioribus
2335 1561 2368 1594 dri
2390 1593 2400 1597 „
2430 1588 2431 1595 ,

309 1610 405 1645 rapido
419 1610 557 1636 minaciter
570 1608 767 1634 subterfluente.
861 1607 936 1641 Cous.
956 1605 1023 1631 Vitr.
1039 1610 1061 1636 8,
1078 1614 1098 1631 2.
1205 1604 1256 1631 Eos
1270 1604 1355 1631 felici·
1371 1608 1409 1634 40
1419 1602 1536 1637 traxi-ff&
1559 1612 1619 1638 quae
1638 1607 1665 1628 in
1674 1603 1726 1628 tela
1748 1604 1803 1629 bene
1825 1609 1895 1629 texta
1911 1605 2033 1629 oculorum
2045 1606 2205 1637 ociempaene
2212 1600 2320 1637 fallunt.
2360 1626 2362 1629 ,
2390 1616 2403 1628 -,
2430 1627 2432 1630 ,

308 1652 347 1672 tas
362 1646 462 1680 ingrata
479 1644 626 1671 subterfluit
643 1645 749 1669 Eumen.
763 1642 853 1675 Paneg.
874 1641 1040 1668 Constantini
1053 1650 1074 1666 c.
1089 1648 1122 1673 ις.
1423 1638 1487 1672 Voll.
1501 1640 1604 1673 Etymol.
1615 1645 1644 1673 p.
1659 1648 1717 1673 499.
1760 1639 1829 1665 Certe
1841 1638 1875 1665 ad
1887 1639 1963 1665 multa
1976 1639 2028 1665 alia
2041 1638 2206 1674 transfertur.
2321 1645 2323 1648 ·
2365 1639 2367 1641 '
2416 1635 2419 1648 ³

350 1687 362 1707 s
378 1688 398 1706 ν
412 1687 427 1706 Β
440 1687 485 1707 TE
496 1687 514 1706 R
527 1685 542 1705 r
554 1678 621 1705 Vei
632 1686 662 1710 o,
675 1678 942 1711 fugi‚fugi‘tum,ere.
980 1675 1145 1709 [ὖποφεύγω]
1180 1676 1247 1701 Clam
1254 1675 1355 1710 fugere.
1417 1676 1484 1702 tatio
1499 1674 1602 1700 subtilis
1627 1674 1694 1700 Plin.
1707 1682 1734 1706 2,
1749 1679 1800 1704 108.
1907 1674 2039 1707 Qtinffil.
2053 1682 2079 1705 2,
2092 1682 2114 1703 5.
2220 1670 2303 1698 Concl
2327 1671 2343 1693 5¹1
2363 1671 2374 1704 j
2419 1671 2434 1704 ἰ,

311 1718 406 1743 Datiuo
419 1719 541 1751 iungitur.
612 1714 694 1740 Plaut.
710 1712 801 1738 Bacch.
818 1723 842 1744 4,
856 1715 887 1743 6,
903 1720 918 1738 2
942 1711 1040 1738 Nimio
1054 1711 1131 1737 illaec
1145 1719 1185 1737 res
1198 1711 1233 1736 est
1247 1719 1354 1744 maguae
1416 1711 1449 1737 lis
1463 1716 1489 1736 et
1501 1710 1532 1736 ad
1545 1718 1647 1735 morem
1662 1709 1860 1736 dialceticorum
1874 1709 1989 1736 formata
2015 1709 2086 1735 Idem
2100 1716 2126 1744 7,
2140 1716 2168 1741 4.
2274 1707 2366 1738 (Σοι-’ξι
2390 1711 2399 1739 '4

311 1752 431 1778 diuidiae
448 1751 532 1782 mihi,
550 1748 731 1782 subterfugisse
746 1747 778 1774 fic
792 1747 859 1772 mihi
875 1747 955 1772 hodie
973 1746 1136 1778 Chrysalum.
1232 1746 1291 1771 Cum
1303 1748 1354 1771 Ac·
1417 1745 1491 1772 tilius
1518 1744 1611 1770 Pallad.
1626 1753 1646 1775 ι,
1661 1753 1695 1774 ις.
1810 1744 1930 1779 Corpora
1945 1744 2052 1771 subtilia
2081 1745 2186 1770 Lucret.
2203 1751 2227 1774 3,
2241 1743 2295 1774 196.
2349 1747 2361 1761 Γ·
2392 1754 2393 1761 ι
2411 1755 2413 1758 ·

311 1787 430 1823 cusatiuo.
467 1787 549 1812 Plaut.
565 1786 645 1811 Merc.
661 1793 681 1815 ι,
696 1789 725 1813 82
743 1783 932 1817 Nequidquam
946 1790 995 1816 ego
1014 1791 1085 1808 mare
1106 1780 1251 1814 subterfugi
1271 1781 1354 1806 saeuis
1367 1787 1404 1814 45
1416 1781 1486 1807 nitio
1502 1779 1604 1805 subtilis
1625 1779 1684 1805 Cic.
1698 1778 1729 1804 de
1743 1779 1815 1805 Orat.
1832 1788 1851 1811 ι,
1867 1788 1921 1812 109.
2026 1778 2157 1813 Epistulae
2169 1777 2294 1810 subtiles,
2313 1771 2364 1803 viil.v
2390 1802 2396 1806 .

312 1821 517 1857 tempestatibus.
620 1820 676 1846 Cic.
690 1819 721 1845 de
737 1818 843 1844 Amicit.
858 1826 884 1850 35
923 1818 994 1843 Haec
1009 1817 1045 1843 ita
1057 1817 1139 1843 multa
1153 1816 1222 1850 quasi
1235 1816 1290 1842 fato
1304 1816 1352 1842 im-
1422 1821 1543 1843 sToLA.
1660 1815 1748 1841 Filum
1763 1814 1859 1840 subtile
1892 1816 1994 1841 Lucret.
2007 1824 2034 1847 4,
2048 1816 2087 1844 86.
2194 1813 2250 1839 Cic.
2264 1812 2296 1839 de
2309 1811 2365 1840 Fini

311 1860 425 1893 pendere
438 1856 564 1883 amicitiis
578 1866 584 1881 ε
620 1861 649 1881 vt
661 1854 751 1881 omnia
766 1852 961 1887 subterfugere,
977 1861 1030 1878 non
1044 1851 1124 1878 modo
1138 1852 1296 1885 sapientiae,
1309 1852 1351 1877 sed
1416 1852 1566 1878 Stoicorum
1588 1855 1674 1876 autem
1697 1858 1751 1876 non
1771 1850 1876 1883 ignoras
1896 1859 1974 1884 quam
1996 1849 2025 1875 fit
2040 1848 2149 1879 subtile,
2167 1848 2210 1874 vel
2224 1849 2372 1882 spinosum}

311 1895 390 1921 etiam
404 1893 539 1919 felicitatis
551 1891 648 1917 diceret
663 1889 708 1916 sibi
723 1888 818 1915 videri.
923 1889 979 1914 Cic.
994 1888 1034 1914 Pr.
1050 1887 1107 1913 Aci.
1125 1896 1130 1910 ι
1146 1887 1174 1912 in
1189 1888 1264 1912 Verr.
1279 1893 1292 1915 8
1318 1888 1352 1912 Vt
1416 1885 1555 1913 differendi
1570 1893 1659 1918 genus.
1731 1885 1908 1911 Acutissimum
1923 1892 1948 1911 et
1967 1884 2159 1910 subtiliffimum
2172 1882 2279 1909 dicendi
2290 1885 2372 1910 Genus

311 1930 438 1963 quoniam
459 1927 602 1954 criminum
621 1926 676 1952 vini
698 1923 877 1957 subterfugere
892 1923 967 1949 nullo
981 1922 1062 1949 modo
1075 1927 1191 1955 poterat,
1211 1921 1353 1955 procellam
1416 1922 1449 1948 de
1467 1923 1541 1948 Orat.
1558 1929 1569 1945 2
1582 1929 1602 1946 c.
1619 1928 1655 1951 23.
1726 1919 1856 1946 Columel.
1871 1925 1892 1950 8,
1908 1922 1936 1946 16
1971 1920 2031 1945 Hoc
2050 1920 2132 1953 igitur
2150 1919 2296 1953 periurium
2310 1919 2372 1945 mult

308 1964 438 1997 temporis
465 1962 601 1988 deuitaret.
699 1959 754 1984 Cic.
771 1959 846 1984 Verr.
864 1966 928 1988 i,102
962 1959 1052 1984 Homo
1072 1956 1213 1983 stultissime
1229 1963 1253 1982 et
1266 1965 1353 1982 amen·
1366 1965 1398 1991 50
1418 1956 1584 1983 subtiliorem
1604 1954 1666 1981 fecit
1694 1955 1806 1986 Gulam,
1832 1954 1961 1988 doctaque
1982 1961 2008 1980 et
2024 1954 2126 1981 erudita
2140 1954 2221 1988 palata
2233 1954 2372 1981 fastidires
2391 1980 2394 1982 ,

308 1997 516 2030 tillime,tabiilas
532 2004 590 2022 cum
605 1993 753 2023 conficeres,
767 1999 792 2019 et
809 2002 890 2027 quum
906 1993 1115 2019 extraordinaria
1131 1992 1241 2026 pecunia
1251 1992 1351 2018 crimen
1418 1991 1554 2018 fluuialem
1570 1990 1671 2025 lupum.
1775 1992 1805 2017 C.
1816 1990 1924 2016 Serenus
1943 1989 2117 2016 subtiliffimus
2131 1990 2239 2016 Homo:
2273 1990 2325 2016 fuit
2339 1999 2370 2016 en

308 2034 490 2068 subterfugere
502 2032 597 2062 velles,
616 2031 676 2056 satis
689 2037 714 2056 te
729 2029 878 2063 elapsurum
891 2029 965 2055 omni
979 2029 1126 2062 suspicione
1138 2026 1313 2060 arbitrabare,
1322 2027 1349 2061 fi,
1416 2029 1499 2055 animi
1535 2027 1593 2053 satis
1625 2025 1711 2060 magni
1744 2032 1769 2052 et
1800 2026 1903 2053 consilii
1945 2026 1998 2053 Cic.
2029 2034 2078 2060 pro
2107 2025 2190 2051 Plane.
2223 2033 2258 2052 η.

309 2070 407 2105 quibus
438 2069 573 2103 pecuniam
597 2064 735 2097 credebas,
753 2065 786 2091 iis
808 2065 947 2098 expensum
967 2073 1021 2090 non
1041 2064 1148 2090 ferres?
1241 2064 1296 2090 Cic.
1309 2064 1350 2090 Pr.
1416 2063 1517 2090 subtilis
1546 2061 1653 2088 fulmini
1690 2062 1794 2097 Luc-ret.
1826 2070 1859 2094 2,
1891 2067 1943 2094 385.
2080 2060 2134 2087 Cic.
2150 2061 2221 2087 Fam.
2236 2067 2270 2092 ις,
2285 2061 2302 2086 6
2332 2060 2372 2087 Na
2398 2054 2405 2081 ἕ

308 2106 367 2133 Aet.
383 2106 479 2132 1Verr.
496 2113 519 2136 13
546 2103 666 2129 Tantum
682 2102 794 2135 quisque
813 2100 890 2126 habet
912 2100 940 2125 in
961 2099 1066 2131 Sicilia,
1082 2104 1209 2133 quantum
1232 2099 1350 2125 hominis
1414 2108 1502 2126 meum
1520 2098 1638 2128 sensum,
1659 2103 1684 2124 et
1703 2096 1735 2123 ad
1754 2096 1820 2124 illud
1842 2097 1970 2124 sincerum
1989 2105 2018 2124 ac
2037 2096 2132 2123 subtile
2146 2093 2372 2129 Iudiciumwnihil]
2396 2112 2403 2116 “

307 2140 449 2169 auariffimi
461 2147 486 2167 et
500 2136 702 2166 libidinotissimi
717 2143 760 2162 aut
774 2135 979 2170 imprudentiam
994 2134 1166 2169 subterfugit,
1179 2140 1222 2160 aut
1238 2135 1349 2160 satietati
1362 2146 1391 2172 55
1416 2136 1464 2161 effe
1498 2133 1668 2165 laudabilius,
1687 2142 1767 2166 quam
1800 2132 1835 2160 est
1867 2141 1912 2160 tua
1946 2133 2042 2159 oratio.
2147 2131 2214 2157 Hor.
2232 2130 2307 2164 Epist.
2322 2138 2347 2163 2,
2362 2138 2371 2156 ι
2414 2149 2416 2152 .

306 2177 445 2212 superfuit.
550 2173 677 2200 Militiam
691 2171 872 2205 subterfugere
888 2170 1054 2196 simulatione
1064 2169 1180 2196 insaniae
1198 2169 1253 2197 Cic.
1270 2170 1322 2196 Off.
1331 2179 1351 2202 3,
1416 2172 1468 2204 Qi.
1487 2169 1611 2197 Scaeuola
1631 2169 1759 2195 Oratione
1778 2169 1891 2195 maxime
1909 2169 2013 2195 limatus
2026 2174 2104 2202 atque
2122 2165 2225 2193 subtilis
2242 2165 2298 2191 Cic.
2311 2165 2342 2191 de
2354 2166 2373 2192 C

308 2221 342 2247 97
355 2222 376 2239 c.
392 2214 433 2239 26.
540 2211 653 2236 Poenam
671 2207 850 2240 subterfugere
865 2212 889 2232 ct
903 2205 1078 2232 calamitatem
1093 2205 1165 2232 Idem
1182 2213 1230 2239 pro
1245 2206 1350 2231 Caecin.
1415 2216 1436 2232 c.
1452 2214 1489 2238 39.
1583 2203 1700 2230 Palatum
1714 2204 1809 2231 subtile
1830 2205 1898 2231 Hor.
1913 2204 1995 2230 Serm.
2012 2212 2033 2235 2,
2047 2209 2068 2234 8,
2081 2208 2118 2235 33.
2211 2201 2238 2227 P.
2259 2201 2370 2227 Rutilius
2391 2214 2411 2233 ,ς

307 2258 363 2275 ιοο.
479 2245 628 2273 Periculum
643 2243 825 2277 subterfugere
852 2243 907 2268 Cic.
921 2242 993 2268 Fam.
1008 2249 1042 2274 ις,
1058 2249 1076 2267 ι.
1182 2241 1256 2276 Conf.
1278 2240 1350 2267 Idem
1416 2241 1535 2268 &oribus
1564 2239 1741 2274 gladiatorum
1761 2239 1906 2271 accersitis,
1929 2239 2030 2266 vitandi
2044 2245 2120 2272 atque
2140 2235 2273 2264 inferendi
2291 2236 2374 2263 iaus,
2428 2239 2430 2242 '

307 2283 375 2311 ibid.
393 2292 426 2315 ¹3,
440 2291 466 2315 4.
522 2282 526 2283 ⁷
572 2280 776 2313 Subterfugere,
795 2278 910 2312 absolute.
948 2276 1007 2311 le.
1024 2277 1051 2302 in
1065 2276 1081 2302 l.
1096 2276 1162 2302 Eum
1175 2276 1221 2309 qui
1234 2276 1303 2303 circa
1317 2277 1350 2303 D.
1414 2277 1511 2303 liorem
1538 2276 1677 2301 Rationem
1696 2275 1796 2309 legibus
1810 2276 1975 2310 ingenerauit
2004 2274 2061 2303 val.
2074 2274 2146 2301 Max,
2160 2281 2183 2306 2,
2196 2281 2219 2305 3,
2231 2280 2257 2301 2.
2358 2271 2372 2299 S
2388 2272 2408 2299 ὠ

309 2319 341 2345 de
356 2318 479 2352 priuileg.
493 2315 585 2343 credit.
622 2316 703 2346 Eum,
721 2314 768 2348 qui
785 2313 854 2339 circa
867 2313 1001 2339 columnas
1013 2313 1037 2338 se
1051 2312 1178 2343 occultat,
1196 2319 1223 2338 vt
1238 2312 1351 2338 credito·
1366 2309 1401 2333 60
1415 2310 1591 2339 subtilissimus
1614 2310 1680 2336 Ptin.
1693 2320 1724 2342 ii,
1731 2319 1754 2341 ς.
2348 2332 2350 2334 ,
2367 2329 2369 2335 ,
2412 2337 2414 2339 ‚

306 2363 364 2381 rem
379 2353 474 2379 enitet:
511 2351 612 2376 latitare
628 2350 717 2381 placet.
784 2349 855 2375 Nam
869 2354 895 2374 et
907 2357 978 2378 eum,
994 2348 1040 2381 qui
1054 2348 1163 2379 recedit,
1184 2347 1234 2373 hoc
1248 2348 1294 2380 est,
1304 2348 1351 2382 qui.
1453 2355 1465 2374 s
1475 2353 1494 2373 v
1504 2352 1519 2373 Β
1530 2352 1550 2372 T
1562 2353 1570 2372 ι
1583 2344 1679 2372 ιῖΤΑ
1691 2352 1715 2378 S,
1728 2345 1785 2372 atis.
1799 2345 1818 2373 f.
1855 2345 2014 2380 [λεπτότης]
2061 2345 2125 2372 Plin.
2140 2353 2179 2376 ιο,
2191 2351 2223 2379 75
2258 2343 2331 2370 Haec
2366 2353 2374 2372 ις
2403 2355 2405 2358 ⁴
2427 2352 2431 2357 ·

307 2388 479 2421 subterfugit,
492 2391 519 2413 vt
533 2394 565 2411 ne
579 2385 664 2410 secum
677 2383 765 2422 aliqua
779 2383 851 2421 adiro
867 2390 1022 2413 moueatur,
1040 2383 1141 2409 latitare
1156 2383 1246 2416 placet.
1415 2383 1511 2410 restant
1525 2382 1666 2408 immensae
1680 2381 1831 2408 subtilitatis
1845 2381 1976 2407 animalia.
2069 2381 2125 2407 Cic.
2142 2381 2220 2407 Acad.
2235 2388 2256 2415 i,
2268 2387 2285 2414 7
2338 2391 2340 2395 ·
2368 2381 2370 2394 ³
2389 2390 2393 2398 ι

348 2431 362 2450 s
374 2432 392 2449 v
403 2429 418 2450 B
430 2428 451 2449 Τ
463 2429 480 2448 E
490 2428 509 2447 R
521 2428 535 2447 F
546 2428 565 2447 v
574 2426 595 2447 G
604 2427 613 2446 ι
623 2425 642 2445 V
652 2425 686 2450 M,
700 2427 718 2444 i.
736 2426 762 2443 n.
800 2417 919 2443 Alicuius
940 2417 1109 2450 subterfugiis
1122 2418 1233 2444 obuiare
1271 2418 1351 2444 Saris-
1417 2418 1482 2444 stros
1495 2418 1565 2443 enirn
1580 2425 1633 2443 non
1649 2418 1762 2451 ignoras,
1778 2426 1847 2451 quae
1861 2417 1890 2443 fit
1907 2422 1933 2443 et
1947 2421 2044 2450 quauta
2058 2416 2192 2442 subtilitas.
2286 2416 2308 2441 A
2321 2415 2327 2420 '

305 2461 361 2489 ber.
377 2458 454 2494 Epist.
471 2462 519 2487 118.
904 2486 910 2491 ¹
1416 2462 1499 2486 quum
1524 2452 1620 2478 veritas
1642 2453 1698 2485 ipsa
1720 2453 1828 2478 limatur
1846 2452 1875 2478 in
1889 2452 2072 2487 disputatione,
2086 2451 2213 2478 subtilitas
2233 2451 2289 2477 Cic.
2308 2456 2329 2478 t,

347 2502 360 2521 S
373 2502 392 2519 ν
406 2501 421 2520 B
431 2500 451 2519 T
461 2500 477 2519 F.
488 2499 506 2518 R
519 2498 534 2518 1³
543 2497 564 2516 V
574 2496 594 2515 N
605 2496 623 2516 D
633 2496 660 2520 ο,
672 2492 724 2516 are.
760 2488 828 2514 Cum
842 2486 1017 2513 fabricaretur
1029 2484 1146 2516 caelum,
1159 2490 1280 2518 terraque
1294 2484 1351 2510 sub·
1368 2486 1400 2516 65
1416 2487 1486 2512 Artis
1501 2495 1665 2511 marmoreae
1687 2487 1754 2512 Vitr.
1769 2496 1798 2519 4,
1814 2495 1832 2513 t.
1938 2487 2102 2514 iudiciorum
2116 2487 2244 2513 subtilitas
2264 2487 2307 2513 Ma

308 2530 508 2558 rei-fundaretur
527 2526 644 2553 Laetam.
660 2534 682 2556 2,
697 2530 719 2553 8.
757 2533 842 2549 verum
861 2525 946 2549 melius
957 2520 1081 2547 disiunfte
1094 2523 1195 2555 legitur.
1416 2520 1605 2552 Qaestionum
1618 2521 2014 2547 naturaliumintimasubtilitas
2035 2522 2191 2554 Qiincffila,
2199 2531 2225 2555 4.
2296 2521 2324 2548 Sc
2340 2518 2376 2540 '„.·.

347 2573 360 2592 s
371 2572 389 2591 ν
399 2572 414 2591 Β
425 2572 445 2591 Τ
456 2571 471 2590 E
483 2570 500 2589 R
513 2570 522 2588 1
532 2570 552 2589 A
563 2567 580 2588 c
592 2569 607 2588 E
617 2564 709 2593 o,ere.
746 2557 798 2585 Hic
811 2567 872 2593 gens
885 2557 1020 2585 ardentem
1034 2556 1100 2582 caeli
1113 2555 1351 2582 subteriacetarem
1415 2555 1543 2582 subtilitas
1557 2559 1582 2580 et
1598 2554 1733 2587 elegantia.
1771 2555 1826 2580 Cic.
1837 2555 1906 2581 Fam.
1915 2564 1939 2585 4,
1953 2565 1965 2585 a
1995 2557 2082 2581 Facile
2095 2556 2160 2582 cedo
2171 2562 2278 2582 tuorum
2294 2554 2346 2582 Scri
2377 2568 2378 2571 ι
2392 2542 2394 2544 ‚

307 2602 402 2629 Alcim.
418 2600 490 2627 Auit.
505 2608 525 2631 1,
540 2599 596 2630 296.
1211 2613 1213 2617 ,
1415 2590 1556 2617 subtilitati
1572 2595 1597 2615 et
1609 2588 1761 2622 elegantiae.
1833 2588 1906 2622 Cous.
1922 2590 2010 2614 Graeu.
2025 2589 2059 2614 ad
2070 2590 2087 2614 h
2109 2591 2123 2614 i.
2135 2598 2162 2624 p.
2177 2591 2298 2625 177seqq.
2368 2591 2376 2615 A
2412 2601 2423 2607 ι·

347 2644 361 2663 s
374 2641 522 2663 vnTERi
538 2638 634 2660 Aeto
650 2650 658 2663 ‚
683 2627 736 2657 ere.
772 2628 857 2656 Ordei
890 2637 970 2663 grana
997 2626 1216 2654 subter-iaciuntur
1253 2625 1351 2652 Pallad.
1416 2626 1451 2652 ssa
1484 2625 1626 2656 subtilitas,
1653 2624 1705 2650 uid.
1732 2629 1930 2650 ANGVSTVS.
2037 2624 2222 2650 inenarrabilis
2236 2623 2377 2655 fiibtiliiar,

307 2672 387 2701 febr.
402 2678 437 2704 18,
451 2680 470 2697 ι,
1362 2668 1398 2696 70
1417 2665 1695 2687 INENARRABHAS.
1802 2659 1913 2685 Ludicra
1926 2657 2070 2690 subtilitas,
2085 2658 2138 2685 oid.
2157 2665 2273 2685 tvovs.

345 2715 358 2734 s
368 2715 389 2733 v
401 2713 417 2733 B
428 2713 449 2732 T
459 2713 475 2733 E
485 2712 502 2731 R
513 2704 606 2730 ιᾸΒο
616 2709 645 2733 Β,
659 2701 720 2732 eris,
735 2701 818 2734 lapsus
832 2700 897 2731 sum,
910 2698 974 2724 labi.
1010 2696 1169 2731 [ὁπολιθέω]
1206 2696 1274 2722 Clam
1283 2695 1354 2726 elabi,
1418 2695 1489 2722 ebris
1510 2695 1576 2721 Vitr.
1600 2704 1623 2725 a,
1640 2702 1659 2719 1.
1711 2716 1713 2718 .
1766 2694 1796 2719 In
1810 2694 1935 2720 summam
1961 2694 2136 2720 Subtilitatem
2159 2694 2246 2720 diduci
2278 2694 2377 2720 Scriboi
2391 2693 2395 2701 “

307 2750 331 2771 et
344 2743 460 2778 effugere.
495 2740 555 2766 Liu.
568 2747 609 2770 30,
623 2746 651 2766 25
672 2736 720 2762 Sed
734 2744 820 2769 neque
834 2734 919 2760 rostro
934 2733 1015 2759 ferire
1029 2732 1161 2758 celeritate
1176 2731 1354 2757 subterlaben-
1418 2732 1446 2758 de
1460 2730 1651 2757 medicamentis.
1745 2728 1852 2755 Habere
1866 2729 2035 2756 subtilitatem
2048 2730 2075 2755 in
2087 2729 2174 2756 dubiis
2193 2729 2320 2762 Qiinftil.
2335 2736 2377 2763 i,7
2389 2721 2408 2777 k

308 2786 362 2806 tem
381 2782 518 2814 poterant,
534 2783 619 2809 neque
631 2771 760 2799 transilire
773 2770 867 2797 armati
883 2778 913 2795 ex
928 2768 1118 2795 humilioribus
1132 2767 1159 2793 in
1173 2767 1295 2793 altiorem
1311 2775 1354 2792 na·
1457 2773 1470 2792 s
1481 2773 1501 2793 v
1512 2772 1527 2791 Β
1536 2771 1575 2792 TI
1587 2772 1601 2791 L
1611 2765 1651 2791 iT
1660 2771 1676 2790 E
1687 2771 1716 2790 R.
1735 2764 1803 2791 Adu.
1838 2765 1972 2799 [λεπτῶς]
2008 2765 2061 2791 Cic.
2071 2764 2147 2790 Acad.
2157 2773 2209 2797 ι,3ς
2230 2764 2277 2790 Sed
2287 2765 2378 2795 Zeno„
2389 2777 2397 2785 ιι
2412 2779 2415 2784 -

307 2824 378 2841 vem.
494 2812 569 2845 Virg.
585 2809 635 2835 Ecl.
649 2817 685 2838 10,
698 2816 716 2840 4
754 2807 795 2833 Sic
813 2806 863 2831 tibi
885 2813 966 2839 quum
987 2803 1081 2830 flubius
1098 2802 1275 2829 subterlabere
1289 2802 1354 2828 Sica·
1418 2801 1576 2829 Archefilam
1600 2801 1709 2826 anteiret
1728 2807 1826 2831 aetate,
1844 2800 1973 2835 valdeque
1992 2800 2122 2826 subtiliter
2134 2799 2279 2830 differeret,
2298 2806 2324 2826 et
2336 2809 2378 2835 per

308 2860 365 2881 nos,
378 2856 423 2876 etc.
518 2846 591 2873 Caeli
608 2842 810 2872 subterlabentia
822 2841 889 2875 ligna
911 2841 1013 2867 Lucret.
1030 2848 1056 2871 1,
1071 2848 1091 2864 2.
1369 2840 1401 2868 73
1419 2845 1589 2869 moueretur,
1612 2836 1743 2870 corrigere
1763 2841 1869 2862 conatus
1884 2836 1919 2861 est
1935 2836 2108 2870 disciplinam.
2210 2835 2346 2867 Subtiliter
2363 2836 2414 2868 ειᾨ

348 2892 361 2913 s
373 2892 392 2911 ν
404 2890 420 2910 Β
436 2889 457 2910 Τ
468 2890 484 2910 Β
495 2888 514 2908 R
527 2881 561 2907 L'i
571 2887 630 2911 No,
646 2879 693 2905 lini
707 2886 729 2904 et
743 2878 805 2908 leui,
819 2877 911 2908 litum,
924 2877 976 2902 ere.
1013 2873 1157 2908 [ὁηοχρίω]
1195 2873 1283 2900 subtus
1296 2874 1355 2899 line·
1420 2883 1466 2901 xae
1480 2882 1521 2900 res
1547 2873 1651 2898 Lucret.
1681 2880 1710 2903 3>
1732 2879 1795 2905 740·
1868 2871 1935 2898 Add.
1968 2871 2041 2898 Idem
2074 2873 2106 2904 6,
2133 2878 2202 2902 1030.
2287 2871 2342 2898 Cic,
2372 2870 2410 2897 ’ῆ-

308 2931 344 2949 re.
382 2920 448 2947 Plin.
464 2924 501 2950 28,
515 2927 528 2950 7
549 2917 634 2943 Sotira
647 2913 784 2945 obstetrix,
799 2911 932 2943 tertianis,
947 2911 1134 2945 quartanisque
1153 2908 1355 2936 efficaciffinunn
1421 2919 1430 2936 i
1440 2930 1448 2942 ‚
1461 2918 1496 2942 40
1534 2908 1559 2934 Si
1591 2916 1656 2934 vero
1687 2913 1732 2933 aut
1763 2915 1888 2933 numerus
1919 2907 2026 2942 quidam
2057 2907 2086 2933 fit
2111 2907 2229 2937 animus,
2252 2907 2324 2942 quod
2354 2903 2411 2933 sudis

309 2957 380 2984 dixit
393 2956 491 2990 phustas
505 2952 577 2986 aegri
591 2949 739 2977 subcedit-ti,
1066 2980 1072 2985 .
1420 2952 1460 2972 ter
1474 2945 1556 2979 magis
1570 2952 1649 2977 quam
1662 2942 1780 2968 dilucide
1793 2943 1898 2969 dicitur.
1994 2943 2103 2968 Versute
2116 2948 2141 2968 et
2157 2942 2287 2969 subtiliter
2301 2942 2379 2969 dicere
2388 2940 2422 2974 itt·

349 2999 362 3018 s
377 2999 393 3015 ν
407 2997 451 3017 ΒΤ
461 2996 476 3015 Ε
489 2995 506 3014 R
519 2995 535 3014 ι,
544 2995 563 3013 ν
574 2993 606 3019 o,
620 2988 673 3012 ere.
710 2983 821 3018 Gurgite
835 2982 934 3009 fidereo
947 2980 1085 3008 subterluit
1098 2981 1200 3007 Oriona
1220 2980 1312 3008 Claud.
1328 2980 1355 3006 in
1421 2982 1448 3006 in
1463 2982 1538 3007 Orat.
1552 2988 1594 3006 20.
1689 2978 1817 3004 Ditl'crere
1828 2979 1858 3004 de
1871 2978 1959 3012 aliqua
1973 2986 2002 3003 re
2015 2977 2146 3004 subtiliter
2158 2984 2183 3004 et
2197 2978 2303 3012 copiose
2340 2978 2409 3016 0³⁶⁸!

309 3028 373 3054 sext.
386 3026 464 3052 Cous.
479 3024 584 3050 Honor.
605 3031 629 3048 v.
647 3027 702 3054 177.
1121 3050 1127 3056 .
1283 3020 1292 3029 ·
1374 3017 1406 3043 80
1421 3017 1503 3043 Flacc.
1517 3023 1551 3049 42
1562 3024 1583 3040 c.
1599 3018 1632 3043 ¹8.
1741 3013 1812 3039 Idem
1827 3015 1904 3040 Verr.
1920 3016 1946 3046 6,
1965 3022 2007 3049 127
2034 3013 2113 3046 Qiod
2129 3013 2174 3039 iste
2188 3013 2304 3040 eruditus
2318 3014 2415 3041 hortu,¹

347 3069 361 3089 s
372 3067 472 3089 νΒΤΕ
484 3066 501 3085 R
513 3066 526 3084 ¹.
537 3066 556 3085 ν
567 3064 605 3084 vt
620 3062 652 3089 ο,
667 3055 734 3081 onis.
755 3054 774 3080 f.
810 3053 881 3079 Loca
898 3052 1019 3079 humoris
1039 3051 1130 3079 affidui
1155 3050 1356 3077 subterluuione
1421 3052 1564 3078 Graeculus
1581 3050 1625 3083 qui
1645 3048 1708 3075 haec
1729 3050 1863 3076 subtiliter
1881 3049 1995 3081 iudicat,
2012 3050 2081 3075 solus
2096 3049 2221 3082 intelligit
2236 3060 2241 3075 :
2277 3049 2294 3076 si
2310 3058 2358 3076 vna
2394 3063 2397 3065 -

310 3098 430 3125 cedentia
453 3095 492 3122 Cl.
509 3095 631 3121 Mauiert.
646 3091 677 3118 de
690 3092 723 3117 St.
739 3091 787 3116 An.
805 3099 822 3120 1,
836 3098 856 3115 2.
1420 3096 1477 3114 ram
1491 3088 1613 3113 Graecam
1628 3084 1716 3115 stillet,
1731 3092 1800 3111 certe
1815 3093 1869 3111 non
1889 3084 2032 3111 fitstuliffet.
2129 3084 2265 3111 Subtiliter
2278 3092 2301 3111 et
2317 3085 2373 3120 Mag
2389 3098 2393 3115 3
2424 3079 2427 3082 “

350 3141 362 3161 s
375 3141 395 3159 V
405 3138 420 3158 Β
430 3138 451 3157 Τ
462 3138 478 3158 E
488 3138 506 3157 R
517 3137 540 3157 M
550 3129 567 3155 ἕ
577 3136 595 3156 0
605 3148 612 3160 ,
631 3132 682 3154 are.
719 3124 932 3160 [ὗποπορεύομαι]
968 3121 1060 3149 Claud.
1080 3122 1109 3148 de
1121 3122 1206 3156 Aponi
1219 3122 1312 3148 balneis
1327 3124 1355 3148 61
1420 3125 1521 3158 opponit
1543 3125 1607 3147 inter
1627 3120 1655 3155 se
1688 3121 1818 3153 Qiinclil.
1829 3128 1852 3153 8,
1861 3130 1879 3152 3,
1892 3129 1937 3155 40.
2041 3119 2177 3146 Subtiliter
2190 3129 2328 3147 numerum
2341 3103 2402 3147 exl'l
2423 3132 2426 3139 .

310 3169 341 3195 Et
374 3168 477 3195 iunctos
505 3164 599 3200 rapido
630 3168 722 3198 pontes
755 3161 914 3188 subtermeat
937 3159 1015 3185 aestu.
1125 3157 1199 3192 conf.
1214 3158 1291 3183 Mart.
1307 3158 1355 3184 Ca·
1415 3165 1464 3194 pro
1478 3159 1625 3185 minutatim
1660 3155 1718 3181 Liu.
1735 3164 1756 3187 3,
1771 3164 1784 3188 ς
1797 3163 1862 3182 Μὴ..
1956 3155 1993 3181 De
2001 3156 2101 3189 Repub=
2113 3155 2174 3188 quid
2190 3156 2299 3189 egotibi
2313 3148 2412 3184 subt.

309 3204 378 3239 pella
391 3210 404 3232 8
423 3212 447 3237 p.
462 3207 518 3235 287.
1230 3227 1234 3231 .
1374 3199 1402 3227 83
1422 3201 1475 3220 tota
1491 3193 1570 3228 petiit
1589 3191 1643 3217 Cic.
1657 3192 1709 3217 Att.
1726 3199 1750 3223 2,
1764 3200 1802 3217 21.
1909 3191 1999 3218 Paullo
2031 3191 2152 3217 subtilius
2171 3192 2293 3218 excolere
2322 3193 2404 3219 sciev‘n
2416 3193 2434 3215 Δ

350 3246 362 3266 s
375 3247 395 3266 V
405 3244 420 3264 Β
434 3244 455 3264 T
469 3244 484 3264 E
496 3243 514 3262 R
527 3242 578 3261 ΝΑ
588 3240 610 3260 Τ
620 3240 639 3260 0
649 3253 656 3264 ,
676 3237 728 3259 z'tre.
770 3231 914 3265 Delphines
933 3228 1081 3256 crocodilos
1101 3227 1188 3253 studio
1203 3228 1311 3254 eliciunt
1324 3228 1355 3254 ad
1420 3230 1486 3256 Cels.
1503 3238 1511 3255 1
1526 3227 1607 3262 praef.
1715 3227 1809 3253 Causas
1834 3226 1950 3261 priuatas
1969 3233 1994 3253 et
2014 3233 2104 3253 tenues
2123 3235 2199 3261 agere
2214 3227 2348 3259 subtilius,
2358 3229 2378 3239 ·’
2394 3238 2395 3242 ι
2412 3223 2434 3250 ,ὖ

308 3275 450 3301 natandum
466 3270 627 3304 demet-tique
643 3269 696 3295 astu
712 3267 880 3294 fraudulento
894 3272 983 3292 tenera
1001 3264 1135 3291 ventrium
1149 3263 1355 3291 subternatantes
1420 3271 1464 3292 aut
1478 3265 1561 3290 famae
1574 3261 1692 3288 ornatius
1712 3263 1767 3288 Cic.
1782 3263 1853 3288 Fam.
1870 3272 1894 3293 9,
1907 3270 1945 3289 21.
2028 3261 2102 3289 Idem
2116 3271 2165 3296 pro
2181 3264 2262 3289 Corn.
2276 3257 2362 3290 Balb.'
2386 3258 2430 3297 pli

310 3312 395 3336 secam
410 3315 435 3336 et
451 3307 607 3334 interimunt
627 3304 708 3330 Solin,
724 3312 746 3328 c.
762 3311 800 3333 32.
823 3336 829 3341 ·
1419 3303 1439 3327 Α
1453 3309 1507 3335 quo
1521 3299 1593 3330 haec,
1607 3306 1672 3331 quae
1685 3306 1733 3331 ego
1747 3305 1815 3323 nunc
1828 3305 1962 3330 percurro,
1976 3296 2135 3325 subtilissime
2148 3299 2205 3325 sunt
2218 3299 2308 3326 omnia
2321 3307 2353 3334 pe
2386 3304 2388 3311 ’
2404 3323 2409 3330 ,
2421 3304 2430 3323 ὓ

349 3354 362 3372 s
373 3354 393 3372 v
405 3350 421 3370 13
432 3350 452 3370 4-
466 3350 482 3370 ε
497 3349 515 3368 R
528 3348 550 3368 N
563 3347 583 3367 ν
598 3347 624 3372 s,
637 3349 661 3372 a,
681 3347 735 3365 nm.
779 3336 839 3362 Adi.
876 3335 1006 3371 lifferoius.
1043 3332 1164 3361 Prudent.
1180 3334 1298 3360 Hamart.
1312 3343 1356 3365 922
1418 3336 1488 3370 Conf
1507 3334 1641 3362 ldemAtt,
1658 3341 1678 3364 1,
1695 3341 1728 3364 13·
1832 3332 1898 3358 Gell.
1916 3342 1946 3363 Η,
1962 3341 1983 3366 5,
2386 3320 2401 3339 n

313 3381 428 3412 Rapidos
459 3379 582 3405 subterna
609 3374 688 3402 noete
719 3373 844 3399 caminos.
952 3370 1110 3403 Relligionis
1129 3377 1205 3403 opem
1226 3371 1355 3396 subternis
1365 3382 1400 3406 90
1459 3378 1472 3397 s
1483 3379 1504 3398 v
1516 3377 1531 3397 B
1543 3376 1563 3395 T
1574 3376 1581 3394 1
1593 3375 1608 3394 L
1620 3376 1628 3394 1
1639 3375 1740 3405 LOQV
1750 3374 1770 3393 V
1782 3373 1808 3399 g,
1829 3376 1858 3400 ἃ,
1872 3377 1926 3394 ΠΜ.
1946 3369 2006 3397 Adi⁴
2042 3364 2375 3405 Homines'subtiiiloquti}
2386 3362 2396 3390 t.
2414 3374 2433 3401 '1¹¹

314 3416 418 3448 poscere
431 3414 462 3440 ab
477 3413 558 3440 antris
577 3411 699 3439 Prudent.
715 3408 775 3435 adu.
790 3408 887 3439 Syinm.
902 3414 922 3437 i,
937 3414 992 3437 392.
1419 3406 1522 3441 losophi
1539 3404 1657 3432 Tertull.
1672 3409 1739 3429 cont,
1756 3404 1836 3431 Marc,
1848 3411 1871 3436 ς,
1887 3413 1922 3437 ¹9·
2358 3399 2402 3434 tm·

354 3456 366 3475 s
380 3457 398 3474 v
413 3456 426 3475 Β
437 3449 549 3481 Trito,
569 3447 643 3478 trini,
665 3448 775 3475 tritum,
793 3444 846 3468 'cre-
883 3441 1037 3473 [σνντρῖβω]
1073 3438 1236 3466 Comminncre
1250 3451 1257 3465 -·
1295 3444 1355 3475 quia
1457 3448 1470 3468 s
1482 3449 1502 3468 v
1514 3447 1529 3467 Β
1541 3447 1580 3467 Ti
1591 3447 1606 3466 L
1617 3446 1625 3465 1
1636 3445 1763 3473 LOQVE
1775 3445 1794 3463 N
1806 3445 1886 3471 Tin,
1900 3448 1938 3466 ae.
1957 3439 1976 3466 f.
2014 3439 2133 3466 Tertull.
2147 3438 2184 3466 ib.
2350 3467 2351 3470 Ἰ
2363 3434 2397 3472 Ἣ-

308 3483 356 3520 sub
369 3484 449 3518 lapide
457 3485 480 3519 s.
492 3483 583 3519 pifldlo
598 3488 712 3509 teruntur
731 3479 854 3517 quaedam.
909 3476 1041 3515 Columel.
1058 3483 1092 3514 ¹2¹,
1107 3483 1127 3514 ς.
1135 3475 1198 3500 Salis
1211 3476 1354 3502 sextarium
1457 3483 1471 3503 s
1482 3484 1503 3504 ν
1514 3483 1528 3502 Β
1538 3483 1575 3503 Ti
1586 3481 1679 3505 MEO,
1693 3482 1736 3506 ui,
1747 3478 1799 3500 ere.
1837 3475 1849 3508 [
1858 3474 2037 3508 ὖποφοβὶμαι]
2072 3475 2263 3510 Aliquantulum
2282 3477 2338 3501 time
2352 3459 2402 3534 ’,ἓξὲξ
2426 3480 2434 3493 ι·

318 3519 460 3550 subterito,
479 3526 503 3545 et
525 3518 635 3545 subtrita
656 3525 716 3543 curn
727 3520 863 3549 quartario
876 3510 962 3537 mellis
974 3516 1048 3536 aceto
1062 3509 1168 3536 dilutto.
1238 3511 1305 3537 Ibid.
1316 3514 1354 3543 56.
1418 3516 1508 3539 vereri.
1545 3511 1600 3537 Cic.
1616 3509 1726 3543 Philipp.
1740 3519 1763 3541 2,
1776 3511 1805 3541 36
1821 3519 1841 3536 c.
1857 3519 1887 3543 14
1903 3511 2044 3545 Numquid
2057 3511 2198 3541 subtimes,
2210 3519 2243 3536 ne
2259 3509 2291 3537 ad
2305 3515 2341 3537 te'
2355 3494 2404 3538 [df

316 3555 400 3581 Bones
434 3554 567 3580 subterunt
598 3553 690 3587 pedes,
725 3551 844 3577 Continuo
869 3549 961 3573 attritu
984 3547 1090 3581 ungulas
1104 3546 1193 3579 subtus
1212 3547 1356 3587 consumunt
1370 3557 1401 3583 93
1422 3558 1482 3574 tuen
1496 3547 1627 3583 pertinere
1638 3545 1783 3571 videatur?

317 3590 384 3616 Cato
396 3598 417 3614 c.
431 3596 471 3623 72.
575 3589 615 3615 Sic
638 3589 724 3614 Senec.
739 3584 818 3620 Epist.
833 3591 860 3617 5²
886 3583 917 3609 In
937 3580 1014 3608 molli
1032 3581 1193 3615 palustrique
1208 3583 1302 3616 pascuo
1317 3592 1356 3609 iu·
1460 3591 1472 3610 s
1490 3590 1507 3608 v
1519 3589 1535 3610 Β
1546 3588 1568 3608 Τ
1580 3589 1588 3607 1
1598 3589 1618 3607 N
1629 3587 1646 3605 N
1659 3587 1668 3605 1
1678 3587 1706 3610 O,
1720 3581 1766 3606 ire.
1805 3581 1840 3607 Vt
1863 3580 2049 3607 bacchantibu·
2074 3579 2236 3607 indumentis
2248 3570 2402 3615 aliqtiidqiss·

318 3630 406 3651 menta
421 3624 532 3657 sagiuata
546 3624 599 3649 cito
612 3624 789 3649 subteruutur.
1422 3620 1507 3651 niret,
1528 3616 1646 3650 cymbalo
1660 3616 1755 3641 inceffit
1774 3616 1892 3643 Tertull.
1907 3616 1938 3642 de
1954 3617 2013 3642 Pall.
2033 3625 2055 3642 c.
2069 3626 2093 3649 4.
2261 3631 2264 3634 -

357 3666 370 3686 s
383 3667 403 3686 v
413 3665 428 3684 Β
439 3665 461 3685 Τ
472 3666 489 3685 R
501 3660 512 3684 ι’
522 3665 542 3684 Τ
552 3666 570 3683 v
585 3665 597 3683 s
610 3680 618 3691 ,
636 3668 661 3690 a,
673 3667 727 3684 nm.
746 3655 837 3683 Partic.
875 3654 889 3688 [
896 3651 1116 3692 ὁποτετρῃξμέιος]
1157 3653 1205 3686 Vt,
1225 3652 1357 3680 Subtritae
1458 3661 1471 3680 s
1481 3661 1500 3679 v
1514 3659 1529 3680 Β
1539 3659 1577 3678 Ti
1589 3659 1609 3678 T
1620 3657 1641 3676 ν
1652 3657 1668 3677 Β
1677 3658 1707 3683 0,
1720 3657 1772 3678 are.
1801 3651 1956 3679 Dubitabile
1969 3651 2057 3686 peetus
2073 3649 2251 3678 subtitubante
2265 3649 2316 3677 fide
2333 3627 2403 3676 Pruilss·

318 3695 429 3729 vngulae
446 3705 451 3720 :
484 3694 508 3720 h.
524 3702 543 3718 e.
557 3696 657 3719 Amin.
671 3696 745 3719 nimio
758 3690 869 3726 corrosae
892 3688 974 3715 Plaut.
989 3689 1056 3714 Atm.
1070 3695 1176 3721 2,2‚73.
1284 3690 1357 3715 Cice·
1421 3689 1518 3725 Apoth.
1542 3697 1567 3714 v.
1583 3692 1629 3717 58¹-
2362 3712 2365 3713 ,
2395 3711 2399 3718 ,

318 3740 347 3757 ra
360 3729 435 3756 mista
450 3730 528 3764 paleis
543 3728 658 3754 subtritis
671 3728 760 3762 pecori
774 3725 914 3761 praebetur
933 3722 1133 3754 Colume1.2,11.
1240 3724 1309 3751 Add.
1320 3725 1357 3752 ld.
1367 3738 1415 3756 100
1459 3732 1472 3752 s
1482 3731 1501 3750 ν
1512 3731 1527 3751 Β
1537 3729 1584 3748 TR
1594 3722 1639 3748 ᾸΗ
1648 3728 1676 3751 Ο,
1690 3722 1726 3752 xi,
1735 3722 1815 3753 (Sinni,
1836 3723 1890 3749 gre.
1929 3721 2057 3756 [ὗφαιρὲω,
2070 3719 2186 3754 donno]
2222 3722 2271 3747 Pro
2289 3709 2405 3754 riefitblh‘

320 3769 344 3795 6,
360 3774 391 3797 ις.
507 3764 573 3790 Pliu.
589 3771 627 3795 33,
642 3771 663 3795 5.
699 3770 721 3788 et
735 3771 778 3794 34,
792 3769 817 3793 9.
1421 3760 1466 3786 bus
1477 3759 1590 3795 auferre,
1611 3764 1639 3783 ut
1652 3758 1733 3783 Ouid.
1748 3759 1776 3784 in
1790 3758 1849 3784 Ibin
1864 3767 1918 3791 424
1938 3756 2105 3783 Subtrahitur
2120 3757 2203 3790 presso
2218 3757 2271 3782 mol
2287 3756 2307 3781 is
2324 3753 2406 3783 armi*

357 3806 369 3825 s
382 3808 402 3825 ν
415 3806 431 3825 Β
444 3806 465 3825 Τ
477 3806 493 3826 r.
503 3807 545 3826 iti>
555 3806 570 3825 Ε
583 3804 603 3823 Ν
616 3804 633 3823 D
643 3805 659 3823 E
669 3803 719 3823 NT
729 3805 737 3823 i
748 3805 769 3823 A
787 3796 855 3822 mala
876 3794 971 3821 Pallad.
986 3794 1063 3819 Mart.
1080 3801 1118 3823 ιο,
1132 3797 1155 3822 8.
1422 3796 1464 3821 de.
1571 3792 1659 3819 Solum
1674 3793 1835 3820 subtrahitur
1855 3794 1929 3828 Virg.
1944 3794 2008 3818 Aen.
2022 3800 2044 3824 5,
2061 3799 2114 3823 ¹99·
2157 3791 2204 3818 Sed
2217 3794 2291 3817 multo
2301 3784 2406 3821 tatiusj'f

357 3841 370 3860 S
382 3842 400 3859 V
412 3842 426 3860 Β
436 3841 456 3859 Τ
466 3842 481 3861 E
490 3842 508 3860 R
520 3842 535 3860 R
549 3841 570 3860 Α
580 3840 601 3859 Ν
611 3840 626 3859 E
638 3840 657 3859 V
669 3840 694 3864 S,
708 3842 732 3863 a,
744 3841 797 3858 um.
820 3831 878 3857 Adi.
914 3829 1058 3863 [ὑπόγειος]
1096 3828 1168 3862 Qod
1180 3827 1267 3864 estsub
1279 3835 1356 3856 terra.
1413 3828 1588 3866 fignificatqut
1601 3832 1736 3864 gmerati'm
1750 3830 1865 3864 auferre,
1887 3836 1915 3855 υι
1940 3828 2004 3854 Ptin.
2019 3836 2049 3858 ιι,
2064 3831 2089 3856 18
2127 3826 2295 3853 Subtrahitur
2313 3823 2406 3857 itaqu&

319 3870 450 3895 Columel.
467 3879 484 3898 i,
499 3873 514 3895 6
535 3869 639 3895 Vinffls
653 3869 697 3901 qui
714 3867 915 3893 saluberrimum
930 3865 1125 3892 subterraneum
1139 3864 1357 3898 ergastulumplu-
1420 3874 1491 3900 apum
1504 3870 1612 3889 mortuus
1633 3864 1754 3891 diduelae
1773 3863 1949 3891 multitudini.
2035 3863 2107 3888 Caes.
2122 3863 2188 3888 Bell.
2201 3862 2268 3888 Gall.
2282 3866 2304 3892 8,
2316 3868 2340 3892 33
2357 3857 2406 3884 ΜΠ,

318 3905 394 3932 rimis
402 3924 411 3937 ,
433 3905 512 3939 sitque
530 3904 557 3931 id
571 3903 684 3939 angustis
699 3903 856 3930 illustratum
869 3901 999 3929 fenestris.
1103 3899 1168 3927 Plin.
1181 3908 1208 3933 9,
1222 3908 1254 3936 57
1273 3900 1356 3934 Qiid-
1366 3914 1410 3942 105
1423 3907 1511 3928 autem
1524 3899 1711 3935 impedimenta
1725 3901 1920 3935 oppidanorum
1931 3897 2044 3931 videret,
2052 3906 2119 3933 quae
2132 3898 2151 3926 ss
2163 3897 2318 3926 clandestina
2331 3885 2407 3935 fri-eth*

2349 3934 2380 3956 tre
2388 3927 2406 3948 Γ(
