2434 4156
45 101 106 141 ,37
447 77 480 121 R
561 78 598 120 E
655 77 716 120 .L

46 177 154 216 pauidos
162 175 280 204 'terrebat
289 172 400 208 agrestes
419 170 487 198 Dira
500 170 564 197 loci.
636 169 694 195 Huc
701 169 822 204 pertinen
835 174 890 192 cum
900 170 951 202 pro
964 163 1089 202 Supeffli.

46 220 113 244 tione
117 215 230 251 ponitur,
248 218 276 237 vt
291 211 374 236 Varro
393 207 461 243 apud
474 207 548 234 Non.
562 215 598 240 4,
615 210 662 239 387
750 239 756 248 '

176 253 179 257 ·
239 247 303 274 Non
321 244 351 271 fit
368 243 496 270 thesauris
517 251 572 270 non
591 249 656 268 auro
670 237 748 279 pefiu
763 237 891 279 ‘solutum

238 282 304 310 Non
318 281 422 307 demant
436 280 531 306 animis
544 285 617 305 curas
635 284 664 303 ac
683 274 835 315 relligiones

239 318 373 345 Persarum
394 324 513 349 montes,
531 323 584 341 non
596 312 661 342 atria
673 310 762 337 diuiti’
773 308 860 336 Crassi.
1011 344 1017 350 .

45 357 149 384 Luci-ei.
161 363 182 387 1,
194 356 231 389 64
252 354 374 380 Humana
389 360 445 378 arte
459 352 550 379 oculos
564 348 639 375 foede
653 356 713 373 cuni
731 346 785 372 vita
799 346 895 372 iaceret
908 344 938 371 In
953 349 1032 372 terris
1044 353 1090 379 op·

44 393 124 427 press'a
138 391 214 426 graui
227 390 274 416 sub
287 388 438 423 relligione.
508 384 612 420 Religio
625 382 750 410 scelerosa
765 382 869 408 Lucret.
883 389 892 407 i
901 402 911 416 ,
925 387 968 415 34.
1042 382 1091 407 Re.

44 428 163 455 frenatus
182 426 322 460 relligione
341 423 379 451 ld.
393 432 420 457 5,
444 431 489 458 115.

44 483 47 486 .
83 469 128 489 RE
138 464 274 488 motos
284 467 343 493 VS,
363 469 387 493 a,
401 469 454 486 um.
492 457 550 485 Adi.
584 452 725 490 [ffiwessiz
739 450 844 485 svcerls,
858 450 984 486 ἔυλαξὴς]
1019 452 1088 479 Geli.

43 506 73 532 4,
86 506 103 530 9
123 506 152 524 ex
166 496 282 531 Nigidio
295 496 400 531 Figulo,
413 499 451 529 Q
841 526 845 529 .
864 525 868 529 Ι

43 540 72 560 et
85 532 262 567 superstitiosa
275 532 408 566 religione
423 532 473 559 sese
485 529 651 563 alligauerat:
669 534 751 560 eaque
766 534 807 552 res
820 531 890 551 vitio
907 523 1088 558 aiiignabatur.

0 595 3 599 ,
45 571 137 630 Pergit
148 568 300 601 deinde‚Sed
314 576 417 602 praeter
429 567 483 597 ista,
497 572 562 598 quae
570 561 698 597 Nigidius
713 562 787 594 dicit,
805 560 859 588 alio
873 560 988 594 quodam
1003 560 1089 587 diuer-

364 601 507 638 Religiosus
519 608 569 635 pro
581 598 649 625 casto
662 604 741 631 atque
755 597 924 628 obseruatio,
940 595 1089 623 cohibenti-

110 613 127 630 o
140 604 348 638 fignificanoms'
794 633 881 659 Simili
901 638 988 659 autem
1007 632 1088 659 modo

43 610 97 675 2132
109 640 160 666 sese
174 641 252 667 certis
262 640 375 675 legibus,
394 638 539 670 sinibusque
557 634 610 661 dici
625 641 741 668 coeptus.

441 495 543 522 uocirca
556 491 695 525 religiosus
708 490 731 516 is
742 489 932 524 appellabatur,
943 488 989 522 qui
1005 488 1088 515 nimia
1103 496 1137 518 ἰο
1149 488 1332 522 relinquebat.

1118 595 1121 597 ⁴
1151 595 1262 622 modum
1271 614 1280 627 ,
1296 602 1344 620 etc.

1542 71 1823 113 REL
2142 81 2205 127 138

1152 165 1294 194 obturatum
1304 169 1360 192 erat
1373 165 1478 200 aperit-e.
1514 162 1584 190 Ter.
1599 163 1696 190 Heaut.
1707 171 1729 195 3,
1738 171 1760 196 1,
1774 170 1801 196 51
1822 162 1915 190 Releui
1929 165 2000 194 dolia
2008 166 2100 195 omnia
2112 174 2206 194 omnes

1151 204 1239 229 serias.
1348 200 1430 227 Plaut.
1446 199 1526 226 Stich.
1541 207 1571 232 5,
1583 208 1618 232 4,
1632 204 1660 231 38
1679 199 1755 226 ΝοΙο
1775 207 1826 234 ego
1846 208 1894 225 nos
1914 209 1961 234 pro
1976 204 2079 230 summo
2097 203 2207 230 bibere:

1150 239 1220 264 nulli
1237 237 1375 264 relerimus
1387 235 1488 270 postea:
1526 236 1576 261 Pro
1590 235 1782 261 Releueriinus.
1820 238 1837 261 i.
1860 237 1931 261 Nullt
1945 236 2057 273 deincep.
2068 243 2154 266 vinum
2166 238 2205 265 de.

1148 275 1335 310 promfifimus,
1421 271 1478 297 Cic.
1492 272 1544 297 Att.
1554 279 1574 302 1,
1587 279 1610 303 ¹3
1621 278 1666 306 pr.
1687 272 1792 304 Qiotus
1808 271 1880 297 enim
1895 271 2008 306 quisque
2023 274 2068 306 est,
2084 284 2120 309 qu
2147 274 2203 308 epi.

1111 316 1128 342 ς
1153 310 1246 337 stolam
1261 309 1351 343 paullo
1365 307 1517 342 grauiorem
1532 307 1604 333 ferre
1616 305 1697 341 potiit,
1715 306 1762 332 nisi
1775 315 1833 333 eam
1846 315 1892 341 per
1905 307 2049 335 leelionem
2064 311 2208 339 felt-„erist

1154 345 1202 374 Sed
1214 345 1288 371 Grur.
1304 347 1410 371 Groizou.
1423 343 1583 377 pelieoione
1596 342 1738 375 releuarit,
1757 351 1813 368 cum
1825 341 1941 377 aliufione
1959 342 1993 369 ad
2005 347 2152 378 grauiorem.

1153 412 1155 414 ¹
1191 388 1208 407 R
1220 386 1233 406 r
1245 388 1260 406 1,
1274 388 1281 406 1
1295 388 1315 407 N
1338 387 1421 409 ›vo‚
1441 378 1526 414 liqui,
1541 378 1650 409 licium,
1667 380 1721 405 ere.
1757 377 1866 411 [λάκω,
1889 377 2027 409 ἀπολείπω,
2045 380 2206 416 neemanim...]

1153 417 1285 452 Discedere
1302 417 1332 442 ab
1344 418 1434 452 aliquo.
1519 414 1601 440 Plaut.
1617 414 1694 441 Most.
1709 423 1730 447 1,
1743 422 1766 447 3,
1778 422 1812 447 45
1832 414 1961 448 Reliquit,
1976 413 2142 448 deseruitque
2155 425 2207 444 nie.

1151 453 1226 480 Caes.
1244 452 1297 478 Bell
1320 452 1422 485 Gall.5,
1435 459 1450 484 9
1473 451 1504 476 In
1523 450 1603 476 litore
1620 450 1697 476 molli
1717 456 1796 484 atque
1809 456 1902 485 aperto
1917 449 2043 484 deligatas
2056 450 2087 476 ad
2102 458 2208 478 ancoras

1425 487 1508 514 Plaut.
1524 487 1639 519 ΤΗΚ-,3,
1653 488 1678 516 6,
1694 494 1724 518 32.
1741 487 1816 519 Qiae
1830 495 1873 512 nie
1887 485 1930 512 hic
1945 485 2057 519 reliquit
2071 491 2150 520 atque
2164 488 2208 514 ab-

1151 524 1227 551 stitit.
1299 524 1438 550 Praetereo
1448 531 1476 549 ac
1491 522 1614 555 relinquo
1625 523 1683 549 Cic.
1693 523 1770 548 Verr.
1780 532 1800 554 3,
1814 529 1871 554 105:
1892 530 1939 547 uon
1955 520 2047 548 troffo.
2119 522 2209 549 Relin-

1151 568 1233 596 quere
1250 558 1279 585 de
1291 559 1438 593 hereditate,
1457 558 1539 585 Plaut.
1555 558 1614 584 Aul.
1631 557 1700 592 prol.
1716 566 1740 589 13
1761 558 1826 591 Agri
1847 556 1958 591 reliquit
1972 557 1997 583 ei
2018 566 2072 584 non
2084 565 2211 591 inagnum

1435 594 1504 622 Ter.
1517 594 1625 621 Phorm.
1639 602 1665 625 2,
1679 602 1705 623 2,
1718 595 1755 627 46
1775 595 1809 620 At
1822 593 1839 619 li
1854 592 1983 619 talentum
1997 602 2053 620 rein
2065 593 2213 628 reliquisset

1155 632 1254 661 decem,
1275 630 1378 664 primus
1391 632 1463 663 effes,
1483 638 1529 658 etc.
1617 629 1780 664 Relinquere
1800 629 1933 663 aliquem,
1954 630 2025 655 Nolle
2042 632 2129 655 iuuare
2153 629 2213 655 Cic.

2118 710 2132 727 2
2154 701 2213 728 suh-

33 676 90 702 rilla
102 684 211 711 quoque
225 676 353 702 vocabula
365 676 398 703 ab
410 672 499 701 eadem
513 670 631 706 profe&a
649 669 772 704 origine,
791 668 926 695 diuersum
945 668 1090 703 lignificare
1108 673 1134 700 ις
1155 668 1225 695 Fam.
1235 668 1319 706 13‚,⁶4
1340 666 1462 692 Tantum
1476 676 1490 693 3
1503 674 1529 693 te
1542 664 1665 701 petimus,
1678 671 1707 691 vt
1724 674 1783 700 agas
1803 673 1861 691 eam
1875 674 1946 696 rem,
1969 674 2003 691 ne
2017 665 2151 737 relinquas
2165 664 2213 692 ho-

0 727 2 743 ;
43 711 178 743 videntur,
195 711 312 748 Religiosi
325 712 387 744 dies,
406 715 430 736 et
442 705 694 747 Religiosaldnelubrm
770 741 774 746 .
957 741 961 746 ⁶
987 742 991 745 -

2 765 3 768 =
42 754 139 774 cuntur
151 748 219 775 tristi
231 750 324 774 omine
339 747 460 775 infames,
480 743 666 782 impedirique,
686 749 715 768 in
731 741 828 775 quibus
843 747 869 767 et
882 749 922 766 res
936 740 1039 766 diuinas
1053 739 1090 765 fa-

34 872 41 891 v

749 704 867 741 Religiolt'
886 705 957 731 enim
979 704 1031 730 dies
1051 703 1090 729 di-

43 791 113 814 cere,
128 789 155 810 et
169 793 226 810 rem
240 784 386 818 quampiam
398 788 495 807 nouam
509 778 628 805 exordiri
646 776 848 812 temperandum
868 777 916 803 est:
937 784 1003 811 quos
1023 774 1091 801 mul-

43 819 132 845 titudo
147 820 334 854 imperitorum
346 825 425 853 praue
443 821 469 842 et
488 822 625 850 perperam
639 814 761 841 Nefastos
783 813 925 848 appellant.
996 812 1089 845 ltaque

1155 704 1255 730 minem
1271 709 1440 728 innocentem
1454 702 1486 728 ad
1499 703 1609 729 alicuius
1623 703 1662 728 tui
1678 701 1807 727 dissiniilis
1827 700 1972 735 quaestum.

1152 738 1277 771 flantium:
1323 737 1436 764 Aculeos
1449 738 1601 773 relinquere
1614 738 1641 764 in
1655 737 1752 764 animis
1761 737 1923 763 auditorum.
1945 736 1999 763 vid.
2015 743 2037 763 Α
2049 742 2067 763 C
2078 744 2098 762 V
2110 742 2117 761 1
2135 742 2151 762 Ε
2161 743 2182 762 ν
2191 744 2215 763 s.

1154 776 1212 802 Cic.
1231 783 1280 809 pro
1294 773 1389 807 Qiint.
1404 782 1428 805 15
1455 774 1593 808 Propterea
1615 773 1687 809 quod
1700 774 1731 800 C.
1751 772 1833 800 frater
1852 773 2018 808 aliquantum
2031 772 2108 799 Aeris
2128 772 2214 798 alieni

1153 812 1308 846 reliquerat.
1346 812 1365 835 ι’.
1387 811 1505 836 Mortuus
1512 811 1603 845 fuerat
1617 819 1665 836 non
1676 809 1802 846 persoluto
1815 817 1870 835 aere
1889 810 1978 835 alieno.
2067 810 2159 835 Amata
2174 817 2216 835 reo

42 855 338 888 M-Cicero(Att.9,5)
356 853 477 883 Maiores,
492 851 591 885 inquit,
599 849 677 883 nostri
689 847 854 886 funestiorem
870 850 934 876 diem
953 845 996 881 effe
1011 850 1090 874 volue-
1098 859 1134 878 20
1153 848 1278 882 linquere
1291 845 1385 878 pernix
1408 845 1473 871 Hor.
1491 853 1517 871 in
1532 847 1594 872 Arte
1608 847 1681 872 Poet.
1698 849 1740 877 165
1767 845 1793 870 iri
1813 847 1910 871 iuuenis
1927 846 2028 881 ingenio
2047 844 2214 879 deycribendo.

329 897 351 922 e,
367 897 438 924 quam
451 887 522 913 urbis
535 893 638 922 captae,
657 885 723 921 quod
737 886 782 912 hoc
795 887 884 912 malum
897 894 926 911 ex
940 884 991 910 illo.
1038 884 1091 910 lta-

43 898 105 918 runt
119 891 236 926 Alliensis
245 899 280 932 pu

43 935 89 962 que
105 929 169 954 alter
182 928 279 962 religio
290 933 318 952 us
332 927 405 951 etiam
417 932 482 949 nunc
493 922 555 955 dies,
575 923 640 948 alter
652 925 680 948 in
695 923 784 958 vulgus
799 925 908 958 ignotus.
1017 918 1091 945 Idem

0 989 2 994 ⁸
43 969 131 988 tamen
146 964 183 989 Μ.
197 962 306 990 'I'ullius
325 960 354 987 in
371 958 494 986 oratione
513 958 545 985 de
559 958 714 985 Accusatore
733 956 935 988 constituendo,
959 956 1043 987 (Diu.
1059 956 1088 981 in

7 1345 11 1348 .
43 1319 133 1346 &ione

34 3023 173 3052 'deseelam
187 3025 295 3051 herbam
309 3025 420 3060 religare
434 3026 494 3052 Col.
508 3035 518 3051 2
527 3045 535 3057 ‚
549 3032 591 3058 18,
605 3036 617 3054 ς
636 3033 717 3061 nempe
729 3026 915 3062 infasciculos.

45 999 164 1031 (ἷκε-3)
190 997 310 1034 Religiosa
329 995 427 1022 delubra
446 995 529 1027 dicit,
548 1002 602 1020 non
619 994 739 1020 ominosa
759 1003 807 1020 nec
826 993 926 1022 tristia,
948 991 991 1018 sed
1011 992 1091 1018 maie-

45 1034 117 1060 statis
126 1035 352 1067 venerationisque
361 1031 447 1066 plena.
483 1030 622 1057 Massurius
629 1035 717 1056 autem
725 1028 835 1056 Sabinus
844 1029 872 1055 in
879 1027 1090 1057 commentariis,
1101 1038 1132 1062 25
1154 1036 1169 1054 2
1178 1048 1185 1060 ,
1199 1030 1212 1051 6
1252 1025 1398 1060 Reliquere
1411 1025 1489 1051 vires.

44 1079 114 1104 quos
128 1070 161 1096 de
174 1069 303 1105 indigenis
315 1067 474 1102 composuit,
482 1065 640 1102 Religiqsum,
652 1066 752 1100 inquit,
760 1066 802 1099 qli,
810 1065 874 1101 qood
882 1070 986 1100 proptor
994 1063 1094 1100 sarid-‘ti-

45 1113 121 1132 tatem
135 1108 239 1142 aliquam
250 1111 366 1132 remotum
379 1112 408 1129 ac
415 1102 547 1139 „sepositum
558 1111 574 1128 a
588 1101 659 1128 nobit
676 1100 718 1135 cst.
777 1101 881 1127 Verbum
901 1109 916 1126 a
934 1098 1094 1134 relinquendo

45 1141 148 1174 dietum,
161 1148 276 1176 tanquam
286 1137 589 1166 caerimoniaeacarendo.
683 1137 817 1164 Haftenus
825 1136 928 1163 Gellius
946 1136 1013 1171 apud
1025 1144 1094 1171 quem

45 1181 118 1203 etiam
127 1177 210 1212 plura.
281 1174 419 1210 Religiosi,
432 1181 460 1201 vt
474 1177 547 1201 etlam
562 1173 636 1200 Non.
650 1181 672 1206 5,
687 1176 719 1206 36
739 1173 822 1207 placet
832 1192 840 1204 ,
853 1172 918 1199 dieti
932 1173 1006 1202 sunt,
1020 1170 1092 1206 quasi

44 1211 187 1246 relinquosi
201 1217 365 1239 caeterorum
379 1210 516 1242 omnium,
541 1209 676 1236 sacrificiis
697 1209 856 1236 deseruiant.

42 1248 122 1283 paullo
134 1249 218 1274 melior
229 1249 374 1284 etymologia
386 1249 413 1273 in
422 1246 547 1280 Religens
561 1252 585 1271 et
592 1245 699 1280 Religio
709 1245 835 1281 proposita
848 1242 890 1277 efl.
963 1244 1092 1270 Caeterum

46 1284 131 1310 Varro
144 1293 159 1310 a
177 1283 210 1310 ud
223 1283 328 1318 August.
343 1283 375 1309 de
389 1282 494 1314 C.D.(»‚
507 1290 523 1315 9
544 1281 709 1316 Religiosuni
722 1290 736 1308 a
755 1280 936 1315 superstitioso
955 1287 985 1306 ea
1006 1278 1096 1305 distin-

148 1291 281 1352 dpiscernit,
294 1325 322 1346 vt
334 1327 349 1346 a
362 1318 544 1353 superstitioso
558 1318 627 1344 dicat
640 1317 731 1344 timeri
747 1315 993 1350 Deos,aRoligioso
1006 1320 1095 1341 autem

43 1360 145 1382 tantum
162 1355 249 1382 vereri
263 1361 291 1382 vt
305 1361 436 1389 parentes,
448 1362 502 1380 non
515 1358 544 1380 vt
558 1352 644 1379 hostes
657 1353 756 1379 timeri.

44 1391 113 1425 pius,
129 1398 267 1418 contraria.
303 1390 356 1415 vid.
373 1395 492 1415 lnii’lvs.

45 1435 105 1452 reos
118 1426 216 1452 dixerat
229 1425 272 1458 iffi:
286 1434 388 1457 omnes,
402 1432 516 1459 quorum
527 1423 560 1450 dc
572 1432 600 1450 re
613 1424 780 1458 disceptatur,
795 1423 876 1455 addit,
889 1424 998 1450 Horum
1011 1428 1096 1456 igitur

47 1462 197 1496 exprimere
212 1470 300 1488 mores
314 1462 446 1493 oratione,
460 1460 550 1491 iustos,
565 1459 692 1494 integrm,
705 1460 861 1493 religiosos,
876 1458 997 1489 timidos,
1011 1457 1096 1491 perfe-

48 1504 134 1524 rentes
148 1496 322 1529 iniuriarum,
336 1497 432 1523 mirum
446 1495 571 1531 quiddam
585 1497 664 1522 valet.
739 1498 832 1529 Nempe
845 1496 918 1520 talem
931 1492 1096 1533 videristmm

46 1535 168 1565 drentem,
182 1539 289 1568 patrono
303 1533 407 1568 optabile
418 1530 459 1565 est.
549 1531 605 1558 Cic.
620 1531 652 1557 tle
666 1531 724 1557 Fin.
738 1539 764 1560 2,
778 1538 810 1556 22
834 1529 916 1563 Atqui
932 1536 1096 1563 reperiemus

824 1373 825 1376 ,
854 1351 1003 1386 Religiosiis
1017 1351 1097 1377 111111-

962 1207 1010 1235 Sed
1027 1206 1095 1233 houd
1107 1216 1139 1240 30
1159 1216 1218 1234 cum
1234 1207 1335 1233 virtute
1350 1205 1481 1232 Certatio.

581 1388 636 1415 Cic.
650 1389 682 1415 de
696 1390 770 1415 Orat.
784 1396 816 1420 2,
831 1393 876 1421 184
888 1395 951 1420 043
968 1385 1095 1427 poliqifam
1111 1394 1141 1423 ἃς

1151 885 1209 911 Cic.
1224 883 1256 909 de
1263 882 1322 908 Fin.
1332 890 1358 914 2,
1366 889 1399 914 45
1418 881 1491 914 Qiid
1500 890 1559 915 ages
1573 882 1687 912 tandein,
1699 881 1717 908 si
1730 880 1831 907 Vtilitas
1845 881 1878 907 ab
1891 881 2011 907 amicitia
2028 881 2072 914 (vt
2087 880 2116 906 fit
2126 880 2215 915 saepe)

1153 919 1297 946 defeceritz
1317 917 1502 952 relinquente?
1575 918 1698 944 Animam
1714 917 1864 952 relinquam
1879 916 1983 952 potius,
2005 925 2083 949 quani
2098 916 2156 942 illas
2171 916 2217 942 de-

1154 957 1247 982 seram.
1285 956 1304 980 i.
1320 954 1422 980 Moriar
1436 957 1530 987 potius,
1551 953 1620 979 Ter.
1635 953 1778 987 Adelph.3‚
1790 962 1818 986 4,
1832 960 1869 986 52.
1961 952 2074 979 Animus
2086 952 2218 986 relinquit

1156 1001 1226 1023 cam,
1241 998 1290 1026 pro
1304 988 1408 1023 Deficit,
1419 989 1473 1022 siue
1486 989 1596 1015 concidit
1608 992 1690 1015 animo
1709 989 1792 1015 Plaut.
1806 988 1865 1015 Mil.
1879 997 1914 1022 4,
1934 993 1964 1021 8,
1982 997 2018 1020 37.
2056 989 2087 1015 Et
2102 988 2175 1014 Men.
2191 995 2217 1021 ς,

1562 1024 1631 1060 conf.
1646 1026 1731 1051 Burm.
1744 1025 1777 1050 ad
1790 1023 1921 1058 Quinem.
1934 1024 2007 1051 Decl.
2025 1032 2066 1056 13,
2086 1026 2102 1049 6
2121 1033 2146 1058 p.
2158 1029 2218 1058 278.

1155 1064 1217 1090 Ter
1238 1063 1336 1088 Heaut.
1352 1070 1382 1095 3,
1396 1069 1425 1094 3,
1440 1068 1475 1093 42
1497 1061 1531 1086 Ea
1549 1060 1644 1086 relic'la
1657 1060 1720 1085 huic
1734 1060 1888 1087 Arrhation‘i
1907 1061 1944 1086 est
1965 1069 2014 1095 pro
2034 1059 2085 1086 illo
2099 1066 2220 1094 argento.

1155 1102 1175 1126 ι’.
1198 1101 1226 1124 ln
1237 1105 1341 1134 pignus.
1415 1096 1476 1123 Liu.
1492 1105 1521 1129 4,
1535 1103 1553 1130 7
1570 1095 1694 1122 Tribuni
1709 1095 1794 1130 plebis
1808 1102 1940 1122 certamen
1954 1096 2006 1122 sine
2022 1094 2118 1122 εῆὶᾶιι
2135 1096 2162 1122 in
2171 1096 2219 1122 Be-

1155 1134 1253 1162 neficio
1266 1133 1333 1168 apud
1348 1132 1479 1167 primores
1494 1141 1598 1166 patrum
1612 1131 1757 1166 reliquere.
1832 1131 1891 1157 Cic.
1905 1132 1937 1157 dc
1946 1132 2035 1161 Fin.2,
2048 1140 2086 1164 44
2107 1132 2144 1158 Ita
2161 1140 2217 1158 cae·

1154 1178 1278 1198 (ει-0111111
1293 1169 1431 1196 sententiis
1445 1169 1552 1195 semotis
1566 1168 1744 1202 relinquitur,
1764 1175 1818 1193 non
1833 1166 1902 1193 mihi
1917 1176 1977 1193 cum
1993 1167 2153 1201 Torquato,
2175 1166 2220 1194 sed

1553 1204 1672 1230 Comites
1687 1204 1714 1229 in
1729 1203 1798 1229 valle
1813 1202 1925 1237 reliquit
1945 1202 2026 1229 Ouid.
2041 1202 2072 1228 de
2090 1203 2150 1229 Arte
2159 1202 2220 1229 Am.

1159 1252 1180 1276 3,
1195 1250 1246 1277 7¹1-
1319 1241 1424 1268 Conciti
1437 1240 1550 1274 reliquit
1563 1239 1711 1266 Curionem
1727 1239 1783 1266 Cic.
1799 1239 1872 1266 Brut.
1886 1240 1929 1265 26.
2003 1238 2035 1265 In
2050 1239 2221 1265 Commenta-

1157 1280 1206 1306 riis
1222 1277 1375 1310 relinquere
1397 1277 1462 1303 Plin.
1478 1285 1520 1308 29,
1531 1285 1559 1308 4.
1589 1275 1761 1311 subwdscri
1779 1283 1838 1301 timi.
1875 1275 1934 1301 Cic.
1949 1275 2039 1307 Att.5,
2055 1283 2077 1300 21
2100 1274 2169 1301 Illud
2184 1281 2223 1301 ta-

1158 1324 1220 1342 men
1233 1323 1287 1340 11011
1302 1313 1428 1345 desinam,
1449 1312 1513 1338 dum
1532 1312 1617 1338 adeffe
1634 1311 1734 1346 putabo
1774 1320 1787 1337 e
1801 1311 1919 1337 Caesaris
1939 1310 2048 1337 nomine
2067 1318 2170 1345 rogare,
2192 1317 2223 1337 vt.

1159 1350 1320 1378 Confeetnm
1336 1350 1476 1383 relinquas.
1515 1351 1533 1374 i.
1552 1348 1670 1383 conficias
1681 1355 1738 1373 ante
1757 1345 1892 1382 disi-assum.
1976 1345 2033 1373 Cic.
2048 1346 2120 1372 Fam.
2136 1355 2170 1379 15,
2191 1354 2222 1373 21

1158 1388 1193 1413 Vt
1206 1395 1285 1412 vnam
1299 1385 1368 1411 mihi
1381 1383 1601 1411 Consolationem
1617 1383 1758 1416 relinquas.
1814 1381 1853 1410 Id,
1863 1380 1942 1408 Acad.
1953 1390 1973 1414 1,
1990 1389 2018 1415 17
2044 1381 2119 1408 Illam
2129 1390 2221 1408 autem

1156 1421 1316 1447 Socraticam
1331 1420 1527 1446 dubitationem
1541 1417 1573 1444 de
1585 1418 1712 1444 omnibus
1726 1417 1815 1451 rebus,
1833 1424 1859 1443 et
1874 1417 1944 1443 nulla
1953 1415 2130 1443 affirmatione
2142 1417 2217 1444 adhi—

1158 1457 1226 1489 bita,
1245 1455 1471 1482 Consuetudinem
1486 1454 1625 1480 disserendi
1642 1453 1816 1486 reliquerunt.
1853 1452 2051 1478 Consultationi
2065 1453 2221 1486 relinquere

1158 1492 1219 1519 Liu.
1235 1500 1276 1524 25,
1314 1511 1320 1517 .
1360 1510 1366 1517 .
1403 1511 1408 1516 .
1446 1492 1579 1516 Remntere
1592 1489 1626 1515 ad
1638 1489 1853 1523 consultationem.
1925 1488 2072 1514 Curionem
2085 1488 2223 1522 quondam

1160 1527 1255 1553 concio
1268 1526 1399 1559 relinquit
1417 1525 1474 1552 Cic.
1489 1524 1520 1550 de
1535 1525 1606 1550 Clar.
1621 1524 1697 1550 Orat.
1711 1530 1736 1550 z‘
1747 1542 1753 1549 .
1862 1523 1935 1549 Idem
1950 1523 2024 1549 Fam.
2036 1532 2070 1555 4,
2087 1532 2097 1550 1
2118 1523 2223 1550 Vrbem

45 1568 131 1594 asotos
145 1569 181 1594 ita
195 1577 250 1594 non
263 1568 444 1603 religiosos,vt
457 1565 536 1594 edant
547 1566 580 1593 de
593 1566 698 1601 patella,
713 1565 1036 1602 uafisacrv‚›11'mirum,in
1049 1571 1096 1597 quo
1104 1571 1142 1596 40
1156 1562 1214 1587 >sine
1230 1560 1344 1594 legibus,
1365 1560 1418 1586 sine
1439 1559 1537 1586 iudicis
1547 1579 1556 1591 ‚
1575 1559 1629 1586 line
1646 1560 1722 1591 iure,
1743 1558 1797 1585 sine
1816 1557 1868 1585 fide
1888 1558 2010 1585 relictam
2026 1559 2181 1594 Direptioni
2196 1566 2224 1586 et

46 1601 96 1629 Dis
109 1602 228 1636 affluar,
234 1603 370 1639 sacrilegio
383 1604 475 1630 ablata.
546 1604 630 1629 Aures
644 1603 795 1629 Atticorum
808 1605 902 1625 teretes
915 1604 941 1624 et
956 1598 1097 1631 religiosae

47 1638 104 1664 Cic.
119 1639 146 1663 in
159 1638 234 1664 Orat.
249 1645 288 1672 27.
324 1638 376 1664 vid.
392 1645 524 1665 RELlGIO
537 1647 562 1663 n.
576 1646 596 1663 t.
687 1635 827 1663 Dedicatio
845 1634 882 1660 est
896 1633 1021 1667 religiosa
1039 1632 1097 1673 Cic.

45 1682 94 1709 pro
109 1673 195 1700 Domo
209 1681 258 1705 125.
329 1673 403 1699 Idem
414 1675 488 1702 Verr.
502 1682 531 1705 4,
545 1680 592 1705 124
611 1672 735 1697 Herculis
750 1669 879 1704 templum
893 1668 929 1694 est
943 1668 1011 1701 apud
1020 1668 1098 1701 Agri-

46 1710 182 1743 gentinos,
204 1717 258 1735 non
272 1708 349 1743 longe
363 1717 378 1735 a
399 1709 476 1739 foro,
499 1709 558 1733 sanc
578 1706 695 1733 sanetum
714 1706 782 1741 apud
802 1705 865 1731 illos
885 1710 912 1731 et
930 1704 1096 1738 religiosum.

48 1747 109 1772 Dies
122 1744 248 1779 religiosi,
267 1743 319 1771 vid.
329 1744 413 1779 paullo
424 1750 482 1769 onte
493 1752 523 1768 ex
535 1742 625 1769 Gellio
638 1751 672 1776 4,
685 1750 710 1775 9.

46 1781 109 1808 Dies
124 1788 196 1808 erant
217 1780 287 1813 duo,
307 1780 354 1815 qui
368 1779 424 1814 post
437 1779 543 1805 Latinas
556 1778 688 1805 habentur
705 1777 835 1812 religiofi.
871 1776 940 1812 conf.
958 1776 1020 1802 Liu.
1033 1777 1065 1806 6,
1081 1784 1099 1802 1.

46 1818 160 1843 Domum
173 1816 258 1843 facere
270 1815 386 1850 aliquam
398 1814 551 1849 religiosam
570 1814 626 1841 Cic.
643 1814 675 1841 de
691 1815 784 1848 Arusp.
798 1813 874 1847 Resp.
886 1821 920 1845 33.
996 1812 1099 1838 Fanum

45 1852 120 1879 Idem
134 1860 183 1888 pro
198 1853 227 1879 L.
243 1852 336 1878 Manil.
348 1861 370 1878 c.
383 1859 424 1877 22.
498 1850 605 1877 Limina
624 1850 748 1884 religiosa
766 1849 878 1875 deorum
899 1848 973 1882 Virg.
997 1848 1062 1873 Aen.
1077 1856 1098 1880 2,

45 1891 98 1921 365.
170 1889 220 1914 Rcs
235 1887 454 1922 religioflssimac,
470 1893 492 1912 et
506 1887 600 1916 Nefas,
617 1889 748 1913 contraria
768 1886 826 1912 Cic.
840 1884 872 1911 de
887 1885 993 1910 Inuent.
1004 1892 1035 1914 2,
1050 1891 1098 1917 135.

47 1924 210 1959 Religiosum
223 1923 259 1950 est
273 1923 345 1957 quod
360 1923 439 1950 iurati
455 1923 558 1957 legibus
573 1922 759 1949 iudicauerunt
780 1921 853 1947 Idem
869 1919 935 1947 ibid.
946 1925 1014 1952 t‚48.
1050 1921 1100 1947 Re·
1113 1930 1145 1957 50
1160 1921 1214 1946 Att.
1230 1925 1252 1952 8,
1269 1922 1294 1946 6.

46 1961 170 1994 ligiosuin
184 1959 221 1986 est
235 1959 261 1986 id
275 1960 376 1991 facere,
390 1960 508 1995 religione
517 1958 674 1994 prohibitum
687 1958 748 1984 Liu.
763 1966 794 1990 2,
807 1965 828 1990 5.
921 1957 959 1983 Id.
975 1965 996 1988 3,
1012 1965 1044 1983 22
1055 1964 1099 1992 pr.

46 1996 186 2028 Lustrum,
206 2003 313 2030 profiter
326 1995 489 2029 Capitolium
504 2000 625 2029 captum,
640 1994 774 2020 consulem
795 1993 926 2024 occisum,
939 1991 1018 2018 condi
1039 1993 1101 2019 reli-

822 2029 880 2056 Cic.
893 2037 941 2064 pro
951 2029 1058 2056 Caecin.
1068 2030 1102 2055 26

46 2076 69 2093 c.
85 2076 113 2093 10
136 2068 205 2093 Huic
220 2067 355 2101 cgoTestt
368 2067 464 2101 gratias
472 2075 556 2100 agam,
563 2065 634 2100 quod
648 2072 674 2092 et
688 2067 716 2092 in
730 2073 757 2092 te
769 2065 971 2091 misericordem
987 2065 1011 2091 se
1027 2073 1101 2098 prae·
1769 2096 1773 2099 ⁸
1792 2096 1796 2099 .

605 2103 661 2128 Cic.
678 2099 710 2128 de
724 2102 780 2128 Fin.
796 2110 824 2134 4,
839 2103 868 2127 61
885 2100 1100 2134 Religiolissitnus
1116 2111 1143 2137 55
1160 2101 1237 2134 plane
1254 2108 1301 2125 nec
1316 2099 1438 2133 precibus
1459 2098 1571 2127 nostris,
1597 2105 1645 2122 nec
1666 2095 1898 2122 admonitionibus
1912 2096 2043 2130 relinquit
2062 2097 2163 2123 Locum
2197 2101 2218 2125 i.

46 2032 149 2066 giosutn
165 2032 224 2059 fuit.
295 2031 460 2065 Religiosum
474 2030 570 2057 habere
586 2030 651 2056 Plin.
666 2034 710 2062 28,
723 2039 750 2063 4.

45 2103 155 2145 ‘buin-et
169 2102 323 2129 testimonio
335 2102 499 2137 religiosum.

44 2138 238 2200 suffigit-imus
253 2173 402 2208 religiosae.

44 2216 121 2271 εἴτε
132 2208 213 2271 ¹{non-f.
228 2209 292 2235 l’lin.
302 2218 340 2242 29,
355 2218 363 2235 1
378 2210 396 2235 s.
406 2217 427 2241 5.

42 2289 70 2316 7,
100 2282 125 2307 6.
162 2281 267 2308 Petron.
279 2289 300 2306 c.
314 2289 348 2307 21.
385 2288 408 2307 et
421 2281 478 2307 Cic.
497 2282 573 2306 Verr.
587 2280 649 2305 Diu.
663 2280 692 2304 in
707 2279 783 2303 Caec.
798 2284 819 2306 3.

77 2323 95 2343 R
106 2323 121 2343 Ε
131 2322 147 2342 L
159 2322 198 2343 lG
210 2323 247 2343 10
256 2322 269 2343 S
280 2315 326 2342 171.
335 2322 356 2342 v
365 2322 378 2341 S
388 2336 397 2348 ,
416 2325 441 2347 a,
456 2324 511 2339 mn.
550 2314 652 2338 Dimin.
668 2312 829 2342 Hieronym.
844 2310 903 2336 adu.
919 2307 1017 2336 Rnffin.
1032 2317 1060 2340 3,
1075 2315 1097 2339 3.

80 2359 98 2379 R
107 2359 148 2379 131v
161 2359 168 2377 1
178 2359 198 2377 G
210 2358 218 2377 1
229 2354 249 2377 o
259 2359 272 2378 s
281 2358 307 2377 13.
346 2351 413 2376 Adu.
450 2348 605 2381 [θεοσεβῶς]
640 2350 658 2374 ι’.
666 2348 818 2381 Diligenter,
826 2347 926 2380 solicite
937 2351 962 2369 et
973 2349 1098 2373 accurate,

42 2394 87 2414 rtc.
102 2396 132 2414 vt
144 2387 242 2416 religio
257 2392 280 2411 ct
291 2384 441 2417 religiosus.
514 2382 646 2408 Columel.
662 2391 683 2413 3,
697 2390 727 2406 ιο
748 2380 827 2406 Nihil
839 2379 952 2418 curiose,
970 2377 1041 2403 nihil
1056 2385 1097 2403 re-

42 2424 137 2455 ligiose
153 2417 346 2447 administrant.
419 2418 476 2444 Cic.
490 2426 539 2451 pro
553 2416 625 2442 Cael.
641 2424 669 2448 55
695 2417 791 2442 Vtrum
812 2421 968 2444 temeraria,
987 2421 1096 2447 procax,

499 2210 592 2243 Superl.
606 2209 733 2236 Mortales
745 2203 928 2242 religiosissimi
937 2206 1042 2232 Sallust.
1052 2206 1099 2230 Ca-

811 1741 869 1767 Cic.
885 1741 938 1773 Qu.
954 1741 1024 1766 Frat.
1040 1748 1066 1771 2,
1081 1749 1141 1775 445
1161 1749 1232 1772 nem,
1255 1745 1383 1773 quantum
1400 1748 1442 1765 me
1456 1748 1563 1765 amaris.

218 2140 267 2165 Pro
282 2137 453 2174 superstitioso
468 2139 535 2164 Ter.
551 2138 646 2164 Heaut.
655 2146 683 2170 4,
699 2146 718 2170 t,
734 2145 775 2172 37.
797 2138 831 2163 Vt
845 2137 976 2164 stultaeet
990 2136 1100 2163 miserae

456 2174 568 2208 Compar.
582 2174 722 2207 Agricolae
735 2173 915 2200 religiosiores
935 2172 1068 2199 Columel.
1079 2180 1102 2196 ιι

236 2245 311 2271 Sacra
326 2244 516 2280 religioliffima
530 2246 737 2277 Patet-c.2,45‚i.
774 2243 843 2277 conf.
853 2243 909 2267 sen.
919 2241 983 2266 Nat.
994 2238 1100 2271 Quaest.
1274 2272 1279 2276 ἡ
1429 2271 1434 2274 -

1117 2273 1215 2300 60111111
1229 2272 1383 2304 relinquere
1397 2271 1464 2296 Ptin.
1479 2279 1514 2302 35,
1529 2279 1566 2296 10.

1162 1596 1306 1622 Incendiis.
1377 1595 1460 1621 Ouid.
1476 1596 1540 1621 Met.
1556 1604 1578 1627 τ,
1592 1600 1632 1627 185
1651 1595 1792 1629 Praecipiti
1808 1595 1884 1629 pinus
1898 1595 1992 1626 Borea,
2011 1595 2055 1621 cui
2075 1595 2168 1622 cimela
2183 1603 2225 1622 re-

1160 1632 1232 1660 mitit
1252 1632 1337 1658 Frena
1353 1631 1414 1657 suus
1429 1631 1529 1664 rector,
1544 1639 1622 1666 quan·
1639 1629 1702 1663 Dis,
1724 1631 1853 1665 Votisque
1868 1630 1983 1665 reliquit.
2021 1632 2117 1664 Pinus,
2138 1635 2154 1657 i.
2170 1633 2224 1658 Na-

1160 1671 1202 1694 vis
1212 1671 1297 1703 pinea.
1388 1667 1520 1693 Dominos
1534 1674 1562 1693 vt
1579 1667 1717 1701 herit'ngae
1731 1667 1826 1693 famuli
1840 1667 1924 1693 solent
1942 1666 2029 1693 Catul.
2044 1667 2076 1693 de
2086 1668 2224 1700 Berecyiit.

1160 1705 1178 1730 s.
1193 1706 1232 1736 61,
1246 1712 1279 1736 51.
1317 1703 1373 1729 Cic.
1388 1703 1507 1735 Fain.15,
1522 1712 1545 1729 21
1566 1703 1677 1729 Nullam
1692 1703 1763 1728 enim
1779 1703 1847 1738 apud
1861 1712 1903 1729 me
1924 1703 2056 1736 reliquisti
2070 1703 2224 1730 011111131ὶο-

1637 1739 1711 1765 Idem
1724 1740 1828 1773 Verr.1‚
1844 1747 1878 1773 72
1900 1739 1992 1765 Nemo
2006 1739 2056 1765 iam
2071 1739 2225 1772 Dolabella,

1159 1784 1247 1808 neque
1262 1776 1314 1807 tui,
1327 1783 1415 1809 neque
1428 1781 1536 1801 tuorum
1545 1774 1672 1807 liberum,
1680 1783 1746 1809 quos
1761 1782 1789 1801 tu
1805 1776 1915 1801 miseros
1928 1775 1957 1801 in
1972 1775 2094 1809 egestate,
2102 1781 2180 1806 atq-ie
2193 1775 2225 1801 in

1159 1810 1304 1838 solitudine
1316 1811 1460 1846 reliquisti,
1475 1812 1596 1838 misereri
1622 1811 1715 1845 potest.
1810 1811 1866 1838 Cic.
1881 1812 1934 1837 Att.
1944 1820 1976 1843 9,
1995 1813 2012 1837 6
2032 1812 2081 1837 Etli
2095 1812 2223 1838 Ciceroni

1157 1856 1220 1874 meo
1233 1853 1323 1883 togam
1335 1856 1429 1881 puram
1444 1856 1526 1881 quum
1540 1847 1602 1874 dare
1624 1848 1721 1883 Arpini
1735 1847 1832 1873 vellem
1843 1868 1852 1880 ,
1873 1847 1939 1874 hanc
1954 1856 2026 1873 eram
2042 1847 2123 1881 ipsam
2139 1848 2223 1874 Excu-

1159 1885 1289 1910 sationem
1302 1883 1445 1910 relicturus
1460 1884 1490 1909 ad
1507 1884 1654 1910 Caesarem.
1749 1885 1770 1909 A
1786 1883 1871 1910 Febre
1887 1890 2012 1917 quartana
2026 1883 2145 1918 relinqui
2165 1884 2225 1911 Cic.

1385 1919 1489 1946 Gaudia
1502 1920 1656 1954 relinquere
1675 1919 1757 1946 Ouid.
1773 1920 1852 1953 Epist.
1867 1922 1909 1946 16.
1930 1928 1994 1953 204.
2103 1921 2159 1947 Cic.
2175 1929 2225 1952 pro

1163 1957 1257 1989 Qiint.
1272 1964 1297 1988 15
1316 1955 1451 1982 Heredem
1463 1956 1618 1983 testamento
1634 1955 1746 1989 reliquit
1761 1955 1829 1982 hunc
1847 1956 1872 1982 P.
1887 1955 2042 1989 Qiintium.
2134 1956 2223 1982 Incer-

1161 1997 1215 2018 tam
1228 1992 1380 2025 relinquere
1395 1991 1523 2026 aliquam,
1538 1999 1562 2019 et
1577 1992 1687 2018 vulnere
1701 1992 1796 2018 mentis
1809 1992 1941 2018 turbatam
1964 1991 2114 2023 Virg.Aen.
2124 1999 2157 2019 12,
2167 1993 2225 2018 160.

1162 2029 1268 2062 Incepta
1281 2027 1325 2053 fila
1338 2028 1467 2061 relinquit
1488 2027 1569 2054 Ouid.
1585 2029 1649 2053 Met.
1663 2030 1690 2059 6,
1704 2035 1744 2058 34.
1852 2025 1953 2051 Infeeia
1976 2025 2045 2050 sacra
2065 2025 2223 2060 relinquunt

1163 2065 1236 2091 Idem
1253 2064 1320 2090 ibid.
1335 2066 1362 2095 6,
1377 2072 1437 2089 202.
1511 2064 1605 2089 Limen
1627 2063 1702 2089 Vite.
1715 2062 1780 2085 Aen.
1795 2068 1823 2092 5,
1846 2063 1895 2086 ·16.
1951 2060 2007 2086 Cic.
2024 2061 2095 2086 Fam.
2107 2070 2126 2093 1,
2145 2071 2150 2086 1
2172 2061 2223 2089 Sed

1161 2138 1214 2162 Nec
1221 2135 1387 2169 fiorarbncc
1394 2132 1520 2158 admoneri
1533 2132 1608 2162 linit:
1628 2131 1822 2164 adempraestat,
1834 2138 1899 2157 certe
1907 2133 1974 2157 ultro
1978 2133 2223 2165 poltz.ett‹r,omnem

1162 2171 1319 2203 diligentiam
1334 2171 1360 2192 in
1376 2173 1417 2192 tuo
1431 2170 1537 2203 negotio.
1632 2166 1679 2192 Sed
1690 2166 1759 2191 Ter.
1775 2166 1857 2192 Andr.
1867 2175 1885 2196 3,
1897 2176 1927 2200 4,
1941 2175 1968 2192 22
1990 2167 2069 2194 Nihil
2092 2168 2127 2195 est
2148 2169 2222 2203 preci

1161 2204 1213 2228 loci
1230 2202 1364 2232 relietum.
1378 2205 1395 2227 i.
1403 2211 1451 2227 non
1464 2201 1570 2227 auditur
1578 2201 1726 2235 deprecatio,
1735 2201 1913 2237 occlusiesimt
1925 2211 1998 2228 aures
2008 2204 2134 2237 precibus.
2155 2206 2222 2232 Non

1163 2238 1303 2264 admittere
1316 2245 1415 2270 preces,
1429 2242 1456 2261 vt
1470 2237 1539 2262 Ter.
1555 2237 1637 2262 Andr.
1649 2244 1669 2275 3.
1684 2246 1703 2269 4
1718 2239 1755 2268 (5)
1771 2244 1807 2268 23.
1881 2237 1981 2264 Locum
2002 2238 2140 2266 subtilitati
2162 2241 2222 2267 nul-

1338 2306 1342 2310 ·
1480 2307 1484 2310 ι
1622 2271 1737 2304 Cic.Q1.
1755 2272 1823 2298 Frat.
1831 2280 1855 2303 2,
1870 2282 1888 2307 4
1909 2273 1953 2300 Ne
1967 2274 2011 2301 cui
2026 2275 2122 2310 iniquo
2136 2277 2219 2304 relin-

1161 2314 1303 2340 queremus
1317 2305 1487 2339 vituperandi
1502 2306 1600 2332 locum.
1625 2310 1643 2332 i.
1664 2308 1786 2333 Daremus
1799 2313 1899 2344 anjam,
1911 2316 1958 2336 etc.
2030 2311 2129 2338 Lucem
2143 2313 2222 2348 Virg.

1161 2344 1226 2368 Aen.
1242 2350 1276 2373 4,
1290 2348 1341 2373 452
1356 2343 1428 2367 mori.
1499 2341 1604 2368 Mature
1618 2342 1771 2376 relinquere
1785 2344 1890 2378 aliquid
1904 2346 1972 2372 Hor.
1987 2346 2064 2381 Epist.
2078 2356 2110 2380 2,
2129 2356 2148 2377 1.
2163 2357 2220 2375 100.

1159 2377 1215 2402 Cic.
1229 2386 1278 2410 pro
1292 2376 1364 2403 Cael.
1378 2381 1411 2409 48
1432 2376 1484 2402 Hic
1499 2386 1550 2412 ego
1566 2379 1616 2404 iam
1632 2387 1689 2405 rem
1702 2379 1841 2406 definiam:
1859 2381 2000 2409 mulierem
2013 2383 2116 2410 nullam
2131 2384 2220 2411 nomi-

1160 2412 1242 2444 nabo,
1262 2418 1365 2439 tantum
1378 2412 1405 2438 in
1421 2414 1513 2439 medio
1527 2414 1690 2448 relinquam.
1746 2417 1953 2451 co›1J.Id.Acad.
1969 2427 1977 2444 1
1998 2427 2020 2445 c.
2029 2427 2067 2446 10.
2160 2421 2218 2447 Cic.

42 2461 111 2485 irata
125 2456 223 2482 mulier
236 2455 337 2480 finxifl'e
351 2453 468 2479 crimen:
491 2460 523 2477 an
538 2451 635 2485 grauis,
647 2451 756 2484 sapiens,
775 2449 982 2481 moderatusque
997 2449 1043 2475 vir
1056 2458 1096 2475 re·
1111 2452 1143 2484 65
1158 2448 1210 2475 Off.
1225 2457 1250 2480 2,
1266 2457 1294 2481 55
1318 2448 1445 2483 Prodigt,
1465 2449 1512 2483 qui
1526 2449 1610 2484 cpulis
1622 2456 1650 2477 et
1663 2451 1900 2483 viscerationibus,
1918 2460 1945 2480 et
1965 2454 2143 2488 gladiatorum
2161 2465 2219 2483 11111.

46 2493 140 2527 ligiose
152 2490 332 2518 testimonium
344 2487 436 2513 dixisse
449 2487 580 2513 videatur.
652 2486 678 2512 Si
693 2494 740 2512 vos
757 2486 848 2512 seuere
860 2485 1039 2519 religioseque
1054 2486 1096 2511 Iu-

44 2527 196 2554 dicaueritis
212 2526 268 2552 Cic.
284 2524 360 2550 Verr.
375 2531 385 2549 1
399 2531 420 2549 c.
431 2530 450 2548 ι.
541 2521 674 2556 Religiose
695 2522 862 2555 promittere.
884 2524 902 2547 i.
914 2526 985 2547 caute
998 2531 1046 2547 non
1060 2528 1095 2547 te-

42 2572 104 2589 mere
124 2562 213 2595 Nepos
227 2568 266 2592 25,
281 2567 314 2592 15,
327 2567 346 2585 1.
431 2555 488 2583 Cic.
502 2558 576 2585 Fam.
592 2566 632 2590 13,
649 2563 674 2588 18
695 2558 852 2592 Faciamque
867 2556 896 2583 id
909 2556 983 2592 quod
998 2557 1095 2583 debent

42 2599 127 2625 facere
143 2596 181 2629 lii,
193 2597 239 2630 qui
252 2594 387 2629 Religiose
401 2599 428 2620 et
441 2593 494 2620 sine
504 2593 653 2620 ambitione
673 2593 868 2620 commendant.
946 2593 1055 2620 Cineres
1069 2599 1095 2619 et

41 2635 91 2661 offa
105 2633 228 2667 religiose
241 2630 402 2666 quiescentia
420 2629 672 2663 Qiinenl.Dec1.10
688 2639 712 2664 p.
730 2637 785 2664 147.

41 2669 117 2705 Epist.
132 2677 154 2701 3,
167 2676 184 2703 7
205 2667 327 2694 Natalem
342 2667 416 2693 cuius
431 2664 579 2700 religiosius
594 2674 674 2700 quani
687 2667 762 2692 suum
783 2664 927 2692 celebrare.
1020 2664 1095 2692 Ideni

41 2708 133 2738 Paneg.
147 2713 168 2730 c.
181 2706 222 2736 65.
294 2703 388 2738 Superi.
412 2702 467 2729 Cic.
483 2702 514 2728 de
528 2703 629 2728 Inuent.
641 2710 689 2732 2,1
710 2701 858 2736 Templum
874 2701 1001 2734 Iunonis,
1019 2701 1093 2736 quod

41 2739 229 2774 religiosiffuiie
241 2738 371 2772 colebant,
391 2738 506 2773 egregiis
519 2738 630 2772 picturis
643 2737 804 2772 locupletare
817 2737 969 2764 voluerunt.
1027 2738 1094 2764 Plin.

43 2775 121 2811 Epist.
135 2784 157 2808 3,
178 2783 202 2807 15
222 2775 343 2801 Po'e'ticen
355 2773 542 2808 religiotislimc
557 2782 680 2801 veneror.
717 2774 786 2809 conf.
802 2775 905 2800 Petron.
921 2783 942 2799 c.
953 2780 1001 2808 117.

80 2818 141 2838 Risi
161 2808 395 2843 toioszAs,
415 2809 472 2836 atis.
507 2810 527 2836 f.

42 2857 102 2875 cum
114 2846 291 2881 religiositate,
313 2846 340 2872 id
353 2846 389 2872 est
401 2845 507 2876 ὁσιότητι
523 2845 669 2881 copulatur.
704 2846 774 2882 conf.
795 2846 913 2872 Tertull.
931 2845 1006 2880 Apol.
1020 2855 1041 2871 c.
1051 2853 1090 2878 25.

78 2890 122 2910 RE
134 2883 166 2909 [ἴ
174 2889 243 2915 Go,
263 2885 315 2908 are.
350 2879 475 2916 [ἅναδέω]
511 2883 602 2918 Ligare
615 2888 696 2913 retro,
718 2885 736 2909 i.
756 2891 785 2908 ne
800 2885 960 2917 promoueri,
985 2881 1091 2916 prodire

43 2927 123 2956 queat.
169 2918 275 2945 Colunt.
290 2926 305 2944 2
325 2917 485 2952 Diutiusque
499 2923 624 2952 perennat
645 2926 713 2952 quae
726 2917 809 2944 firmis
823 2924 981 2944 truncorum
994 2923 1019 2944 et
1034 2917 1091 2943 ido-

43 2956 99 2981 neis
114 2955 179 2981 locis
191 2954 298 2988 religata
309 2953 354 2980 est.
426 2953 535 2980 Classem
550 2953 672 2988 religauit
685 2953 717 2980 ab
730 2963 824 2988 aggere
843 2954 919 2988 Virg.
930 2955 994 2980 Aen.
1003 2961 1028 2988 7,
1038 2955 1092 2979 106.

46 2991 105 3016 Siue
118 2990 239 3016 iactatam
255 2989 377 3023 religaret
390 2989 442 3016 vdo
456 2989 536 3016 litore
550 2989 651 3016 Nauim
673 2990 740 3016 Hor.
749 2989 800 3017 Od.
811 2998 830 3022 1,
844 2999 878 3022 32,
894 2997 920 3024 7.
958 2989 1005 3017 Sed
1019 2993 1092 3015 etiam
1113 2995 1145 3022 80
1154 2997 1176 3021 3,
1191 2996 1229 3023 57.

1012 3025 1093 3051 Funi-

47 3062 121 3087 culus
135 3069 148 3087 a
161 3061 241 3094 puppi
254 3061 378 3095 religatus
398 3062 453 3089 Cic.
474 3061 506 3087 de
519 3062 622 3088 Inucnt.
637 3070 652 3088 2
661 3082 667 3093 ‚
681 3070 721 3095 54.
829 3062 910 3088 Funis
923 3061 956 3088 ab
972 3061 1091 3088 humeris

46 3097 171 3130 religatus
192 3097 256 3122 Ptin.
270 3105 295 3128 9,
308 3099 352 3129 46.
421 3098 478 3124 Cic.
492 3097 576 3124 Tusc.
592 3107 609 3129 1,
625 3106 668 3131 105
687 3107 709 3124 c.
725 3106 757 3131 43
776 3098 878 3125 Trahit
892 3098 1037 3124 Hectorem
1058 3096 1090 3123 ad

46 3141 152 3159 currum
166 3131 304 3165 religatum
319 3131 432 3159 Achilles
451 3133 583 3160 Columel.
596 3142 621 3160 12
631 3154 639 3166 ‚
652 3143 698 3168 44,
712 3142 737 3162 2.
818 3135 858 3161 Ad
874 3135 988 3160 maiores
1001 3142 1090 3159 ramos

46 3168 159 3202 religant
173 3167 239 3193 mala
252 3167 353 3198 Punica,
368 3173 397 3194 vt
409 3169 519 3195 immota
534 3175 710 3203 permaneant.

46 3204 117 3230 sione
130 3211 219 3229 rerum
235 3202 249 3228 Ι.
264 3202 387 3236 riparum,
395 3204 478 3231 Funes
492 3213 523 3231 ex
538 3205 678 3232 arboribus
690 3205 812 3240 religare.
881 3206 948 3232 Plin.
959 3207 1019 3237 2,65
1041 3206 1089 3231 Re-

46 3241 143 3274 ligetur
158 3239 185 3264 in
199 3237 262 3264 mali
276 3239 415 3266 cacumine.
504 3242 602 3270 Funcm
615 3242 729 3276 religare
742 3244 770 3268 in
784 3251 886 3277 querno
900 3242 988 3276 stipite
1005 3240 1088 3267 Ouid.

47 3276 112 3302 Fast.
128 3284 155 3307 4,
175 3282 223 3305 331.
305 3273 401 3301 Calena
414 3276 522 3311 religari
543 3276 616 3303 ldein
629 3277 708 3312 Epist.
721 3287 759 3310 io,
775 3285 814 3311 89.
900 3278 1010 3306 Class‘em
1028 3277 1088 3303 reli-

43 3311 117 3345 gauit
131 3311 226 3342 litore,
246 3310 362 3345 alligauit
381 3310 452 3338 Idem
465 3313 528 3339 Met.
544 3322 576 3345 13.
597 3322 656 3347 439.
691 3314 786 3341 Catull.
802 3316 848 3348 65,
867 3323 920 3348 i·4.

45 3346 212 3373 Pseudo-Cic.
226 3351 312 3378 anteq.
330 3345 362 3371 ir.
375 3349 428 3373 c.6.

45 3382 166 3416 Religare
180 3381 251 3408 lineo
266 3380 386 3407 funiculo
398 3381 558 3419 Columel.7‚
572 3394 609 3411 10.
690 3387 758 3412 Iussu
781 3386 858 3421 ipsius
872 3385 1007 3421 quadrigis
1025 3385 1087 3411 reli-

45 3424 128 3452 gatus,
142 3426 170 3444 ac
186 3417 212 3443 in
226 3416 476 3457 <inuersa-distraetus
488 3420 524 3446 est
544 3421 613 3447 Vici.
629 3420 660 3448 de
673 3422 747 3449 Viris
762 3422 842 3448 illust.
859 3432 874 3451 i·
966 3421 1021 3447 Cic.
1038 3429 1087 3455 pro

45 3455 132 3480 Domo
149 3462 196 3488 124
215 3462 236 3479 c.
250 3460 286 3487 47
306 3453 427 3492 Vidimus
447 3452 497 3480 hoc
512 3455 581 3483 idem
597 3457 646 3483 Cn.
660 3458 776 3484 Lentulo
797 3458 910 3485 Censori
927 3457 1088 3484 Tribunum

44 3489 130 3524 plebis
144 3489 243 3520 facere3
263 3488 393 3523 numquid
407 3489 488 3522 igitur
500 3490 521 3517 is
539 3492 608 3519 bona
621 3493 728 3520 Lentuli
747 3494 925 3528 religionibus
945 3492 1088 3528 religauit3

995 3313 1088 3339 Manus

84 3531 101 3549 R
112 3532 128 3551 E
138 3531 153 3550 L
165 3531 172 3549 1
185 3531 205 3551 G
215 3526 236 3551 A
248 3530 268 3549 Τ
278 3532 297 3551 v
306 3531 330 3557 s,
350 3533 375 3555 a,
391 3533 444 3550 um.
459 3525 524 3552 Part.
548 3526 752 3565 [α’ναὸεδιμένσς]
772 3532 874 3556 Praeter
879 3530 1012 3566 fitpcriora
1023 3530 1088 3555 Hor.
1103 3538 1121 3563 9
1129 3537 1206 3564 5mea
1221 3529 1382 3564 relinquere.

46 3560 133 3586 Carni.
147 3571 169 3592 4,
182 3569 215 3600 .¹¹’
228 3567 241 3593 5
276 3574 320 3579 —
355 3559 396 3586 Est
410 3559 520 3600 hederae
531 3564 571 3589 vis
589 3565 688 3597 Multa,
708 3575 760 3599 qua
773 3566 857 3592 crines
871 3565 981 3600 religata
994 3564 1086 3598 fulges.

47 3595 128 3622 Nodo
139 3595 381 3636 religatus-brachia
403 3596 501 3623 Tibul.
516 3605 533 3628 1,
548 3603 571 3631 8,
583 3607 604 3632 5.
653 3601 678 3627 Si
694 3601 834 3635 prudentia
848 3602 1009 3628 extrinsecus
1025 3600 1087 3626 reli-

46 3639 102 3664 gata
115 3631 223 3666 pendeat
242 3632 297 3658 Cic.
308 3632 391 3659 Ttisc.
401 3641 470 3672 5,.37.
542 3633 637 3662 Somno
650 3637 760 3671 religata
779 3638 884 3672 agmina
900 3636 994 3664 Claud.
1008 3637 1086 3664 Cons.

47 3666 117 3693 Hon.
132 3669 158 3700 6,
171 3675 233 3702 472.
301 3668 368 3702 Equi
385 3667 490 3702 religati
507 3668 582 3702 Virg.
596 3672 659 3698 Aen.
673 3680 703 3705 9,
718 3681 772 3705 352.

83 3708 103 3728 R
139 3704 343 3736 ttGA'Mr-TN,
363 3704 424 3730 Inis.
461 3713 487 3730 n.

47 3736 133 3762 fusum
147 3746 239 3765 croceo
251 3739 405 3773 religamine
418 3739 538 3766 nardum.

47 3807 53 3812 -
84 3778 328 3806 κειιοΑΊ-ιο,
349 3776 416 3803 onis.
454 3776 471 3801 f.
510 3773 650 3810 [οἰνάδισις]
684 3778 738 3807 Cic.
757 3779 790 3807 de
802 3779 903 3807 Sene&
919 3788 945 3812 53
969 3789 991 3807 e.
1007 3787 1033 3813 15
1054 3779 1085 3806 Et

45 3808 99 3848 ipsa
113 3813 202 3848 natura
215 3808 336 3843 delcetat,
355 3811 579 3838 adminiculorum
591 3812 704 3845 ordines,
726 3816 842 3851 capitum
854 3816 1024 3851 coniugatio,
1044 3824 1084 3842 re-

45 3843 148 3878 ligatio,
167 3846 318 3880 propagatio
328 3847 426 3874 vitium
444 3848 697 3881 sarmentorumque.

78 3886 98 3906 R
108 3886 123 3906 i:
132 3880 195 3906 ιϊΝ
206 3886 225 3906 ο
234 3901 241 3912 ,
260 3880 314 3908 leui
326 3889 349 3908 et
363 3883 422 3918 lini,
433 3884 529 3916 litum,
544 3885 600 3913 ere.
634 3882 792 3922 [ἆποχρίω]

199 3921 283 3944 νοι..
316 3918 368 3945 iv.

819 3171 908 3201 Caius,
930 3170 960 3196 D.
973 3168 1005 3195 de
1019 3169 1090 3195 diui-
1106 3172 1136 3202 85
1152 3169 1198 3200 rit,
1218 3176 1264 3196 aut
1277 3177 1386 3204 propter
1398 3171 1539 3197 auaritiam
1554 3171 1654 3197 Romae
1668 3172 1696 3198 in
1710 3172 1818 3206 quaestu
1831 3173 1990 3207 reliquerit}

530 3348 638 3377 Robora
652 3350 749 3377 catenis
761 3350 876 3384 religare
890 3351 988 3377 Lucan.
998 3357 1018 3379 2,
1031 3351 1088 3382 671.
1102 3361 1138 3386 90
1149 3348 1228 3376 nibus
1243 3350 1374 3384 Scriptum
1388 3350 1499 3384 reliquit
1515 3352 1590 3378 Cato.
1628 3354 1647 3378 i.
1663 3352 1775 3388 Scripsit.
1812 3352 1879 3387 conf.
1895 3352 1963 3386 Nep.
1977 3360 2011 3385 9,
2024 3360 2052 3385 5,
2065 3361 2086 3385 3.

544 3705 663 3734 Prudent.
676 3708 811 3741 psychom.
828 3716 873 3742 359
895 3707 1032 3736 Conbibat
1047 3707 1297 3743 in-toolinquatur.

1156 2484 1282 2517 neribus,
1301 2485 1442 2516 ludorum,
1462 2487 1691 2521 venationumque
1702 2494 1827 2522 apparatu
1843 2505 1850 2517 ‚
1866 2497 1988 2522 pecunias
2003 2490 2169 2524 profundunt
2187 2492 2218 2519 in

1157 2529 1200 2546 eas
1215 2529 1266 2560 res,
1285 2529 1398 2555 quarum
1412 2522 1573 2548 Memoriam
1586 2529 1631 2548 aut
1647 2523 1775 2556 breuem,
1796 2530 1841 2550 aut
1858 2524 1959 2550 nullam
1979 2526 2092 2552 omnino
2112 2528 2160 2554 tint
2176 2536 2219 2554 re.

1158 2556 1260 2596 lifturi.
1335 2558 1495 2583 Memoriam
1510 2566 1597 2585 acrem
1612 2559 1651 2584 sui
1673 2560 1830 2595 relinquunt
1851 2560 1942 2586 Tacit.
1958 2561 2026 2588 Ann.
2044 2570 2086 2595 15,
2107 2566 2147 2593 65.
2184 2564 2215 2590 de

1154 2592 1376 2628 asperii-facetiis.
1465 2594 1521 2620 Cic.
1536 2595 1612 2621 Vcrr.
1628 2603 1651 2627 3,
1666 2604 1694 2628 19
1714 2597 1776 2629 Qio
1792 2596 1967 2623 maximarum
1986 2606 2076 2624 rerum
2090 2599 2215 2633 frequen.

893 2629 1006 2665 Compar.
1027 2629 1094 2656 Plin.
1111 2628 1263 2667 70tiffiinae
1276 2623 1399 2661 quotidie
1408 2629 1689 2657 aduocationessiunt:
1711 2632 1738 2658 in
1754 2642 1786 2658 eo
1802 2633 1907 2664 loco‚in
1923 2632 2045 2660 sermone
2057 2636 2211 2669 hominum,

1156 2665 1282 2691 audaciae
1296 2665 1356 2691 suae
1371 2666 1569 2692 Monimentuui
1588 2672 1724 2694 aeternum
1747 2669 1916 2702 relinquere?
2006 2670 2122 2705 Negotia
2136 2672 2215 2707 longa

1156 2701 1310 2740 relinquere
1325 2701 1393 2727 Hor.
1409 2701 1532 2734 Carm.3,
1547 2710 1569 2735 5,
1584 2710 1625 2736 54.
1718 2703 1862 2730 Neminem
1879 2706 1904 2731 se
1918 2713 1972 2731 vno
1984 2705 2011 2732 in
2031 2708 2111 2733 terris
2131 2708 2213 2735 vilio-

1154 2745 1222 2769 rem,
1242 2743 1288 2763 aut
1300 2736 1507 2771 improbiorem,
1526 2745 1572 2765 aut
1591 2739 1802 2773 inquinatiorem
1817 2739 1928 2775 reliquit
1943 2742 2020 2776 Apul.
2036 2743 2113 2778 Apol.
2130 2753 2153 2778 p.
2164 2753 2215 2778 321,

1156 2775 1200 2799 26.
1273 2772 1353 2799 Nihil
1373 2774 1405 2800 de
1417 2779 1491 2800 tanto
1504 2775 1668 2814 patrimonio
1688 2776 1842 2811 relinquere
1856 2777 1912 2803 Cic.
1922 2786 1970 2811 pro
1984 2778 2061 2804 Rosc.
2075 2781 2163 2806 Ainer.
2173 2789 2213 2808 10.

584 2810 662 2844 Apul.
675 2810 768 2837 Doftr.
782 2810 844 2836 Plat.
859 2818 875 2836 α,
895 2819 920 2843 p.
937 2811 962 2836 v6
988 2809 1092 2836 Iustitia
1107 2817 1140 2845 75
1154 2808 1228 2835 Idem
1242 2809 1314 2835 Fam.
1331 2818 1367 2839 ιο,
1384 2818 1408 2841 33
1429 2810 1577 2836 Antonium
1597 2813 1711 2845 turpiter
1731 2814 1851 2839 Mrtinae
1872 2812 2042 2839 obsessionem
2070 2815 2214 2850 reliquisse.

1153 2844 1208 2871 Cic.
1224 2845 1287 2871 Diu.
1301 2845 1328 2871 in
1342 2846 1418 2872 Caec.
1434 2848 1463 2872 16
1483 2847 1584 2873 Verum
1599 2856 1653 2874 non
1667 2847 1693 2874 id
1715 2848 1781 2875 inihi
1803 2849 1879 2875 sumo
1893 2849 2012 2882 iudices,
2042 2857 2067 2876 et
2086 2850 2137 2877 hoc
2157 2860 2213 2878 nori

1152 2879 1235 2907 modo
1249 2881 1276 2907 in
1293 2882 1416 2908 oratione
1430 2891 1486 2908 mea
1499 2891 1553 2908 non
1569 2892 1655 2918 pono,
1673 2885 1715 2910 sed
1729 2893 1762 2911 ne
1776 2886 1803 2911 in
1817 2885 1945 2920 opinione
1959 2886 2114 2920 cuiusquam
2129 2887 2210 2913 relin-

1152 2925 1219 2957 quo,
1233 2925 1275 2957 me
1287 2918 1411 2958 omnibus
1426 2919 1544 2952 patronis
1560 2920 1609 2945 else
1624 2920 1810 2955 praepofitnm.
1890 2921 1963 2956 Opus
1978 2923 2111 2957 inceptum
2120 2923 2213 2950 dextra

1153 2953 1264 2987 reliquit
1283 2954 1365 2980 Ouid.
1379 2953 1413 2980 de
1426 2955 1489 2980 Arte
1503 2955 1561 2981 Α111.
1576 2963 1607 2988 2,
1622 2961 1662 2990 78.
1754 2958 1814 2984 Ossa
1828 2965 1912 2991 pauor
1926 2958 2037 2992 reliquit
2056 2959 2129 2993 Virg.
2144 2960 2211 2986 Aen.

1335 2991 1530 3017 Patrimonium
1546 2991 1604 3017 filio
1620 3001 1680 3019 meo
1696 2993 1755 3019 satis
1771 2994 1889 3028 amplum
1905 2994 1932 3020 in
1946 2994 2077 3020 memoria
2092 2995 2211 3022 nominis

1154 3025 1209 3051 mei
1222 3024 1376 3059 relinquam
1396 3027 1453 3052 Cic.
1469 3027 1540 3053 Fam.
1554 3035 1579 3057 2,
1593 3036 1626 3060 15.
1662 3029 1731 3064 conf.
1745 3028 1783 3055 id.
1800 3038 1847 3063 pro
1861 3030 1950 3056 Domo
1972 3040 1993 3055 e.
2009 3035 2045 3062 58.
2152 3031 2212 3060 Cic.

1154 3070 1204 3095 pro
1212 3061 1281 3096 Lege
1289 3062 1382 3088 Manil.
1397 3070 1428 3096 37
1449 3063 1522 3096 Qiid
1536 3063 1605 3089 hunc
1620 3063 1774 3097 hominem,
1788 3074 1911 3099 magnum
1926 3070 1969 3091 aut
1982 3065 2099 3100 amplum
2112 3064 2144 3092 de
2157 3066 2210 3093 Re-

1154 3097 1218 3131 pub.
1234 3098 1367 3132 cogitare,
1387 3098 1434 3132 qui
1449 3099 1588 3125 Pecuniam
1604 3108 1635 3125 ex
1654 3101 1760 3127 aerario
1775 3100 1941 3135 depromtam
1967 3101 2000 3127 ad
2008 3101 2107 3127 bellum
2126 3102 2211 3129 admi-

1153 3133 1327 3166 nistrandum,
1347 3141 1392 3161 aut
1405 3141 1515 3168 propter
1527 3133 1700 3169 cupiditatem
1718 3138 1874 3171 prouinciae
1894 3137 2089 3171 magistratibus
2112 3138 2210 3165 diuise-

2052 3173 2127 3200 Caes.
2142 3174 2209 3201 Bell.

1151 3205 1220 3245 Gall.
1230 3214 1249 3236 1,
1265 3214 1289 3238 51
1308 3205 1439 3232 Postridie
1451 3207 1508 3232 eius
1523 3207 1576 3232 diei
1590 3208 1684 3234 Caesar
1698 3208 1857 3235 Praciidium
1871 3209 1992 3243 virisque
2010 3209 2115 3242 castris,
2135 3209 2208 3244 qnod

1150 3241 1209 3267 satis
1224 3242 1272 3267 eise
1289 3242 1376 3268 visum
1390 3242 1435 3273 est,
1448 3242 1567 3277 reliquit.
1641 3244 1698 3270 Cic.
1714 3244 1745 3270 de
1759 3245 1830 3271 Clar.
1845 3247 1919 3272 Orat.
1935 3254 1972 3280 74
1999 3246 2107 3271 Vtinam
2127 3246 2209 3272 extia-

1147 3283 1207 3303 rent
1220 3277 1264 3304 illa
1283 3278 1417 3310 carmina,
1430 3287 1498 3313 quae
1517 3279 1609 3306 multis
1627 3280 1714 3306 saeclis
1729 3288 1789 3307 ante
1803 3282 1874 3307 snam
1889 3287 1999 3307 aetatem
2019 3281 2046 3306 in
2061 3281 2145 3315 epulis
2159 3283 2209 3309 effe

1149 3313 1273 3340 cantitata
1287 3323 1300 3339 a
1315 3314 1422 3348 singulis
1436 3315 1563 3341 conuiuis
1578 3315 1610 3341 de
1624 3315 1757 3343 clarorum
1774 3317 1896 3343 virorum
1917 3316 2054 3348 laudibus,
2073 3318 2101 3343 in
2115 3318 2208 3352 Origi-

2148 3354 2207 3381 Cic.

1150 3384 1275 3424 Tull-41,
1289 3394 1320 3418 39
1341 3387 1427 3419 Qiam
1449 3386 1514 3418 (nisi
1535 3387 1599 3421 quid
1620 3387 1704 3420 dicis)
1725 3390 1973 3422 praetermittamus,
1996 3394 2022 3414 et
2037 3388 2105 3415 hanc
2123 3395 2207 3417 totam

1150 3422 1221 3455 spem
1234 3422 1444 3451 immortalitatis
1465 3423 1655 3457 relinquamus.
1712 3425 1752 3450 Sic
1766 3424 1836 3450 Caes.
1856 3423 1920 3449 Bell.
1934 3423 1991 3450 Gall
2010 3432 2034 3455 1,
2048 3433 2072 3457 51
2096 3425 2137 3451 Ne
2152 3434 2205 3460 qua

1150 3457 1207 3491 spes
1221 3457 1249 3484 in
1261 3457 1323 3492 fuga
1337 3459 1544 3491 relinqueretur.
1617 3460 1673 3485 Cic.
1689 3458 1751 3485 Diu.
1766 3459 1792 3484 in
1806 3461 1882 3485 (aec.
1894 3462 1927 3486 26
1949 3460 1979 3486 In
1993 3468 2048 3494 quo
2061 3461 2126 3495 quid
2150 3462 2205 3488 eni-

1149 3494 1180 3524 ti,
1200 3500 1253 3524 aut,
1267 3493 1333 3528 quid
1347 3492 1450 3520 efficere
1469 3494 1576 3529 poffim,
1593 3494 1664 3521 malo
1678 3495 1706 3520 in
1727 3495 1842 3521 aliorum
1863 3496 1921 3530 spe,
1941 3504 2020 3530 quam
2037 3497 2065 3523 in
2080 3497 2205 3524 oratione

1492 3531 1547 3557 Cic.
1564 3530 1643 3556 Acad.
1660 3541 1683 3562 3,
1698 3539 1709 3546 ··
1727 3531 1825 3564 Neque
1843 3539 1891 3557 nos
1904 3532 2026 3558 Studium
2044 3532 2205 3567 exquirendi

1544 3567 1575 3593 In
1587 3566 1713 3601 Suspenso
1728 3566 1827 3601 reliqui
1841 3576 1897 3594 rem
1910 3573 2004 3600 totam,
2026 3568 2088 3594 dnm
2102 3575 2126 3594 te
2142 3578 2205 3595 con-

1148 3600 1260 3627 sulerem
1294 3601 1361 3628 Plin.
1381 3601 1461 3635 Epist.
1478 3610 1520 3632 10,
1539 3611 1585 3635 40.
1656 3601 1837 3635 Suspicionem
1854 3603 1936 3630 alicui
1950 3604 2019 3629 Suet.
2039 3604 2112 3630 Caes.
2128 3613 2149 3631 c.
2161 3607 2204 3635 86.

1147 3636 1250 3664 Terras
1263 3635 1351 3664 dulces
1365 3637 1518 3671 relinquere
1538 3639 1610 3671 Virg.
1625 3637 1690 3663 Aen.
1704 3647 1732 3671 4,
1748 3643 1796 3668 281.
1903 3639 2079 3666 Testamento
2099 3639 2204 3675 aliquid

1146 3672 1226 3699 alicui
1246 3672 1303 3699 Cic·
1319 3673 1372 3700 Off·
1388 3682 1409 3706 3,
1423 3682 1449 3704 9⁴
1465 3681 1487 3698 c·
1497 3681 1531 3705 24
1554 3675 1643 3706 Qiutu
1664 3673 1688 3699 ei
1706 3673 1862 3701 testamento
1879 3673 2026 3701 sestertium
2049 3675 2148 3702 millies
2162 3685 2205 3703 re·

1370 3708 1489 3735 Verbum
1505 3709 1531 3734 in
1546 3709 1674 3742 ambiguo
1689 3709 1786 3736 Lucret
1808 3721 1835 3745 4,
1850 3719 1908 3742 1131.
2000 3710 2087 3737 Verba
2105 3712 2202 3746 imper-

1148 3565 1286 3599 defatigati
1300 3565 1490 3599 relinquemus.

1150 3743 1219 3771 secla
1230 3744 1343 3779 reliquit
1361 3743 1444 3771 Ouid.
1459 3744 1537 3778 Epist.
1553 3752 1587 3776 13,
1603 3752 1635 3776 13.
1673 3745 1701 3771 V·
1713 3745 1820 3780 [ligium
1836 3747 1935 3773 amoris
1954 3746 2021 3773 Plin.
2036 3750 2083 3779 36,
2097 3755 2118 3780 5.
2155 3747 2201 3773 Vi-

1146 3784 1200 3806 tam
1222 3780 1297 3814 Virg.
1310 3780 1409 3808 Geore.
1426 3788 1447 3811 3,
1461 3787 1520 3813 547.
1559 3779 1650 3806 Tacit.
1669 3781 1737 3807 Ann.
1745 3792 1773 3815 4,
1787 3791 1828 3815 34.
1848 3782 2048 3816 Relinquendae
2061 3784 2132 3809 vitae
2145 3792 2201 3810 cer-

1146 3820 1196 3842 tus.
1269 3817 1331 3842 Vita
1345 3816 1455 3849 reliquit
1468 3824 1528 3841 eum
1548 3815 1653 3842 Lucri-t.
1667 3825 1696 3850 5,
1709 3819 1754 3851 64.
1826 3818 1896 3844 Mihi
1911 3827 1944 3844 nc
1965 3824 1994 3844 vt
2008 3818 2127 3845 dubitem
2142 3819 2200 3852 qui-

1144 3850 1204 3877 dem
1219 3851 1382 3886 relinquitur
1406 3852 1462 3878 Cic.
1482 3850 1551 3877 Atad
1573 3861 1606 3884 4,
1627 3860 1679 3878 120.
1877 3851 1898 3889 q
1917 3863 1929 3886 3
1967 3854 2148 3888 Relinquitur,
2172 3857 2200 3879 ιή

847 3887 922 3924 Qeod
937 3887 1039 3916 oblitum
1059 3891 1084 3914 et
1093 3887 1347 3928 105c0nclujionibus,
1367 3887 1551 3920 Relinquitur,
1574 3892 1603 3913 vt
1615 3895 1646 3915 ea
1658 3888 1772 3917 fortuita
1787 3887 1908 3917 diuinari
1920 3888 2028 3924 poliint,
2049 3898 2115 3924 quae
2127 3889 2203 3915 nulla

1341 3923 1358 3949 S
2150 3933 2200 3951 nec
