2434 4156
252 137 325 173 207
595 110 627 156 R
736 117 778 157 H
850 117 926 157 ·E
1709 118 1741 158 R
1849 97 1919 159 H
1997 120 2031 160 E
2311 114 2384 177 253

253 208 341 238 insulis
354 205 467 232 effectis:
487 214 599 241 quarum
613 215 672 240 pars
686 215 779 240 magna
792 215 805 232 a
819 205 882 232 seris
897 205 1070 239 barbarisque
1085 203 1236 231 nationibus
1250 203 1290 229 in·
1351 207 1486 235 rhetorico
1500 208 1576 242 {oqui
1590 207 1645 234 Cic,
1659 207 1690 233 de
1703 208 1777 234 Orat.
1793 216 1814 239 ι,
1828 215 1863 239 ¹33
1877 217 1898 234 c,
1914 191 1956 242 ξς,
2062 211 2181 238 quenal.
2195 210 2245 237 Sag,
2259 220 2281 243 7,
2295 219 2335 247 173
2349 215 2386 243 Aa

253 244 360 271 colitur:
397 250 427 268 ex
441 243 538 277 quibus
552 243 619 274 sunt,
640 242 686 277 qui
700 242 812 276 piscibus
827 249 904 275 atquc
921 242 980 267 ouis
993 243 1083 268 auium
1100 241 1190 265 viuere
1203 238 1290 265 existi·
1353 252 1465 277 pugnam
1481 244 1527 278 qui
1544 244 1675 271 rhetorica
1690 243 1822 269 descendit
1836 243 1869 269 ab
1882 245 1984 272 vmbra.
2074 248 2184 281 Compar.
2206 247 2262 273 Cic.
2276 247 2306 273 de
2318 247 2380 278 Ora‘t

252 283 371 305 mantur:
407 278 550 312 multisque
570 279 699 312 capitibus
721 278 747 302 in
768 278 902 302 Oceanum
922 277 1020 303 influit.
1095 273 1220 300 Haesimus
1240 275 1293 306 ille,
1354 286 1376 310 3,
1393 282 1437 311 169
1458 288 1519 312 c.43
1541 281 1616 312 Quae
1630 288 1711 313 quum
1724 279 1841 311 dixisset,
1858 278 1885 304 in
1898 280 2038 308 Albucium
2053 282 2182 314 illudens,
2208 290 2240 307 ne
2253 291 2267 308 a
2280 292 2321 309 nie
2334 273 2388 319 qui:

250 313 304 340 viil.
318 313 410 341 Tacit.
424 314 491 340 Ann.
507 322 535 344 2,
560 316 584 339 6.
693 312 888 346 Hesperiosque
902 320 1005 343 amnes,
1033 311 1169 342 Rhenum,
1189 309 1293 335 Rhoda·
1355 314 1415 340 dem
1428 315 1562 341 abstinuit.
1599 316 1714 341 Crassum
1728 314 1814 341 habeo
1828 323 1962 348 generum,
1981 326 2012 343 ne
2026 318 2230 345 rhetoricotero⁷
2244 324 2272 344 tu
2285 317 2324 345 sis.
2342 321 2388 348 Lu-

252 357 379 382 nunique,
395 349 544 383 Padumque
562 347 642 374 Ouid.
657 348 751 380 Met.2‚
765 353 816 379 258.
911 348 996 381 Caput
1011 347 1109 372 luteum
1123 345 1209 385 Rheni
1225 346 1293 384 Hor.
1315 352 1328 378 ς
1354 351 1410 375 cim
1424 351 1507 385 versus
1521 350 1561 384 est,
1574 354 1600 376 in
1614 360 1658 386 quo
1671 349 1770 385 Sfimlc
1782 352 1871 377 Lanu„
1881 360 1944 377 more
1955 352 2065 380 eliditur.

250 385 332 412 Serm,
342 393 363 419 ι,
379 393 414 416 10,
427 393 465 419 37.
572 383 654 417 Ripae
670 383 766 409 feraces
781 383 867 408 Rheni
889 383 983 409 Lucan.
1000 391 1025 413 i,
1049 389 1108 412 439.
1175 382 1295 420 Bicorms
1390 391 1409 410 R
1418 392 1438 410 H
1448 392 1464 411 Ε
1473 392 1494 410 Τ
1503 392 1522 411 0
1533 393 1551 412 R
1562 386 1574 412 i
1584 392 1599 412 C
1611 394 1636 413 E.
1654 387 1723 413 Adii.
1759 386 1900 413 Rhetorice
1915 387 1996 420 magis
2009 388 2151 423 disputare,
2164 396 2242 422 quam
2258 387 2388 419 dialefitiee

252 418 372 447 Rhenus:
408 425 515 454 propter
529 418 582 444 duo
597 427 710 449 cornua,
731 419 774 443 seu
789 418 855 444 ostia
874 419 1052 457 Vi¹·g·A}'1³·8‚
1067 424 1127 450 727·
1194 417 1296 456 C¹t⁴³t1¹⁵
1356 419 1411 446 Cic.
1425 420 1457 446 de
1472 421 1529 447 Fin.
1544 431 1559 448 2
1574 426 1627 448 c.6.
1717 421 1859 448 Rhetorice
1875 427 1900 447 et
1914 423 2004 458 augeri
2022 430 2047 450 et
2062 425 2152 451 ornari
2169 424 2208 450 Id.
2224 423 2290 450 ibid.
2305 432 2317 456 3
2331 433 2387 460 ιη.

252 454 368 487 Rhenus,
387 455 439 481 viil.
452 462 480 481 C}
491 460 551 480 To.
609 488 614 493 .
631 453 746 479 Gallicus
768 453 864 479 Camil.
884 454 914 480 ad
928 455 1036 492 Furium
1051 460 1085 483 ii,
1100 460 1130 478 ii.
1202 453 1293 493 Miiiax
1356 454 1412 482 Cic,
1425 455 1456 482 de
1469 456 1538 482 Clas,
1552 458 1625 484 Orat,
1639 467 1668 491 43
1683 467 1705 484 c,
1720 466 1741 483 ῃ
1762 459 1836 484 Hanc
1849 459 1920 484 enim
1935 464 2047 485 mortem
2058 459 2192 486 rhetorice
2206 465 2231 484 et
2244 460 2340 494 tragice
2350 469 2389 488 03,

254 491 348 518 Claud.
363 491 391 516 in
406 490 571 527 prim.Cons.
579 488 635 515 Stil.
651 497 669 519 i,
685 497 742 515 ηρ.
797 488 914 515 Rebellis
935 490 995 527 Sta-t.
1009 487 1103 527 bilius,
1116 496 1144 520 4,
1160 492 1200 520 89.
1235 489 1297 522 bpu-
1357 498 1419 516 nare
1435 498 1584 526 potuerunt.
1690 493 1841 525 Rhetorice,
1855 495 1883 520 id
1895 492 1938 526 est,
1947 494 2084 529 Eleganter,
2097 496 2200 530 copiose,
2214 494 2300 521 elcflis
2312 495 2390 524 verbi5

252 536 325 553 mans
340 527 439 553 vertice
453 526 553 551 Λῐρἲθθ
570 526 664 550 Lucan·
679 533 703 558 ¹,
726 532 779 558 371·
882 524 1029 558 Sqlfflllldffi
1044 523 1124 550 Ould·
1138 531 1170 549 ex
1184 524 1259 549 Pont.
1273 531 1296 555 3,
1313 537 1342 556 ιο
1359 530 1382 550 et
1394 531 1500 559 ornatis,
1513 528 1624 562 qualibus
1636 536 1745 555 oratores
1758 529 1896 565 vtisolent.
1999 529 2132 564 Tragice,
2149 533 2268 557 Grauiter
2278 537 2300 557 et
2312 531 2390 559 verbis

251 568 345 596 4‚108.
542 559 562 597 ff
584 568 600 586 2
638 562 711 586 Asius
722 563 821 595 fluuius
843 561 932 586 Italiae
946 560 1079 585 Bononiam
1097 560 1192 585 alluens
1214 559 1251 585 Sil
1273 564 1296 590 8,
1357 561 1502 595 grandibus,
1516 563 1601 597 quibus
1614 567 1710 600 tragici
1725 571 1839 592 utuntur.

251 601 298 625 601
318 612 362 617 -——
383 596 512 631 Paruique
525 595 644 622 Bononia
660 596 754 621 Rheni.
774 595 842 630 conf.
857 595 923 621 Plin.
936 603 958 625 3,
972 595 1009 625 36.
1147 591 1168 630 q
1189 603 1200 626 3
1226 594 1293 620 Rhe·
1395 597 1596 624 RHETORiC
1607 604 1626 625 ο
1636 606 1654 625 R
1664 619 1673 632 ,
1691 600 1740 626 Eri.
1777 599 1920 636 [ῥητοοίζω]
1974 599 2107 627 Rhetorum
2119 610 2184 627 more
2201 602 2282 636 loqui,
2309 603 2327 627 ι’.
2339 602 2395 628 ora:
2410 624 2413 626 ,

250 634 289 666 ni,
308 633 388 659 Rheni
401 635 510 663 accolae,
530 632 645 657 Germani
658 632 773 657 videlicet
786 638 808 656 et
821 632 887 657 Galli
900 629 1033 665 diffisum
1045 639 1060 656 a
1073 630 1141 656 Pers.
1150 631 1200 657 Sat.
1209 636 1234 661 ό,
1249 637 1295 665 47.
1358 637 1440 657 torum
1450 651 1457 662 ,
1471 632 1591 668 figurate.
1705 635 1825 662 Tertull.
1841 627 1872 662 de
1889 636 1945 662 Res.
1959 636 2036 661 Carn-
2050 644 2072 662 c.
2086 644 2099 669 ς
2124 637 2162 663 Ita
2175 645 2222 662 nos
2237 637 2391 665 rhetoricari

251 670 362 696 Flumen
376 667 496 694 Rhenum
517 667 583 692 Hor.
598 666 630 692 de
643 667 706 692 Arte
718 667 789 693 Poet.
808 671 842 696 ιε.
1358 675 1503 701 prouocant
1517 668 1651 695 haeretici.
1758 671 1864 698 Nouius
1879 671 1982 703 Afinio,
1998 672 2053 706 Age
2067 680 2151 705 nunc,
2165 672 2271 706 quando
2284 672 2391 702 rhetori·

288 712 306 731 R
317 711 338 730 H
348 711 362 730 Ε
374 711 394 729 N
404 705 424 729 Ᾱ
433 710 453 729 Ν
462 710 482 728 v
492 710 504 729 s
513 721 520 733 ‚
538 711 567 733 a,
581 711 635 729 uni.
672 701 733 728 Adi.
768 701 904 735 [Ῥηναῖος]
983 699 1053 727 Vnde
1066 700 1253 733 Cisrhenanus,
1273 706 1295 726 et
1314 712 1340 738 ¹5
1358 702 1427 733 casti,
1440 702 1580 737 responde,
1594 704 1665 738 quod
1679 710 1703 731 te
1716 714 1783 740 rogo
1796 715 1836 743 ap.
1851 707 1971 733 Nonium
1986 715 2011 742 7,
2025 710 2067 740 69.

250 740 471 768 Transrhenanus
481 757 488 769 ,
516 746 546 763 ua
559 735 668 764 dt'fflione
686 741 768 764 utitur
782 737 851 763 Caes.
861 735 925 761 Bell.
940 734 1007 775 Gall.
1022 745 1056 769 4,
1071 739 1098 762 16
1119 737 1183 762 Vbii
1197 743 1295 768 autem,
1395 744 1413 764 R
1422 744 1468 764 ΗΈ
1477 743 1498 763 Τ
1508 745 1527 765 o
1536 745 1554 764 R
1564 746 1573 764 1
1583 747 1595 766 s
1605 747 1617 766 S
1627 746 1657 772 O,
1669 744 1721 767 are.
1757 742 1910 778 [ρητυριύω]
1945 744 2075 770 Rhetorice
2088 743 2162 778 loqui.
2216 743 2305 777 Pomp.
2312 741 2392 771 Medh

252 776 299 810 qui
314 776 360 801 vni
372 783 403 800 ex
419 781 502 800 transt
522 772 621 805 enanis,
640 772 672 799 ad
688 773 827 799 Caesarem
841 772 939 805 legatos
952 772 1096 804 miserunt,
1114 779 1159 798 ete.
1181 771 1297 799 Martial.
1358 783 1400 806 co,
1415 773 1515 800 Dolasti
1527 783 1636 801 vxorem
1651 784 1728 807 nunc,
1740 784 1766 804 et
1778 784 1885 813 propter
1900 788 1942 806 me
1956 779 2029 814 cupis
2042 779 2189 810 concidere,
2202 784 2228 805 et
2242 779 2295 805 iam
2309 778 2392 806 rheto-

252 819 279 844 9,
293 813 324 842 36
342 809 465 836 Rhenana
478 817 577 835 manus.
1357 810 1436 836 ritsas.
1474 811 1541 836 Haec
1554 810 1660 837 Nonius
1674 820 1699 843 2,
1712 821 1765 846 742.

289 853 306 871 1<
320 852 338 871 H
351 847 366 870 E
376 853 388 872 s
400 851 417 869 v
431 852 460 875 s,
480 844 498 870 i.
534 853 569 870 m.
607 842 711 876 [Ῥῆσος]
765 843 821 869 Rex
830 841 966 869 Thraciae
981 842 1034 869 fuit
1053 843 1162 876 (inquit
1177 842 1296 874 Seruius)
1384 850 1412 871 ‘R
1424 851 1500 872 HET
1510 852 1528 872 R
1538 852 1558 871 A
1574 866 1583 878 ,
1609 855 1647 872 ae,
1686 847 1706 873 f,
1765 849 1862 885 [ῥῆτμ
1876 850 1889 884 ]
1981 850 2114 877 Ome-,dum
2135 852 2253 885 proprie..
2291 855 2341 875 ,um
2358 849 2392 876 ὦ,

253 882 300 916 qui
315 889 396 915 quum
409 880 440 906 ad
449 879 554 906 Troiae
567 879 673 904 veniiset
685 877 794 910 auxilia,
809 877 951 913 clausisque
965 878 1017 905 iam
1032 881 1115 913 portis
1127 879 1242 905 tentoria
1257 878 1296 904 lo-
1309 889 1344 907 20
1357 880 1456 908 sebatur
1475 881 1504 907 de
1523 882 1616 917 legibus
1635 883 1753 919 Lycurgi,
1860 885 1990 912 Ammiffl„
2006 887 2043 917 16,
2062 893 2075 918 5
2085 893 2135 921 ‘pn
2179 885 2322 920 Tanquam
2353 883 2406 912 adst

249 917 353 943 cauiss'et
368 916 396 942 in
408 915 504 947 litore,
530 914 633 941 Dolone
647 913 774 946 prodente
787 914 922 947 Troiano,
942 915 989 949 qui
1003 915 1090 940 niiss'us
1107 914 1194 940 fuerat
1208 915 1295 947 specu-
1357 916 1464 943 strie'tus
1476 918 1627 943 sumtuariis
1641 918 1742 952 legibus
1757 919 1939 956 viueret‚quas
1951 930 1982 947 ex
1995 920 2093 947 rhetris
2101 921 2214 955 Lycurgi
2226 927 2251 947 et
2270 920 2394 948 axonibus

250 953 334 978 lator:
370 960 385 978 a
398 950 527 990 DIomede
541 956 566 975 et
580 949 663 980 Vlyss'e
673 949 712 988 *est
726 949 895 989 interfectus,
913 952 960 983 qui
973 956 997 975 et
1012 949 1059 983 ipsi
1079 949 1237 989 speculatum
1254 957 1298 975 ve·
1358 952 1471 979 Romam
1486 953 1622 979 translatas
1635 953 1733 988 diuque
1752 954 1901 983 obseruatas
1919 963 1943 983 et
1958 957 2117 983 senescentes
2130 957 2282 992 paullatim,
2296 965 2393 991 repara·

250 992 352 1017 nerant,
372 985 532 1018 abduc‘hque
545 986 603 1010 sunt
618 993 691 1018 equi,
706 985 803 1019 quibus
817 984 964 1019 pendebant
978 985 1030 1011 fata
1038 985 1170 1011 TrOiana.
1245 986 1297 1010 Ha·
1358 988 1398 1014 vit
1412 988 1481 1015 Sulla
1494 988 1615 1015 difflator.
1635 989 1687 1015 vid.
1705 991 1784 1025 Voles]
1798 991 1831 1017 ad
1842 992 1972 1019 Ammian.
1991 1000 2081 1027 p.124.

249 1021 334 1049 &enus
342 1021 447 1048 Seruius
462 1020 576 1054 aciVirg‚
587 1021 651 1046 Aen.
661 1028 734 1054 i,473
754 1021 810 1047 Nec
823 1020 988 1055 proculhinc
997 1020 1083 1052 Rhesi,
1098 1027 1143 1047 etc.
1179 1019 1297 1046 Sithonii
1394 1030 1410 1049 R
1421 1030 1442 1050 H
1453 1030 1498 1051 ΕΤ
1508 1032 1527 1050 ν
1537 1032 1567 1056 s,
1586 1024 1639 1050 vid.
1655 1031 1803 1053 Riioecvs
1821 1034 1844 1053 et
1860 1033 2017 1055 Ri-iorxrvs.

248 1056 365 1084 tentoria
384 1055 460 1082 Rhesi
481 1055 562 1082 Ouid.
575 1055 607 1082 de
623 1056 686 1082 Arte
699 1057 758 1082 Am.
772 1065 803 1087 2,
822 1064 873 1092 137.
982 1056 1039 1083 Nec
1057 1055 1133 1082 Rhefi
1153 1056 1247 1082 niueae
1261 1056 1296 1082 ci·
1314 1064 1346 1092 ις
1392 1066 1411 1085 R
1421 1067 1441 1086 H
1450 1066 1467 1086 Ε
1476 1067 1496 1085 ν
1505 1067 1530 1086 Μ
1539 1067 1559 1085 Α
1569 1080 1579 1093 ,
1595 1060 1654 1086 atis.
1671 1069 1698 1087 n.
1734 1062 1844 1097 [ῥεῦμα]
1885 1063 1966 1095 Vnda,
1971 1063 2070 1099 fluxus,
2084 1063 2227 1096 catharrus,
2239 1061 2288 1089 οἷπδ
2301 1062 2334 1089 r?
2342 1063 2395 1098 ῥέοι,

251 1099 345 1126 taeque
359 1092 436 1126 bigae
452 1091 538 1118 Catul.
554 1093 596 1124 56,
610 1094 652 1117 26.
1356 1095 1421 1130 quod
1433 1093 1536 1132 elifiuo.
1594 1096 1707 1123 Hieron.
1716 1097 1794 1131 Epist.
1806 1101 1858 1131 46,
1870 1107 1892 1125 2.

286 1135 304 1154 R
315 1134 335 1153 H
350 1133 366 1154 E
378 1135 399 1154 Τ
410 1135 436 1160 1,
457 1127 476 1153 s.
492 1133 508 1152 R
521 1133 541 1167 Η
552 1134 573 1167 :tx
585 1133 602 1153 Ε
617 1133 638 1152 Τ
652 1133 677 1159 1,
697 1126 762 1162 quod
772 1127 867 1159 melius,
886 1136 973 1154 orum.
994 1136 1028 1154 m.
1066 1126 1193 1162 [Ῥαῖτοι]
1230 1130 1297 1154 inter
1397 1137 1416 1157 R
1432 1137 1452 1157 H
1462 1138 1478 1157 E
1488 1138 1508 1157 v
1518 1138 1543 1157 Μ
1555 1138 1577 1158 A
1589 1139 1611 1158 T
1621 1131 1656 1158 ic
1665 1138 1685 1156 V
1694 1139 1717 1163 s,
1729 1142 1753 1163 a,
1765 1142 1820 1160 um.
1844 1134 1905 1161 Adi.
1941 1134 2115 1169 [ῥευματικὰ]
2153 1135 2204 1160 Oui
2217 1132 2395 1167 rheumatefiue

247 1165 284 1191 Al
301 1166 358 1190 inas
370 1170 470 1199 gentes,
490 1162 578 1188 Plinio
592 1169 809 1188 commemorantur
817 1171 880 1195 3,20
899 1163 1013 1190 Rhaetos
1027 1163 1179 1190 Tuscorum
1194 1164 1297 1199 prolem
1350 1166 1464 1203 fluxione
1477 1167 1581 1193 laborat.
1669 1167 1735 1194 Plin.
1748 1177 1778 1201 29
1787 1190 1796 1202 ,
1809 1172 1826 1196 6
1844 1170 2029 1197 Humanissimi
2041 1180 2135 1197 eorum
2149 1160 2264 1196 c‘ffierem
2278 1174 2396 1196 cremata-

247 1208 277 1226 ar
299 1199 411 1225 itrantur
427 1207 442 1225 a
455 1197 536 1224 Gallis
550 1198 637 1232 pulsos
651 1198 717 1224 duce
731 1198 842 1224 Rhaeto.
931 1200 1000 1226 Hor.
1015 1200 1103 1226 Carm.
1117 1208 1153 1232 4,
1165 1209 1193 1233 4,
1208 1208 1231 1232 17
1251 1200 1296 1225 Vi·
1361 1211 1421 1229 rum
1435 1203 1620 1229 reseruandum
1628 1202 1659 1229 ad
1666 1202 1715 1229 hos
1726 1204 1784 1231 vsus
1795 1205 1822 1230 in
1837 1214 1932 1232 cornea
1947 1206 2043 1241 pyxide
2059 1207 2189 1237 censuere,
2202 1212 2247 1232 aut
2261 1206 2333 1232 tritas
2347 1204 2396 1238 cly-

248 1235 311 1262 dere
321 1234 428 1261 Rhaetis
444 1233 514 1260 bella
529 1234 575 1261 sub
584 1233 695 1268 Alpibus
709 1234 822 1260 Drusum
836 1240 971 1268 gerentem
986 1235 1130 1261 Vindelici.
1202 1236 1296 1261 Imma·
1313 1246 1346 1271 30
1359 1237 1471 1264 fletibus
1485 1237 1658 1264 infundendas
1675 1239 1876 1275 orthopnoicis,
1896 1242 2137 1269 aut'rheumaticis.

249 1279 294 1297 nen
308 1270 388 1296 Rheti
409 1270 476 1309 H.⁰¹‘·
489 1270 578 1296 earm.
591 1278 618 1303 4,
635 1278 675 1303 14,
692 1277 724 1303 ις.
820 1270 897 1297 Saeui
911 1270 1005 1297 Claud.
1022 1272 1051 1297 in
1063 1270 1295 1305 Epithal.Paiiadii
1396 1280 1415 1300 R
1425 1280 1445 1300 H
1454 1280 1470 1300 E
1480 1281 1500 1299 v
1510 1280 1534 1299 M
1545 1273 1691 1307 ATiDio,
1710 1280 1761 1302 are.
1797 1278 1915 1303 Fluxione
1927 1278 2046 1305 laborare.
2062 1278 2120 1304 Th.
2129 1277 2206 1304 Prisc.
2215 1285 2234 1308 i,
2243 1285 2270 1303 12
2289 1276 2315 1302 Si
2329 1274 2395 1302 oculi

247 1311 288 1339 89.
325 1306 357 1331 al.
375 1305 446 1330 Geti.
1355 1308 1637 1336 rheumatidiauerint.
1730 1312 1886 1338 Terminatio
1912 1311 1945 1346 est
1965 1322 1994 1339 ex
2018 1315 2113 1340 Graeco
2126 1313 2182 1348 ἵζω,
2200 1320 2251 1339 ,υτ
2276 1314 2304 1338 in
2324 1312 2409 1338 (ἰᾶτο-Ἰ

283 1347 302 1367 R
313 1347 333 1367 H
343 1347 359 1366 E
368 1347 389 1366 T
398 1346 406 1365 1
416 1345 448 1371 A,
463 1339 503 1364 vel
514 1345 533 1364 R
543 1345 563 1378 H
574 1345 595 1365 Α
605 1345 622 1364 E
632 1344 655 1364 Τ
666 1346 675 1364 i
684 1346 705 1365 A
715 1347 780 1378 sae.
800 1339 823 1365 f.
858 1339 978 1374 [Ῥαιτία]
1053 1343 1130 1378 Regio
1157 1342 1250 1369 Claud.
1263 1341 1296 1369 de
1359 1345 1482 1377 midiare,
1503 1351 1548 1370 etc.
2408 1353 2409 1376 ξ

247 1376 314 1403 Bell.
329 1376 388 1402 Get.
404 1383 447 1407 330
467 1374 605 1400 Prominet
619 1374 769 1405 Hercyniae
783 1374 895 1400 confinis
910 1376 1020 1402 Rhaetia
1035 1377 1122 1403 siluae.
1392 1388 1411 1407 R
1421 1387 1440 1406 H
1450 1387 1466 1407 E
1475 1386 1528 1406 VM
1537 1387 1558 1406 A
1568 1386 1589 1406 T
1600 1386 1608 1405 1
1618 1387 1631 1406 s
1641 1387 1666 1406 Μ
1675 1387 1696 1406 ν
1705 1385 1733 1411 s,
1747 1379 1765 1408 i.
1779 1388 1814 1412 ni.
1847 1380 2045 1416 [ῥευματισμδς]
2082 1384 2169 1409 Fluxio
2180 1383 2281 1411 dicitur,
2336 1381 2393 1409 Plin
2408 1403 2409 1410 ,

285 1418 334 1452 RH
347 1417 363 1437 Ε
375 1410 440 1451 'rso
450 1416 469 1435 V
479 1416 508 1442 s,
529 1418 552 1442 a,
572 1418 636 1451 um..
664 1409 724 1435 Adi.
763 1407 913 1443 [Ῥαιτικᾶς]
964 1418 1008 1451 ot,
1026 1412 1153 1438 Rheticae
1165 1412 1251 1444 vites,
1272 1419 1296 1439 et
1315 1422 1342 1447 33
1352 1424 1399 1448 22,
1414 1421 1438 1446 ¹8
1457 1416 1581 1442 Radicem
1595 1416 1652 1441 eius
1665 1415 1751 1449 aliqui
1764 1415 1894 1442 concisam
1909 1415 2010 1442 seruari
2033 1415 2127 1443 iubent
2145 1418 2269 1444 funiculis
2290 1419 2390 1452 penden

249 1446 391 1473 Rheticum
411 1453 520 1487 vinum,
542 1445 607 1481 quod
625 1452 692 1485 inter
711 1444 826 1484 generosa
847 1446 1011 1485 Italiae-vina
1024 1453 1184 1473 tizaneratur:
1219 1448 1296 1480 Virg.
1358 1457 1429 1483 tem,
1448 1451 1651 1485 decoquuntque
1665 1452 1693 1477 in
1710 1451 1772 1478 cibo
1792 1458 1883 1478 contra
1898 1451 2045 1482 fluxiones,
2065 1459 2127 1485 quas
2142 1452 2236 1478 Graeci
2248 1453 2391 1480 rheumatis

250 1483 346 1517 Georg.
361 1491 384 1513 2,
400 1484 433 1514 96
454 1481 484 1507 ht
497 1489 551 1516 quo
564 1487 589 1508 te
602 1489 719 1520 carmine
734 1480 836 1519 d¹c²¹.¹¹¹'
856 1479 998 1520 Rhaetica?
1093 1482 1174 1508 Arma
1186 1481 1296 1509 Rhetica
1359 1494 1417 1520 mos
1430 1493 1535 1512 vocant.
1559 1487 1628 1520 conf.
1642 1487 1681 1512 id.
1697 1495 1739 1519 24,
1751 1495 1772 1519 3.
1869 1487 2083 1515 Rheuinatisnuis
2097 1488 2198 1513 ventris
2219 1487 2285 1513 Plin.
2299 1496 2348 1523 27,
2367 1497 2392 1516 ιε

248 1518 330 1545 Ouid.
345 1517 429 1545 Trist.
439 1527 460 1548 2,
471 1519 525 1543 226.
629 1516 756 1542 Rheticae
770 1522 838 1541 vites
857 1516 925 1542 Plin.
939 1525 978 1549 14,
992 1524 1017 1543 2.
1396 1526 1414 1546 R
1424 1527 1444 1546 H
1454 1526 1497 1546 Ex
1507 1528 1554 1546 EN
1564 1527 1625 1550 01³,
1641 1521 1704 1547 oris.
1724 1531 1759 1548 m.
1787 1521 1934 1557 [‘Pn}n'mf]
1972 1522 2105 1556 NauJithoi
2116 1521 2206 1557 filius,
2224 1522 2341 1558 etfrater
2353 1525 2392 1552 Al-

283 1561 302 1580 R
313 1561 333 1580 H
345 1559 362 1579 E
373 1560 393 1579 v‘1'
405 1559 425 1579 Ο
436 1560 471 1585 R,
497 1551 562 1578 oris.
599 1560 641 1594 m.¹
670 1551 759 1588 Aecus.
816 1551 961 1594 Rhetorem
975 1553 1015 1578 vel
1023 1551 1149 1594 Rhetora.
1185 1551 1295 1587 [ῥήτωρ]
1358 1558 1426 1581 cinai
1445 1556 1581 1582 Phaeacum
1600 1559 1684 1595 regis,
1707 1563 1732 1583 et
1743 1564 1820 1592 pater
1833 1560 1939 1591 Aretes,
1964 1558 1995 1584 ab
2006 1558 2124 1592 Apolline
2136 1557 2236 1594 sagitta
2251 1558 2391 1595 interfeHus

246 1589 337 1616 Graeci
365 1589 445 1625 ipsum
478 1594 600 1614 oratorem
631 1594 670 1613 na
700 1593 790 1613 vocant
798 1597 807 1616 ,⁴
844 1588 931 1614 Latini
951 1597 1018 1619 eum,
1056 1597 1099 1624 qut
1133 1593 1212 1613 artem
1237 1597 1292 1614 ora·
1309 1596 1346 1621 40
1358 1591 1570 1623 Homer.Odyss.
1587 1590 1635 1617 lib.
1651 1599 1676 1626 7.

245 1629 337 1652 coriam
365 1623 513 1660 profitetur,
554 1630 578 1649 et
609 1622 706 1649 dicendi
726 1629 862 1659 praecepta
888 1623 979 1649 tradit.
1095 1623 1154 1649 Cic.
1173 1622 1205 1649 de
1220 1624 1296 1650 Orat.
1392 1633 1560 1658 RHEXiA,
1573 1635 1610 1653 ac.
1627 1627 1646 1652 f.
1683 1627 1783 1660 Herba,
1799 1631 1906 1664 proprio
1919 1631 2013 1656 nomine
2030 1628 2174 1662 Onocheles,
2186 1628 2216 1655 de
2227 1638 2272 1666 qua
2283 1628 2390 1662 Ρῶμε-ε,

249 1669 259 1687 ι
273 1680 281 1692 ‚
308 1666 341 1694 84
374 1669 394 1686 c.
415 1665 440 1690 18
472 1659 618 1686 Carneades
673 1674 719 1679 ——
775 1658 936 1693 significabat
949 1679 957 1691 ‚
994 1667 1039 1684 eos
1053 1677 1060 1688 ‚
1097 1659 1144 1693 qui
1177 1658 1297 1685 rhetores
1355 1670 1385 1689 zi
1399 1663 1418 1689 s.
1432 1669 1460 1696 25
1472 1671 1540 1698 quem
1553 1664 1630 1689 iocum
1639 1662 1725 1689 damus
1738 1666 1765 1689 in
1779 1668 1949 1692 ARceaios.

245 1696 466 1727 nominarentur,
487 1700 513 1721 et
526 1695 573 1728 qui
587 1694 694 1721 dicendi
711 1700 847 1729 praecepta
861 1695 1006 1726 traderent,
1022 1693 1089 1720 nihil
1106 1694 1182 1729 plane
1196 1700 1297 1727 tenere,

244 1739 331 1766 neque
345 1732 413 1765 posse
427 1739 584 1765 quemquam
599 1730 748 1757 facultatem
763 1730 861 1764 assequi
873 1729 1047 1762 dicendi,nisi
1062 1731 1110 1764 qui
1124 1729 1297 1765 philosopho-
1758 1725 1786 1757 R
1883 1726 1916 1758 H
2013 1727 2029 1759 Ῑ

245 1775 305 1794 runi
322 1767 430 1793 inuenta
445 1765 582 1792 didicisset.
690 1765 763 1791 Idem
777 1765 809 1791 de
825 1765 882 1791 Fin.
896 1773 925 1798 3,
946 1774 965 1798 4
983 1767 1050 1792 Item
1065 1766 1135 1799 ipsae
1157 1765 1294 1792 rhetorum
1309 1772 1344 1798 45
1392 1776 1441 1797 RH
1451 1777 1460 1798 ι
1472 1777 1493 1797 Α
1505 1776 1553 1805 pro
1573 1777 1593 1797 R
1603 1771 1754 1806 HOEA,s.
1767 1778 1787 1798 R
1797 1778 1818 1798 H
1828 1777 1903 1799 OEA
1913 1779 1927 1799 s
1942 1773 2008 1799 Pljn,
2016 1781 2058 1804 20,
2067 1780 2104 1805 ¹9·

243 1808 328 1835 artes,
349 1811 415 1837 quae
438 1803 495 1828 sunt
518 1807 588 1828 totae
607 1801 723 1828 forenses
737 1808 816 1836 atque
828 1801 984 1836 populares,
1004 1801 1093 1828 verbis
1107 1808 1194 1828 tamen
1210 1802 1237 1828 in
1251 1802 1296 1828 do·
1392 1811 1412 1832 R
1423 1812 1443 1832 H
1454 1812 1495 1832 tN
1504 1813 1526 1832 A
1535 1825 1542 1837 ,
1554 1815 1592 1834 ae,
1612 1807 1630 1832 f.
1650 1806 1732 1844 [ῥίνη]
1768 1807 1849 1844 Pisais
1862 1811 1989 1840 marinus,
2003 1810 2068 1835 alias
2075 1810 2205 1845 Squatina.
2217 1807 2324 1840 Plin.32,
2335 1806 2359 1844 7.

245 1838 328 1865 tendo
342 1838 414 1873 quasi
426 1838 538 1872 priuatis
551 1843 703 1878 Vtuntur-ac
720 1837 781 1863 suis·
890 1836 1077 1878 Martial.·5,37
1096 1838 1195 1878 Omnes
1210 1846 1295 1872 gram·
1391 1848 1410 1867 R
1419 1848 1439 1867 Η
1450 1849 1490 1868 1N
1499 1849 1516 1868 Ε
1525 1848 1546 1867 N
1559 1847 1576 1867 C
1588 1847 1607 1867 Η
1618 1841 1636 1867 Ῠ
1647 1846 1667 1867 Τ
1678 1849 1694 1868 F.
1705 1850 1734 1875 s,
1748 1840 1791 1869 aes
1818 1853 1852 1870 m,
1886 1844 2064 1879 [ῥψνχύτης]
2135 1843 2324 1876 Rhinenchytes
2340 1851 2388 1871 cor,-

244 1874 425 1908 maticosque,
444 1873 616 1908 rhetorasque
637 1873 742 1899 Diuites
762 1881 869 1899 moneo.
976 1873 1042 1899 Plin.
1057 1873 1137 1908 Epist.
1155 1882 1185 1906 3,
1205 1882 1217 1906 3
1238 1875 1295 1900 Iam
1356 1886 1454 1911 nuper
1472 1877 1545 1912 quod
1566 1877 1719 1905 infunditur
1731 1878 1761 1904 in
1781 1887 1856 1906 nares
1869 1879 2090 1906 medicamentum
2104 1879 2224 1907 Scribon.
2237 1882 2263 1914 7.
2295 1879 2386 1910 Adae.

244 1909 496 1943 circumspiciendus
509 1908 601 1936 rhetor
608 1909 728 1940 Latinus,
747 1909 820 1934 cuius
834 1908 937 1935 scholae
950 1909 1086 1942 seueritas,
1100 1908 1188 1943 pudor
1202 1910 1230 1935 in
1243 1909 1295 1944 pri·
1354 1920 1378 1940 ct
1390 1913 1512 1940 Rhodium
1525 1923 1549 1948 p.
1558 1918 1595 1945 38.
2418 1912 2421 1914 ’

242 1946 303 1984 mis,
323 1945 424 1971 castitas
437 1944 545 1970 constet.
650 1944 781 1977 Qiinc'fil.
795 1952 810 1970 2
829 1952 870 1978 pr.
886 1953 959 1983 ,quem
973 1944 1112 1971 doeiorem
1127 1945 1296 1980 eloquentiae
1313 1957 1345 1984 50
1391 1955 1410 1975 R
1420 1955 1440 1974 H
1451 1956 1459 1974 1
1470 1957 1491 1975 N
1502 1956 1538 1976 10
1550 1955 1585 1981 Ν,
1601 1949 1619 1975 i.
1634 1958 1658 1974 n.
1673 1947 1776 1976 DiHum
1788 1949 1888 1976 videtur
1899 1959 1957 1977 voce
1969 1951 2144 1980 Diminutiua.
2160 1951 2206 1977 hoc
2218 1948 2266 1984 est,
2277 1960 2291 1977 a
2301 1950 2378 1981 limutr,

241 1980 358 2020 dixerat,
373 1990 429 2019 mox¹
442 1979 577 2006 rhetorem
585 1981 709 2019 appellat.
744 1979 813 2019 conf.
828 1978 892 2012 Vqff.
905 1979 934 2019 rie
951 1981 1014 2006 Nat.
1027 1986 1051 2005 et
1065 1979 1145 2013 Cfflst·
1158 1981 1232 2007 Rhet.
1248 1990 1269 2007 c.
1278 1989 1297 2007 i.
1356 1984 1421 2020 quod
1431 1985 1465 2010 ad
1477 1985 1549 2010 limae
1556 1984 1748 2019 fimilitudincm
1760 1988 1892 2012 cicatrices
1904 1992 1929 2012 et
1940 1987 2017 2013 callos
2034 1987 2158 2014 oculorum
2165 1987 2266 2013 deterat.
2273 1986 2316 2021 ῥίνη
2323 1987 2376 2011 enim

241 2017 310 2043 Mar.
326 2015 459 2042 Vibiorin.
474 2015 568 2055 ljlxpos.
583 2023 628 2040 ini
645 2014 722 2040 Rhet.
736 2015 793 2054 Cic.
887 2015 983 2041 Cicero
995 2015 1084 2041 noster
1099 2016 1162 2056 dum
1182 2025 1230 2056 ego
1252 2016 1296 2043 ad·
1355 2023 1416 2047 lima
1429 2018 1472 2052 ist.
1590 2020 1680 2047 Celsus
1692 2023 1716 2052 6,
1736 2025 1765 2051 6,
1778 2029 1810 2053 30
1829 2021 1979 2054 Collyrium
1997 2031 2063 2049 vero
2082 2022 2236 2057 aptissimum
2254 2022 2295 2054 est,
2313 2017 2373 2055 quod

242 2052 310 2084 sum,
328 2059 380 2077 non
395 2051 500 2090 cessauit
512 2049 581 2084 apud
595 2049 731 2076 rhetorem
752 2050 866 2083 cic.Q=.
875 2051 944 2090 Frat.
952 2059 981 2083 3,
990 2059 1008 2077 ι.
1075 2051 1296 2079 Eminennffimus
1355 2055 1476 2082 Rhinion
1490 2061 1609 2083 vocatur.
1703 2057 1823 2083 Meminit
1835 2064 1860 2084 et
1875 2058 1980 2084 Galenus
1992 2068 2018 2093 4,
2032 2068 2048 2094 7
2068 2058 2096 2084 de
2108 2057 2268 2093 compositione
2275 2056 2375 2092 pharma-

244 2087 338 2127 rhetor
358 2085 489 2119 QiinGhI.
500 2094 522 2118 2,
536 2094 556 2117 3.
588 2122 592 2126 ⁵
665 2085 777 2118 Magnus
793 2091 818 2111 et
834 2085 943 2117 nobxhs,
963 2085 1017 2112 vid.
1034 2092 1172 2115 NOBILIS.
1225 2089 1296 2114 Con·
1356 2100 1440 2117 corum
1448 2091 1583 2127 fiet-undum
1596 2093 1669 2118 locos.
1705 2094 1786 2119 Habet
1800 2096 1857 2119 item
1871 2093 1973 2119 Paullus
1987 2093 2034 2120 lib.
2050 2101 2067 2130 7
2085 2093 2149 2129 quod
2160 2092 2298 2120 Rhination
2308 2096 2381 2117 uocat.

245 2122 323 2158 gredi
335 2131 394 2148 cuni
414 2121 538 2163 rhetore,
564 2118 619 2146 vid.
632 2125 693 2147 CON
702 2125 859 2146 GREDIOR.
991 2155 996 2160 .
1058 2119 1079 2158 ᾖ
1098 2131 1115 2149 2
1151 2122 1198 2149 sed
1210 2130 1234 2149 et
1249 2125 1296 2149 La.
1315 2131 1344 2156 55
1392 2134 1412 2153 R
1421 2133 1441 2153 H
1451 2134 1460 2153 Ι
1470 2134 1491 2152 N
1501 2125 1520 2153 ὁ
1529 2133 1545 2153 C
1555 2126 1571 2153 ἔ
1580 2134 1598 2153 R
1607 2134 1626 2154 O
1635 2134 1665 2158 S,
1692 2128 1752 2155 ὅτίς.
1782 2138 1818 2154 m.
1845 2129 2003 2165 [ῥινόκερως]
2074 2131 2194 2162 Animal,
2219 2127 2306 2155 dib-,um
2317 2135 2331 2152 a
2345 2125 2386 2160 351⁹,

245 2161 309 2185 tinis
324 2157 425 2184 Rhetor
438 2156 561 2183 interdum
577 2163 626 2190 pro
637 2156 750 2197 'Oratore
764 2155 907 2196 usurpatur.
965 2156 1023 2195 Cic..
1035 2157 1110 2182 Orat.
1123 2159 1151 2183 61
1172 2167 1192 2183 c.
1202 2167 1231 2190 19
1247 2158 1296 2185 Sed
1354 2162 1424 2196 ῥινὸς,
1445 2161 1510 2197 quod
1522 2162 1605 2197 nasum
1612 2161 1760 2196 fignificat,
1781 2170 1804 2189 et
1820 2165 1904 2197 κέρας,
1922 2173 2006 2190 cornu.
2113 2165 2179 2192 Plin.
2200 2171 2229 2197 8,
2249 2172 2281 2190 20
2300 2160 2386 2193 Iisdem

246 2200 273 2221 et
285 2194 384 2220 Graece
405 2192 437 2219 ab
453 2191 603 2226 eloquendo
614 2192 700 2230 ῥητωρ,
712 2197 737 2217 et
751 2191 844 2217 Latine
858 2191 984 2231 eloquens
998 2190 1083 2231 didius
1101 2191 1146 2217 est.
1235 2227 1240 2231 ”
1256 2193 1295 2219 Id.
1358 2197 1428 2223 ludis
1442 2204 1467 2223 et
1481 2197 1649 2228 rhinoceros,
1659 2197 1735 2222 vnius
1751 2198 1779 2222 in
1798 2205 1860 2222 nare
1875 2206 1974 2229 cornu,
1994 2200 2080 2232 qualis
2091 2201 2164 2234 saepe
2179 2201 2257 2227 visus.
2325 2196 2386 2224 Alte!

245 2230 278 2256 de
292 2230 351 2256 Fin.
363 2238 385 2261 ε,
400 2237 428 2263 ¹7
445 2230 489 2254 c.6
510 2228 582 2266 Zeno
598 2226 758 2252 rhetoricam
773 2227 883 2260 palmae,
902 2226 1170 2267 dialeoiicampugno
1184 2225 1298 2254 similem
1358 2231 1402 2256 hic
1414 2233 1516 2265 genitus
1530 2231 1611 2258 hostis
1623 2231 1776 2265 elephanto:
1791 2240 1873 2258 cornu
1888 2231 1919 2257 ad
1932 2233 1990 2258 saxa
2006 2233 2098 2259 limato
2110 2241 2246 2269 praeparat
2260 2234 2285 2260 se
2293 2229 2386 2268 p'ugnae

245 2267 295 2292 ess'e
309 2264 427 2296 dicebat,
450 2263 521 2298 quod
535 2262 612 2288 latius
627 2261 801 2300 loquerentur
819 2261 956 2301 rhetores,
975 2262 1109 2288 dialectici
1124 2269 1213 2289 autem
1227 2272 1298 2289 coni-
1360 2266 1388 2292 in
1402 2266 1574 2292 dimicatione
1588 2267 1679 2292 aluum
1692 2268 1807 2293 maxime
1821 2273 1918 2301 petens,
1931 2276 2009 2302 quani
2024 2268 2070 2293 scit
2083 2270 2131 2294 esse
2144 2270 2306 2295 molliorem.
2331 2268 2386 2295 Lon

245 2300 360 2336 pressius.
466 2300 522 2325 Cic.
534 2299 562 2324 in
578 2298 650 2323 Brut.
666 2306 696 2328 42
717 2298 749 2323 At
766 2296 812 2323 ille
830 2297 933 2328 ridens,
954 2297 1022 2336 Tuo
1036 2306 1116 2328 vere,
1128 2298 1241 2336 inquit,
1258 2308 1297 2324 ar·
1313 2301 1348 2325 60
1360 2301 1455 2335 gitudo
1469 2301 1494 2328 ei
1508 2309 1564 2335 par,
1580 2309 1656 2327 crura
1671 2302 1757 2327 multo
1770 2302 1911 2334 breuiora,
1925 2303 1999 2329 color
2012 2303 2121 2329 buxeus.
2157 2304 2223 2338 conf.
2239 2304 2320 2331 Solin.
2332 2310 2386 2334 «ηιξ

245 2338 344 2364 bitratu
354 2355 362 2368 ,
383 2335 508 2369 quoniam
525 2332 633 2367 quidem
647 2333 793 2358 concessum
806 2332 842 2359 est
861 2331 1015 2358 rhetoribus
1036 2332 1161 2358 ementlri
1176 2333 1204 2358 in
1218 2333 1298 2359 histo·
1360 2337 1458 2368 Festus,
1472 2336 1680 2363 Rliinocerotem
1695 2332 1803 2370 quidam
1816 2342 1908 2370 putant
1921 2338 1968 2363 etse
1982 2337 2079 2364 bouem
2094 2340 2260 2374 Aegyptium.
2331 2339 2386 2366 Mar
2401 2352 2403 2358 .

246 2373 305 2404 riis,
324 2378 352 2398 vt
365 2370 468 2405 aliquid
483 2369 571 2396 dicere
579 2367 671 2402 poffinr
683 2368 811 2402 argutius.
848 2367 882 2394 Vt
896 2367 967 2393 enim
981 2373 1087 2394 tununc
1101 2367 1133 2393 de
1141 2368 1298 2400 Coriolano,
1358 2371 1415 2399 tial.
1430 2371 1462 2397 de
1477 2371 1630 2404 δμῶας-,η
1651 2371 1682 2397 de
1696 2371 1875 2398 Rhinocerote
1896 2377 1922 2398 et
1941 2372 2011 2404 vrso,
2031 2373 2154 2406 Namque
2168 2383 2274 2407 grauem
2293 2382 2386 2408 gemm.

248 2408 282 2435 sic
297 2407 456 2439 Clitarchus,
476 2405 507 2432 sic
521 2404 659 2431 Stratocles
675 2402 707 2430 de
720 2402 906 2429 Themistocle
920 2402 1005 2428 finxit.
1077 2402 1250 2437 Rhetoribus‚
1275 2410 1298 2430 et
1359 2415 1443 2433 cornu
1465 2405 1497 2431 sic
1512 2406 1607 2432 extulit
1622 2407 1711 2432 vrsum
1733 2406 1812 2433 iaciat
1825 2412 1853 2433 vt
1869 2406 2002 2441 impositas
2017 2413 2105 2433 taurus
2117 2408 2145 2433 'in
2157 2409 2222 2433 astra
2235 2409 2307 2442 pilas.
2362 2409 2386 2435 ic*

245 2444 295 2476 bit,
310 2446 351 2479 qui
364 2442 449 2469 docent
461 2448 538 2468 artem
554 2438 662 2472 dict-ndi,
675 2446 699 2465 et
712 2439 762 2470 his,
780 2441 823 2474 qui
842 2443 926 2464 orant.
940 2438 1076 2472 Vtrumque
1089 2442 1153 2464 enim
1160 2441 1245 2465 Cicero
1258 2440 1300 2466 hic
1363 2450 1382 2474 ι,
1392 2453 1404 2473 4
1424 2441 1456 2468 ad
1470 2441 1582 2467 Librum
1596 2441 1680 2472 suuni,
1692 2441 1810 2467 Maiores
1826 2451 1953 2475 nusquam
1968 2442 2076 2468 ronchi:
2090 2442 2260 2476 iuuenesque,
2271 2443 2386 2477 senesque

246 2477 375 2514 complet-‘ii
389 2479 468 2505 voluit
478 2488 485 2502 -’
519 2475 584 2512 quod
600 2481 623 2501 ΕΙ
643 2478 686 2510 qus
705 2474 806 2504 docent,
824 2473 1013 2499 declamfflifflffl'
1025 2473 1147 2509 fingant,
1166 2483 1195 2499 αι·
1212 2479 1299 2500 menti·
1313 2474 1345 2505 65
1361 2478 1392 2503 Et
1407 2477 1483 2511 pueri
1495 2477 1585 2503 nasum
1600 2476 1777 2503 rhinocerotis
1790 2476 1896 2503 habent.
1957 2479 2068 2504 Vtuntur
2086 2478 2145 2513 naso
2158 2484 2181 2503 et
2195 2478 2286 2513 sannis
2300 2477 2332 2503 ad
2343 2481 2386 2505 irri

246 2521 338 2543 antur:
377 2520 401 2540 et
415 2517 458 2549 qui
471 2518 545 2539 orant
558 2531 566 2543 ‚
585 2509 704 2543 historias
719 2510 794 2546 saepe
812 2511 888 2536 aliter
903 2508 1027 2548 referant.
1101 2507 1142 2535 Sic
1154 2509 1300 2544 Aeschinem
1361 2512 1464 2538 dentium
1478 2511 1570 2544 valide,
1585 2519 1613 2538 ut
1628 2512 1787 2538 Rhinoceros.
2002 2510 2022 2548 ff
2035 2521 2051 2538 2
2086 2513 2200 2539 Martial.
2211 2521 2251 2546 14,
2266 2520 2291 2545 52
2310 2513 2384 2541 Gustu

246 2553 375 2576 mentitum
383 2549 457 2584 fiiepe
469 2549 595 2575 conuincit
610 2545 790 2578 Demosthenes.
893 2545 967 2570 idem
980 2544 1053 2570 libro
1065 2544 1160 2570 eodem
1174 2547 1219 2577 263
1235 2554 1255 2571 c.
1264 2547 1299 2579 76
1360 2555 1471 2573 corneus
1484 2549 1603 2582 quuitur,
1621 2547 1738 2574 Geslauit
1752 2548 1833 2574 modo
1845 2547 1934 2574 fronte
1947 2556 1989 2574 me
2007 2550 2150 2581 iuuencus,
2171 2550 2271 2575 Verum
2286 2548 2386 2576 rhinoce.

247 2586 357 2619 Reliqui
372 2586 439 2617 sunt,
447 2584 492 2618 qui
508 2582 679 2613 mortuisint;
692 2582 713 2607 L
724 2581 892 2616 Torquatus,
900 2588 979 2615 quem
989 2586 1016 2605 tu
1024 2588 1077 2606 non
1086 2586 1139 2606 tam
1147 2580 1201 2606 cito
1209 2580 1299 2607 rheto-
1360 2588 1418 2609 rota
1439 2591 1482 2608 me
1500 2582 1613 2617 putabis.
1735 2582 1803 2608 Vnde
1827 2585 1944 2619 faurgas,
1969 2587 1995 2608 in
2014 2584 2141 2619 luxuriosa
2159 2582 2310 2619 supelleflili
2322 2583 2384 2620 fuiffi

248 2631 305 2648 rem
320 2620 421 2647 dixisses
434 2618 499 2654 (etsi
511 2627 565 2644 non
574 2617 661 2646 deerat
670 2617 775 2649 oratio)
792 2625 870 2650 quain
888 2616 1037 2648 (thraeci
1047 2615 1155 2647 dicunt)
1168 2616 1299 2644 πολιτικόν,
1358 2625 1466 2656 guttum,
1481 2627 1509 2645 ex
1523 2627 1599 2645 cornu
1611 2616 1785 2644 rhinocerotis.
1893 2618 1940 2646 Sed
1953 2618 2104 2646 Vet.Schol.
2117 2619 2151 2646 ad
2162 2620 2254 2646 quen.
2267 2619 2316 2648 Sat.
2323 2626 2380 2654 3130

249 2657 407 2687 Rhetoreni,
427 2655 455 2681 id
467 2653 499 2688 est
515 2661 645 2684 oratorem,
666 2656 693 2678 in
707 2653 752 2679 hoc
765 2656 827 2678 enim
842 2652 905 2678 libro
919 2652 1058 2687 catalogum
1077 2655 1141 2677 texit
1161 2659 1296 2678 oratorum.
1308 2659 1344 2688 70
1635 2668 1681 2672 —-
1716 2653 1806 2680 Exitus
1826 2652 1869 2680 hic
1881 2654 1917 2680 est

248 2693 322 2720 Idem
336 2692 367 2718 de
382 2693 441 2719 Fin.
452 2700 475 2723 2,
497 2698 524 2725 i7
542 2692 589 2715 c.6
608 2688 687 2722 Qiasi
703 2697 768 2715 vero
788 2694 913 2722 perpetua
931 2687 1019 2713 oratio
1033 2687 1182 2713 Rhetorum
1203 2688 1296 2719 solum,
1514 2688 1651 2722 Tongilli,
1670 2697 1766 2723 magno
1784 2698 1844 2716 cum
1862 2689 2034 2717 rhinocerote
2049 2689 2135 2717 lauari

249 2737 304 2755 non
319 2728 398 2754 etiam
412 2725 634 2760 Philosophorum
648 2724 678 2751 sit
698 2725 792 2750 quen.
807 2724 856 2751 Sat.
866 2732 887 2756 i,
901 2731 939 2757 44
960 2723 1012 2749 Aut
1020 2722 1221 2757 Lugdunensem
1228 2723 1297 2750 Rhe·
1516 2724 1572 2756 Qii
1588 2723 1662 2749 solet.
2363 2737 2366 2739 Α

249 2770 292 2792 tor
304 2763 422 2790 dicturus
436 2762 468 2789 ad
490 2771 572 2788 aram.
1359 2761 1387 2788 id
1407 2760 1470 2792 est‚·
1482 2762 1580 2795 inquit,
1600 2767 1696 2793 magno
1714 2764 1807 2793 gutto,
1827 2758 1916 2794 quod,
1948 2759 2011 2786 sicut
2025 2760 2192 2788 Rhinoceros
2210 2761 2322 2796 ingentis
2339 2759 2383 2787 nasi

284 2807 303 2826 R
315 2807 334 2825 H
347 2806 362 2826 Ε
373 2805 394 2824 T
404 2806 423 2826 O
435 2805 453 2824 R
463 2797 475 2824 's
484 2804 501 2824 c
514 2803 531 2823 Ε
542 2817 550 2829 ,
576 2805 611 2822 es.
650 2797 691 2822 vcl
717 2802 736 2822 R
746 2802 766 2821 H
776 2802 793 2822 E
803 2801 824 2820 T
833 2801 852 2822 Ο
862 2801 880 2820 R
891 2801 900 2820 1
910 2800 927 2821 c
935 2801 956 2821 Α
966 2813 974 2826 ,
993 2802 1032 2821 ae.
1068 2793 1089 2820 f.
1145 2794 1298 2835 [ῥητορική]
1357 2798 1442 2824 Fuerit
1453 2805 1511 2831 ergo
1523 2795 1602 2831 ipficm
1616 2797 1842 2830 ua1‚gutturnium,
1851 2795 2014 2828 rhinoceros,
2023 2804 2051 2823 vt
2058 2796 2205 2824 Nasiterna.
2349 2793 2368 2834 ff
2379 2804 2386 2819 τ

249 2835 381 2869 Qiinfflil.
391 2844 413 2866 2,
430 2842 454 2867 ις
474 2833 546 2860 Huic
561 2832 616 2858 eius
630 2831 786 2858 substantiae
800 2831 915 2858 maxime
930 2830 1056 2856 conuenit
1069 2830 1168 2861 finitio,
1183 2830 1298 2857 rhetori·
1310 2836 1343 2864 75
1360 2832 1539 2862 Rhinoceros,
1554 2838 1600 2866 per
1619 2833 1811 2857 translationem
1824 2832 1935 2864 dicitur,
1951 2835 1993 2868 qui
2014 2832 2084 2859 dente
2099 2836 2216 2859 eminente
2228 2825 2386 2865 broncbusefl‘

249 2881 296 2898 ce„
311 2871 360 2897 effe
374 2870 440 2896 bene
456 2868 560 2895 dicendi
572 2868 718 2894 scientiam.
790 2865 941 2892 Artificiosa
958 2864 1122 2899 eloquentia,
1145 2875 1222 2900 quam
1239 2866 1298 2892 rhe·
1360 2867 1494 2898 Lucilius,
1509 2865 1643 2893 Brouchus
1657 2866 1807 2893 bouillanus
1828 2867 1905 2894 dente
1918 2866 2029 2894 aduerso
2050 2869 2180 2901 eminulo,
2195 2868 2238 2896 hic
2252 2868 2289 2896 est
2301 2867 2382 2895 Rhino

249 2907 361 2934 toricam
374 2911 469 2932 vocant
483 2906 538 2932 Cic.
555 2904 586 2930 de
599 2905 700 2929 Inucnt.
714 2911 734 2934 i,
748 2905 764 2928 6
779 2911 800 2928 c.
810 2909 822 2934 ς
832 2909 875 2937 pr.
982 2901 1056 2927 Idem
1068 2902 1100 2927 de
1115 2902 1202 2928 Finib.
1218 2911 1249 2934 2,
1271 2910 1299 2937 17
1361 2913 1435 2931 ceros
1443 2903 1515 2930 Non.
1528 2911 1546 2933 i,
1561 2911 1615 2928 102.

250 2944 296 2969 c.6
317 2942 430 2969 Zenonis
444 2940 490 2974 est,
510 2941 637 2974 inquam,
659 2938 710 2964 hoc
724 2938 822 2970 Stoici,
842 2945 949 2963 omnem
964 2936 1021 2962 vim
1037 2937 1182 2972 loquendi,
1201 2944 1230 2964 vt
1244 2938 1297 2964 iam
1398 2947 1416 2966 R
1426 2946 1445 2966 H
1456 2947 1465 2965 1
1477 2946 1496 2964 N
1505 2945 1524 2965 O
1533 2944 1549 2964 C
1562 2944 1578 2963 Ε
1589 2944 1605 2963 R
1616 2943 1635 2963 O
1646 2936 1711 2963 Tic
1721 2944 1763 2964 vs
1772 2956 1778 2967 ‚
1799 2946 1814 2963 a
1823 2957 1831 2969 2
1845 2947 1899 2965 um.
1936 2937 1997 2966 Adi.
2113 2938 2324 2973 Sidon.C'arm.9
2335 2943 2385 2966 ext?

249 2984 309 3005 ante
324 2977 487 3008 Aristoteles,
507 2976 535 3002 in
550 2975 612 3001 duas
626 2973 754 3000 tributam
771 2974 818 3000 esse
832 2979 917 3007 partes
931 2972 1033 2998 dicere:
1070 2972 1231 3000 rhetoricam
1246 2973 1298 3008 pal·
1360 2975 1464 3010 Rugato
1477 2976 1543 3001 Cato
1556 2973 1662 2999 tetricus
1674 2972 1772 2999 labello
1789 2973 1889 3001 Narem
1910 2973 2131 3002 rhinoceroticam
2150 2976 2276 3002 minetur.

252 3022 319 3046 inae,
338 3012 503 3040 dialecticam
518 3020 606 3046 pugno
619 3009 730 3036 similem
744 3010 792 3035 esse
806 3009 925 3040 dicebat,
945 3008 1018 3041 quod
1033 3008 1111 3035 latius
1125 3009 1299 3043 loquerentur
1314 3010 1346 3036 80
1397 3018 1414 3036 R
1426 3017 1445 3037 Η
1457 3018 1466 3037 1
1476 3016 1498 3036 Ν
1507 3017 1526 3036 O
1536 3015 1553 3036 C
1566 3015 1583 3034 L
1594 3015 1603 3034 i
1613 3015 1625 3034 S
1637 3016 1642 3034 1
1655 3016 1675 3035 Α
1684 3028 1691 3039 ,
1706 3017 1744 3034 ae.
1758 3009 1776 3035 f.
1800 3010 1960 3044 [ῥινοκλίσια]
1997 3012 2112 3037 Alterum
2126 3011 2214 3038 Callae
2227 3010 2313 3037 herbae
2342 3008 2402 3036 estu.¹⁴

248 3049 379 3079 rhetorem
394 3048 530 3075 dialcffici
542 3052 630 3073 autem
645 3045 817 3080 compressius.
934 3044 1088 3076 Rhetorica,
1105 3045 1193 3080 duplex
1206 3044 1249 3077 eli,
1262 3046 1297 3071 al·
1359 3047 1425 3073 Plin.
1441 3042 1480 3081 '27‚
1494 3050 1507 3075 8
1524 3045 1644 3071 Alterum
1660 3053 1739 3079 genus
1752 3045 1821 3076 eius,
1836 3045 1944 3080 quidam
1959 3045 2104 3072 Anchusani
2118 3053 2226 3078 vocant,
2244 3046 2290 3073 alii
2302 3047 2324 3072 R
2345 3045 2396 3072 ino·

246 3091 301 3111 tera
317 3084 437 3117 forensis,
450 3085 529 3110 altera
543 3081 734 3117 philosophica,
755 3080 819 3116 quod
832 3079 864 3106 de
872 3079 964 3112 Fin.z,
972 3087 1000 3114 17
1014 3083 1059 3106 c.6
1079 3079 1183 3113 ostenait
1192 3081 1297 3112 Cicero,
1358 3082 1465 3109 clisiam.
1486 3082 1491 3085 χ
1547 3080 1621 3107 Folia
1636 3080 1750 3106 laelucae
1763 3080 1894 3115 longiora,
1908 3081 2134 3115 plumosa‚radice
2148 3082 2236 3114 rubra,
2250 3090 2316 3117 quae
2328 3082 2389 3116 igno¹

248 3129 323 3156 quum
336 3123 389 3147 ait.-
425 3119 563 3153 Obsequar
576 3118 659 3153 igitur
673 3117 805 3143 voluntati
819 3122 895 3148 tuae,
911 3115 1050 3150 dicamque
1071 3115 1088 3142 fi
1103 3124 1197 3150 potero
1211 3116 1300 3143 rheto—
1359 3119 1446 3145 sacros
1459 3126 1517 3144 cum
1530 3116 1596 3142 flore
1610 3116 1730 3150 polentae
1744 3117 1814 3143 sanat
1829 3117 1958 3152 impolita.

249 3157 319 3182 rice:
336 3155 378 3182 sed
395 3154 440 3181 hac
454 3154 586 3181 rhetorica
601 3152 839 3188 philosophorum,
862 3160 917 3177 non
930 3151 1017 3178 nostra
1040 3151 1085 3178 illa
1099 3152 1206 3185 forensi,
1220 3161 1297 3188 quam
1396 3160 1414 3179 R
1425 3161 1445 3180 H
1456 3158 1547 3180 1NOC
1557 3159 1575 3178 o
1586 3159 1629 3177 LV
1640 3158 1658 3177 R
1669 3159 1690 3178 Α
1700 3171 1707 3183 ‚
1726 3159 1764 3178 ae.
1803 3152 1822 3179 f.
1890 3155 1917 3178 in
1937 3154 2056 3189 Aegypto
2080 3153 2155 3184 vrbs,
2178 3152 2235 3179 inde
2254 3156 2292 3179 ita
2309 3161 2384 3180 nuncu

250 3191 348 3218 neccsse
361 3190 407 3222 est,
428 3199 511 3224 quum
525 3189 687 3223 populariter
699 3189 838 3222 loquatur,
857 3188 905 3214 esse
919 3186 1052 3214 interdum
1066 3188 1156 3222 paullo
1177 3187 1298 3215 hebeno·
1312 3189 1343 3217 85
1351 3196 1427 3225 pata,
1445 3188 1508 3225 quod
1520 3187 1710 3223 iiicolaefo›·e›1t
1729 3188 1845 3214 mutilati
1865 3197 1949 3219 nares,
1962 3197 1989 3214 ut
2011 3189 2146 3224 Stephanus
2165 3192 2361 3224 interpretatur,
2375 3196 2394 3213 t·

249 3235 316 3253 rem.
355 3228 392 3253 De
401 3224 498 3261 forensi
505 3225 543 3258 sic
557 3224 619 3250 idem
635 3224 691 3251 Cic.
705 3224 732 3249 in
747 3224 820 3250 Orat.
831 3231 852 3254 ¹3
870 3223 911 3249 Sic
927 3223 1083 3257 eloquentia
1098 3223 1160 3250 haec
1175 3224 1296 3257 forensis,
1350 3223 1582 3261 pluribus-exposuit
1589 3223 1724 3249 Diodorus.
1761 3224 1917 3250 Meminitad
1925 3223 2388 3257 DardanumHieronymus:vid.Sen

250 3263 335 3296 spreta
348 3271 362 3289 a
377 3261 542 3296 philosophis
555 3266 580 3286 et
595 3259 749 3294 repudiata,
768 3258 858 3284 inultis
871 3258 980 3292 quidem
995 3259 1040 3284 illa
1055 3259 1229 3290 adiumentis,
1243 3269 1296 3286 ma·
1356 3260 1388 3287 de
1402 3262 1444 3287 Ira
1456 3268 1477 3292 3,
1489 3269 1523 3286 20
1547 3268 1601 3285 cum
1615 3265 1668 3287 not.
1681 3258 1750 3294 Lips.

250 3299 360 3331 gnisque
376 3297 473 3324 caruit:
494 3296 537 3323 sed
550 3301 638 3322 tamen
649 3301 741 3321 ornata
757 3294 845 3320 verbis
859 3301 937 3327 atque
951 3294 1086 3320 sententiis
1095 3314 1102 3325 ,
1125 3294 1297 3321 iactationem
1392 3303 1411 3322 R
1421 3302 1441 3322 H
1451 3303 1460 3322 1
1469 3303 1491 3322 N
1499 3301 1520 3320 T
1530 3301 1551 3320 H
1560 3301 1579 3321 O
1590 3301 1611 3320 N
1624 3314 1633 3327 ,
1660 3295 1713 3320 via.
1735 3301 1753 3320 R
1763 3299 1784 3320 H
1794 3301 1812 3320 Υ
1822 3300 1845 3320 Ν
1854 3301 1875 3322 Τ
1883 3301 1938 3321 ΟΝ.

252 3331 344 3358 habuit
365 3334 391 3359 in
408 3332 521 3367 populo,
536 3340 583 3358 nec
604 3339 750 3365 paucorum
769 3329 900 3356 iudicium
921 3330 1204 3364 reprehensionemque
1218 3331 1297 3365 perti·
1398 3338 1416 3358 R
1427 3339 1447 3358 Η
1457 3338 1466 3356 1
1476 3337 1495 3357 0
1505 3338 1535 3361 Ν,
1548 3330 1567 3356 i.
1598 3339 1624 3356 n.
1662 3329 1746 3364 [Ῥίον]
1817 3331 1927 3357 Achaiae
1936 3334 2141 3366 promontorium.
2176 3330 2243 3357 Plin.
2256 3339 2284 3363 4,
2298 3339 2314 3357 2
2337 3330 2383 3357 Pro

253 3368 328 3393 muit.
399 3369 484 3407 Sensus
497 3367 540 3401 est,
559 3370 672 3403 quoniam
679 3365 822 3401 Philosophi
834 3366 993 3400 eloquentiam
1001 3365 1128 3400 forensem
1150 3373 1296 3401 preuerunt,
1309 3370 1346 3396 90
1358 3367 1522 3394 montorium
1537 3365 1723 3392 Antirrhinum
1733 3385 1741 3397 ,
1766 3365 1813 3391 vbi
1835 3366 1933 3393 ostium
1947 3366 2113 3393 Corinthiaci
2131 3366 2197 3392 sinus
2217 3366 2304 3392 minus
2323 3365 2387 3392 milli

250 3406 293 3438 qui
310 3408 427 3438 poterant
445 3407 467 3429 ei
481 3405 616 3439 plurimum
630 3400 754 3438 prodqffe:
786 3401 920 3436 populares
937 3401 1046 3427 homines
1065 3404 1138 3434 eius]
1151 3402 1234 3428 udium
1247 3412 1296 3428 am.
1357 3404 1473 3437 passuum
1494 3401 1635 3428 latitudine
1662 3401 1813 3433 influentis,
1831 3401 2012 3436 Aetholosque
2026 3401 2173 3428 dirimentis
2187 3410 2200 3427 a
2216 3401 2385 3436 Peleponnesc

245 3440 327 3474 plexi,
346 3438 471 3464 verborum
483 3439 615 3465 luminibus
627 3442 794 3467 exornarunt,
811 3443 833 3462 et
843 3437 930 3470 populi
941 3436 1034 3462 iudicio
1046 3441 1173 3470 contenti,
1189 3438 1250 3473 quid
1267 3438 1296 3463 de
1356 3437 1572 3466 Promontoriuni
1587 3437 1659 3471 quod
1673 3443 1764 3463 contra
1777 3436 1904 3472 procedit,
1918 3437 2063 3473 appellatur
2077 3437 2173 3464 Rhion.
2202 3437 2296 3463 Liuius
2308 3445 2385 3473 quoqu<

244 3474 274 3510 se
284 3473 425 3510 philosophi
433 3473 568 3512 finiit-ent,
575 3477 677 3509 penitus
690 3475 858 3509 ncglexerunt.
931 3473 1004 3497 Hanc
1017 3475 1100 3507 igitur
1108 3473 1236 3509 forensem
1250 3475 1295 3500 elo-
1356 3481 1397 3507 28,
1412 3483 1428 3510 7
1447 3475 1519 3501 huius
1533 3472 1597 3499 Rhii
1611 3475 1731 3498 meminit.

250 3512 375 3545 qucntiam
382 3509 689 3544 philosophispreuerunt,
708 3518 756 3535 non
775 3508 844 3534 illam
865 3504 963 3532 doflam
976 3513 1000 3532 et
1021 3509 1167 3543 elegantem,
1185 3518 1256 3544 quam
1270 3511 1296 3535 in
1395 3517 1414 3537 R
1425 3517 1445 3536 H
1456 3517 1464 3535 1
1475 3516 1489 3535 P
1498 3516 1518 3535 H
1529 3515 1549 3534 Α
1558 3515 1574 3535 E
1583 3515 1603 3534 V
1612 3516 1625 3535 s
1633 3528 1642 3541 ,
1659 3509 1675 3534 s'.
1687 3514 1706 3534 R
1717 3514 1738 3534 H
1749 3514 1759 3533 1
1768 3514 1783 3534 P
1793 3515 1813 3534 Α
1825 3515 1841 3535 Ε
1850 3516 1870 3535 v
1881 3515 1893 3535 S
1902 3530 1910 3542 ‚
1924 3517 1949 3542 a,
1961 3518 2015 3535 um.
2037 3506 2147 3541 Riphaei
2161 3514 2273 3533 montes.
2290 3506 2382 3541 [Timui

252 3546 355 3572 Platone
369 3550 392 3570 et
405 3543 538 3576 Aristotele
550 3545 668 3572 uidemus.
739 3544 903 3579 Spreuerunt,
923 3546 1033 3577 inquam,
1051 3547 1165 3578 quoniam
1178 3545 1207 3571 ab
1219 3544 1296 3570 admi·
1311 3548 1342 3574 93
1356 3545 1409 3582 ὅρη]
1437 3545 1645 3581 stpte›itrionales
1659 3545 1781 3579 Scythiae.
1818 3545 1882 3571 Plin.
1897 3555 1926 3578 4,
1939 3554 1966 3572 12
1986 3546 2064 3571 Arces
2078 3541 2196 3576 Rhipeae
2210 3544 2285 3577 Virg.
2300 3543 2384 3576 Georg,

255 3579 401 3613 nistratione
419 3579 573 3613 Reipublicae
590 3583 694 3612 remoti,
708 3579 766 3641 (uis
784 3585 879 3605 tantum
892 3575 988 3610 studiis
1006 3579 1138 3605 vacabant.
1209 3580 1297 3606 subdit
1359 3591 1385 3614 1,
1399 3589 1449 3614 240
1483 3583 1572 3616 optimi
1589 3583 1677 3615 quique
1696 3579 1764 3606 libri.
1880 3582 1936 3607 Nix
1958 3579 2074 3614 Riphaea
2099 3578 2161 3604 Stat.
2175 3578 2268 3605 Theb.
2283 3587 2323 3611 ii,
2348 3585 2381 3610 115

253 3616 341 3642 ibidem
354 3615 467 3642 Cicero:
502 3615 542 3640 Ita
556 3621 581 3640 et
596 3615 680 3641 doffis
694 3625 707 3641 c
720 3614 846 3650 oquentia
861 3613 1011 3649 popularis,
1032 3620 1056 3640 et
1078 3614 1180 3641 disertis
1194 3616 1297 3649 elegans
1357 3617 1470 3644 Pruinae
1486 3616 1599 3650 Ripaeae
1612 3616 1685 3650 Virg.
1702 3615 1798 3650 Georg.
1814 3627 1841 3650 4,
1854 3622 1902 3650 518.

252 3651 375 3677 dostrina
389 3649 483 3676 defuit.
598 3649 701 3682 Doffis,
720 3651 748 3677 id
759 3649 802 3683 est,
819 3649 987 3685 philosophis:
1007 3649 1129 3682 Disertis‚
1149 3651 1299 3684 oratoribus,
1393 3658 1458 3679 RHi
1468 3659 1511 3678 PH
1521 3658 1567 3677 ΑΕ
1578 3658 1598 3683 i,
1614 3651 1631 3677 s.
1646 3658 1664 3677 R
1674 3658 1695 3678 H
1710 3658 1717 3677 i
1730 3658 1745 3676 P
1760 3659 1781 3677 Α
1792 3657 1807 3677 Ε
1818 3658 1838 3683 1,
1851 3660 1979 3679 ommni.
2000 3649 2067 3676 Plur.
2077 3645 2380 3684 Populisuntseptenttio

252 3689 296 3721 qui
318 3693 415 3712 tantum
433 3683 532 3722 forensi
557 3685 691 3719 eloquentia
715 3685 848 3718 instruHi,
875 3685 1057 3720 ph1losophi'am
1076 3695 1125 3712 non
1150 3689 1297 3722 attigerant.
1359 3687 1428 3714 nales
1444 3686 1644 3720 Rhiphaeorum
1659 3687 1790 3713 montium
1803 3688 1915 3715 accolae.
1937 3687 2012 3720 Virg.
2026 3685 2152 3719 Georg.3‚
2166 3690 2205 3717 382
2219 3686 2287 3711 Gens
2300 3683 2380 3711 effi-m

252 3723 378 3749 Exercet-c
392 3720 542 3748 rhetoricen
557 3720 626 3754 apud
639 3721 831 3748 Grammaticos
847 3720 1008 3755 Qiinftila,
1022 3729 1041 3754 i,
1056 3730 1080 3754 3.
1305 3721 1448 3750 ioovirsim
1462 3722 1581 3756 Rhipaeo
1594 3722 1716 3749 tunditur
1723 3723 1802 3749 Euro.

290 3763 336 3783 RH
348 3764 363 3783 r
376 3763 397 3783 Τ
408 3764 426 3783 o
437 3763 455 3783 R
468 3762 563 3787 icvs,
584 3763 608 3787 a,
622 3764 675 3781 um.
765 3758 820 3783 Cic.
835 3757 867 3783 de
881 3757 945 3782 Fato
959 3767 977 3790 4
997 3766 1019 3783 c.
1033 3765 1045 3782 2
1070 3756 1212 3784 Rhetorica
1226 3758 1295 3785 inihi
1393 3765 1412 3785 R
1422 3765 1442 3785 H
1453 3765 1486 3784 11>
1496 3764 1515 3784 Η
1527 3765 1542 3784 E
1552 3765 1571 3784 v
1581 3764 1611 3790 S,
1625 3757 1679 3791 flue
1695 3765 1713 3784 R
1724 3765 1731 3783 i
1742 3765 1809 3786 PHE
1819 3766 1839 3785 v
1849 3766 1877 3790 s,
1898 3757 1916 3783 i.
1936 3765 1971 3782 m.
2000 3753 2127 3791 [Ῥιφειὶς]
2173 3756 2242 3783 Vnus
2255 3765 2284 3782 ex
2294 3755 2397 3782 Centau>

253 3792 341 3819 nostra
355 3793 389 3818 sat
403 3799 475 3819 nota.
546 3790 677 3824 Quinctil.
691 3798 713 3822 3,
728 3799 748 3823 1,
761 3801 792 3817 20
813 3793 871 3819 Post
885 3801 963 3827 quem
976 3798 1062 3819 tacere
1079 3793 1292 3822 modestissinium
1354 3797 1402 3826 ris,
1420 3796 1516 3820 Ixionii·
1528 3800 1551 3819 et
1566 3793 1727 3828 Nubisfiliiis
1739 3795 1822 3821 Ouid.
1837 3795 1899 3820 Met.
1911 3801 1952 3822 12,
1972 3799 2022 3823 352.
2243 3789 2263 3827 ἦ
2284 3799 2300 3817 2
2335 3789 2379 3817 Fui.

253 3828 335 3860 foret,
356 3827 403 3853 nili
416 3834 441 3854 et
455 3827 602 3853 rhetoricos
618 3827 675 3852 suos
689 3826 742 3860 ipse
755 3826 912 3854 adolescenti
925 3827 974 3854 fibi
992 3827 1091 3862 elapsos
1116 3828 1224 3855 diceret.
1262 3830 1291 3856 de
1351 3837 1375 3856 et
1388 3831 1451 3856 alter
1459 3828 1509 3855 Rhi
1531 3828 1609 3855 haeus
1622 3830 1746 3856 Troianus
1756 3850 1762 3861 ,
1776 3829 1887 3863 iustitiae
1899 3829 1994 3854 nomine
2007 3827 2127 3853 Troianis
2139 3826 2372 3862 omnibuspraelatut

251 3865 373 3890 Cicerone.
468 3864 497 3889 Et
511 3871 534 3895 3,
546 3871 567 3895 ς,
588 3870 618 3896 14
640 3862 710 3888 Sicut
721 3870 752 3887 ex
765 3863 902 3889 Ciceronis
921 3871 1028 3903 quoque
1045 3863 1182 3891 rhetorico
1202 3865 1291 3899 primo
1352 3872 1381 3892 vt
1388 3861 1474 3891 auffor
1488 3874 1499 3889 e
1534 3865 1710 3898 Virg.Aen.2‚
1724 3876 1742 3898 4
1758 3869 1784 3892 6.
2357 3868 2361 3869 ⁷

251 3898 419 3925 manifestum
434 3897 479 3925 est.
557 3898 613 3924 Cic.
631 3898 663 3924 de
680 3897 755 3923 Orat.
771 3905 786 3922 2
795 3917 803 3929 ,
822 3906 850 3924 io
877 3898 1026 3925 Rhetoricis
1045 3908 1113 3926 nunc
1132 3899 1290 3934 quibusdam
1304 3907 1347 3933 105
1388 3907 1405 3927 R
1417 3906 1437 3926 H
1447 3907 1456 3926 1
1466 3906 1481 3926 Ζ
1491 3906 1511 3925 Α
1521 3906 1541 3925 G
1550 3906 1568 3926 R
1579 3906 1600 3925 A
1611 3919 1618 3930 ,
1630 3909 1667 3927 ae.
1685 3902 1703 3926 s.
1724 3899 1865 3935 [ριζοέγρα]
1937 3897 2052 3933 ἴση-φῖ,
2064 3906 2112 3933 qua
2124 3897 2243 3934 Chirurgi
2257 3896 2336 3923 dentes
2348 3899 2376 3919 ra

253 3934 329 3961 libris
343 3942 410 3967 quos
424 3940 452 3960 tu
465 3933 575 3968 agrestes
588 3939 670 3968 putat.
741 3933 790 3960 Ar·
803 3932 935 3961 rhetorica
948 3934 1111 3970 Qiineiiia,
1127 3943 1165 3972 17.
1212 3936 1290 3963 More
1347 3935 1439 3963 di‘citus
1451 3938 1561 3962 eximunt
1574 3935 1640 3962 Cels.
1652 3943 1668 3970 7
1677 3956 1685 3968 ,
1700 3945 1734 3968 η,
1749 3945 1768 3963 i.
2291 3933 2372 3958 RH¹²¹
