2434 4156
44 105 106 135 101
441 84 472 124 R
552 82 586 124 E
664 80 699 121 C

85 183 292 209 Rsscvssvs,
312 174 349 202 sis.
376 183 411 201 m.
447 173 516 200 Plin.
532 177 554 204 8,
569 179 595 206 53
630 171 661 198 In
678 169 742 197 haec
756 170 781 196 se
795 168 909 201 librant,
922 175 950 195 vt
964 174 1082 196 tormen.

48 222 78 244 to
89 217 176 250 aliquo
189 213 269 240 rotati
285 214 313 238 in
326 216 409 246 petras
418 229 427 242 ,
447 209 605 244 potissimum
618 216 632 233 e
644 212 739 246 monte
748 205 840 245 aliquo
853 206 882 231 in
897 205 978 231 alium
992 204 1083 231 transi-

48 253 97 280 lire
110 254 276 284 quaerentes,
288 253 366 282 atque
387 246 485 272 recuffii
506 243 637 280 pernicius
649 250 703 277 quo
722 240 833 267 libuerit
847 240 975 267 exultant.
996 241 1024 267 de
1036 241 1083 267 ibi-

3 310 4 316 ,
49 287 123 314 cibas.

3 878 8 898 i

61 336 65 341 ·
83 328 102 348 R
111 326 153 348 Ec
162 327 204 348 vs
213 326 226 346 s
235 327 255 346 A
266 326 282 347 Β
291 320 363 346 iris
373 337 382 350 ,
401 327 424 343 e.
453 316 514 343 Adi.
550 314 620 342 Cael.
634 312 725 339 Aurei.
737 311 825 339 Tard.
839 319 862 343 3,
874 312 901 344 6,
913 316 941 341 88
966 312 1083 338 Recusl'a.
1109 323 1124 349 ς

47 355 112 384 bilis
135 355 255 391 sphaera,
279 363 356 389 quam
386 353 505 379 Italicam
537 356 645 380 vocant,
666 351 733 375 inter
758 350 948 374 exercitationes
968 350 1083 382 ponitur.

47 391 159 426 ‚Qidfit
171 400 212 424 ca,
226 399 295 427 quam
307 387 606 421 Corycomachian'alias
618 390 705 416 vocat,
711 383 792 420 supra
806 382 832 418 s.
845 384 862 422 ¹:
875 392 891 409 α
904 383 973 409 nobis
992 383 1084 418 descri-

43 430 110 462 pta?
128 430 157 453 in
169 436 195 454 ea
207 433 271 454 certe
285 426 441 457 mentiatur,
453 423 590 460 repellitur,
604 419 828 455 relabemffibinde
834 424 939 454 succus,
952 422 994 454 qui
1001 418 1083 454 potest

44 465 121 490 etiam
132 462 278 498 sphaericus
293 460 345 495 effi.
658 489 664 498 Ι
1024 492 1028 495 ¹

71 521 73 523 ,
83 504 102 523 R
111 504 154 524 EC
163 504 182 524 V
191 504 212 524 T
222 499 235 524 ῐ
245 503 266 524 Τ
277 504 296 523 ν
306 504 318 522 s
327 517 335 529 ‚
356 505 386 528 a,
404 504 458 522 iim.
479 491 537 521 Adi.
575 488 766 529 [Aamdrffion
778 489 946 524 περίτμητας]
982 488 1026 515 Cin
1046 499 1085 516 νε.
1105 503 1135 522 10

40 530 114 569 festa
129 531 163 566 est
175 536 239 559 cutis
250 533 363 569 glandem
377 538 475 567 tegens:
509 536 539 554 uo
557 530 654 553 nomine
664 523 730 551 dieii
742 530 805 561 Juut
819 524 921 557 Iudaei,
935 534 950 550 a
969 525 1085 551 verendo-

45 577 102 595 rum
114 574 167 595 cute
177 568 273 604 stimma
285 567 372 604 reciJZz.
410 563 502 593 Martia
514 583 520 589 .
538 571 564 597 7,
579 570 612 595 29
629 562 686 588 Nec
699 561 875 587 recutitorum
889 561 960 595 fugis
974 560 1085 595 inguina

45 603 223 630 ludaeorum:
257 604 314 630 Nec
347 609 372 629 tc
402 599 540 630 Sarmatico
564 597 653 625 transit
677 596 777 623 Alanus
803 604 880 630 equo.
959 596 1085 628 Remini,

46 638 244 673 οἷπσσεσυρμὲνοι,
263 640 384 673 περίτομσι
402 634 476 664 Gloss·
490 635 550 661 Vet.
569 637 600 660 it.
622 632 759 659 Recutitus
774 631 968 663 ἐπεψωλημὲνσς.
1008 632 1083 668 Conf-

45 675 84 702 10.
104 672 222 701 Britann.
241 675 275 700 ad
288 675 355 701 Pers.
370 677 460 708 5,184·
496 671 589 697 Baron.
604 670 675 695 Arm.
694 669 760 695 Eccl.
784 667 818 694 ad
837 668 869 707 A:
901 668 981 707 (2357
995 675 1020 695 et
1039 676 1085 702 70.
1106 681 1133 708 ¹5

46 709 163 738 Martial.
182 719 208 743 9,
228 719 256 744 ⁵9
283 711 339 737 Nec
359 713 446 742 ruptae
465 705 576 733 recutita
596 704 665 731 colla
678 704 791 735 mulae,
811 706 830 729 i.
844 702 1005 739 Jiibnajcente
1023 712 1086 729 noua

37 745 145 782 subinde
159 746 223 780 pelle
248 746 344 782 callosis.
378 742 457 770 Callus
475 744 539 768 euim
564 740 632 767 nihil
654 740 724 766 aliud
742 738 791 772 est,
816 747 889 774 quam
907 739 1036 775 rcnasccnr
1056 747 1085 764 ex

45 782 179 816 multiplici
196 783 343 808 laceratione
359 779 472 807 cuticula.
509 778 630 812 Loquitur
643 777 720 802 Poeta
731 776 760 801 de
779 773 850 801 rebus
862 774 907 809 vsii
928 777 1016 807 tritis,
1029 783 1088 809 qua-

47 817 83 844 les
89 817 153 851 Jimt
166 818 240 844 ansae
253 823 369 845 veterum
381 812 604 845 Corinthiorum,
623 814 655 839 it.
674 812 742 852 Crus
753 809 882 845 compede
896 810 1028 838 lubricum
1042 809 1087 836 dc-

47 853 125 880 cenni
136 872 144 885 ,
164 859 210 880 etc.

419 888 447 920 R
555 886 582 917 E
685 885 716 917 D

87 967 107 988 R
118 968 134 988 Ε
144 967 162 987 n
172 968 193 989 A
203 967 221 989 c
231 966 249 988 c
259 966 305 988 EN
313 965 359 988 Do
372 978 381 992 ,
406 959 461 985 ere.
497 957 594 984 Iterum
609 955 723 983 accendo.
759 955 928 982 Commeatus
946 953 1017 980 vitae
1029 952 1088 979 bre-

49 997 128 1029 vior,
147 1003 173 1024 et
185 997 290 1025 facilior
306 1001 365 1022 ante
384 993 531 1028 exstingui,
545 1001 625 1027 quam
638 991 794 1019 redaccendi
813 989 930 1018 Tertull.
944 989 976 1015 de
990 989 1088 1016 Anima

47 1041 71 1058 e.
95 1041 125 1065 30
147 1039 209 1060 extr.
277 1030 450 1058 Redacceusus
476 1029 513 1056 est
536 1029 640 1055 animus
668 1027 883 1060 Hierosolymam
903 1024 1089 1060 proficiscendi
1107 1034 1139 1061 25

51 1068 164 1096 Hieron.
176 1069 220 1103 Ep.
232 1069 250 1094 6
255 1074 298 1102 pr.
316 1065 348 1093 ad
361 1066 477 1092 Florent.

87 1110 210 1135 Rana,
244 1102 296 1128 vid.
332 1107 473 1128 nni-tim.

87 1146 105 1165 R
114 1144 208 1166 EDAB
217 1145 229 1165 s
239 1144 257 1164 ω
268 1144 284 1163 1.
296 1145 316 1164 v
326 1143 347 1164 o
362 1157 370 1170 ,
398 1137 466 1164 solui
475 1156 484 1169 ,
513 1136 629 1163 soli'itiim
642 1155 650 1167 ,
674 1136 729 1162 Ere.
779 1132 915 1167 [ἀπολύω]
958 1131 1089 1159 Laudatur

49 1174 130 1201 Plaut.
144 1175 220 1200 Curc-
240 1181 264 1205 3,
276 1179 304 1206 84
329 1173 444 1208 Sequere
460 1172 523 1204 hac,
538 1178 563 1198 te
583 1171 766 1198 rcdabsoluam
784 1178 836 1204 qua
850 1168 981 1195 adiicnisti
995 1168 1088 1202 gratia.

47 1209 97 1236 Sed
107 1209 149 1236 ted
161 1208 295 1236 absoluam
311 1210 344 1236 al.
357 1215 384 1235 te
401 1208 535 1236 absoluam
550 1208 657 1234 Gronau.
671 1207 687 1233 d
707 1205 871 1242 interposuere
884 1204 986 1241 quidam
999 1203 1033 1230 ad
1047 1205 1088 1230 eli·
1106 1216 1138 1241 30

42 1243 135 1278 fionem
147 1244 337 1280 impediendam:
357 1244 421 1271 vnde
434 1251 514 1271 ortum
527 1243 717 1273 redabsoluam.

84 1287 103 1306 R
111 1287 126 1306 E
136 1287 154 1307 D
163 1287 185 1307 A
196 1287 214 1307 D
222 1287 241 1307 o
250 1287 265 1306 Ρ
274 1286 295 1306 Τ
307 1286 326 1306 ο
336 1300 344 1312 ,
365 1284 416 1307 are.
454 1281 548 1307 iterum
558 1279 613 1313 stuc
625 1278 700 1305 dmuo
712 1276 839 1312 adoptare.
876 1273 1040 1302 Modestinus
1059 1274 1088 1301 in

46 1315 64 1342 Ι.
80 1315 97 1342 si
109 1323 180 1350 pater
193 1315 280 1343 silium
292 1317 324 1342 D.
339 1316 370 1342 de
383 1316 472 1351 adopt.
498 1314 548 1341 Sed
564 1324 611 1341 nec
629 1315 650 1340 is
663 1314 693 1340 in
709 1312 790 1347 patris
813 1312 966 1346 potestatem
980 1311 1089 1344 (inquit

45 1351 258 1383 Iurisconsultus)
272 1351 425 1383 reuertitur,
438 1359 517 1385 quem
534 1359 598 1376 auus
611 1349 766 1379 retinuerat,
779 1347 837 1373 filio
849 1347 911 1373 dato
925 1347 953 1373 in
967 1345 1088 1381 adoptio-

48 1395 125 1419 nem,
138 1396 217 1421 quem
230 1387 317 1413 deniio
337 1385 530 1420 rcdadoptauit.
567 1385 635 1412 Nam
650 1384 693 1411 etti
713 1384 742 1409 in
755 1382 910 1417 vulgaribus
927 1382 1025 1417 legitur
1039 1383 1089 1409 Re·
1108 1392 1137 1419 35

48 1422 201 1454 adoptauit,
226 1423 254 1448 in
271 1421 405 1448 pandectis
421 1428 508 1448 tamen
527 1420 686 1448 Florentinis
706 1419 804 1454 legitur
825 1418 1040 1453 Redadoptauit,
1060 1427 1089 1445 ac

50 1457 157 1484 rec'iius.

85 1498 322 1526 REDADVNO,
355 1491 418 1519 vnde

88 1534 386 1556 nentinvxnrio
401 1547 410 1561 ,
444 1526 498 1556 oid.
536 1531 819 1555 READVNATIO.

86 1569 104 1588 R
114 1570 130 1589 r,
139 1570 158 1589 ι)
167 1570 188 1588 Α
199 1570 223 1589 M
232 1570 248 1590 B
257 1562 278 1590 ii
289 1571 305 1591 ι.
316 1571 335 1591 o
347 1583 356 1596 ‚
381 1567 433 1591 are.
469 1561 645 1598 [imc‘ailg'w]
682 1565 791 1590 Rem-rii.
827 1562 911 1587 Plaut.
931 1562 1006 1595 Capi.
1026 1569 1056 1594 4,
1074 1567 1090 1586 ι
1100 1568 1138 1594 4ο

49 1603 114 1623 extr.
135 1598 204 1624 Cura
218 1607 296 1632 quain
312 1599 412 1634 optime
425 1606 507 1634 potes.
526 1606 576 1626 ER.
597 1601 663 1626 bene
676 1597 796 1628 ambula,
809 1603 833 1622 et
846 1596 1007 1622 redainbula.
1041 1629 1046 1633 .

88 1638 283 1659 REDAMNO
298 1653 308 1666 ,
329 1639 380 1661 are.
423 1635 586 1661 Rcdamnare
604 1635 676 1660 suain
696 1632 850 1659 sententiam
871 1630 931 1657 O&
951 1632 1091 1656 Horatian.

51 1675 85 1700 2,
105 1676 136 1700 2,
156 1676 178 1700 ς.

86 1710 129 1730 RE
141 1702 250 1730 ΒᾸΜΟ
262 1723 271 1736 ,
291 1706 344 1730 are.
382 1702 536 1736 [ἐνταφιλό]
575 1703 605 1728 In
623 1710 715 1728 amore
734 1701 914 1737 respondere,
932 1702 1033 1728 Contra
1046 1702 1089 1728 vel

49 1738 185 1771 similiter,
206 1739 259 1766 siue
273 1748 315 1766 mc
328 1745 458 1766 amantem
471 1746 568 1765 amare.
624 1738 680 1764 Cic.
694 1738 725 1764 de
739 1739 846 1764 Amicii.
861 1746 897 1771 49
915 1746 936 1763 c.
954 1746 984 1770 ¹4
1017 1738 1091 1770 Qiid
1104 1742 1138 1770 45

50 1775 122 1801 enim
135 1781 187 1802 tam
201 1774 357 1807 absurdum,
376 1783 454 1808 quain
473 1773 599 1801 delecIari
620 1774 710 1800 multis
732 1774 855 1801 inanibus
875 1773 970 1800 rebus:
995 1780 1023 1799 vt
1044 1773 1091 1799 lio-

49 1819 132 1843 nore,
149 1817 178 1837 vt
193 1810 294 1845 gloria,
306 1818 335 1837 vt
354 1809 492 1842 aedificio,
506 1816 534 1836 vt
556 1809 669 1842 vestitu,
683 1809 808 1843 cultuque
828 1810 963 1844 corporis:
999 1809 1092 1835 animo

51 1854 140 1873 autem
160 1847 258 1873 virtute
275 1846 409 1881 praedito,
424 1854 458 1872 eo
472 1846 518 1880 qui
537 1846 579 1871 vel
602 1854 705 1878 amai-e,
719 1846 762 1872 vel
779 1852 827 1877 (vt
844 1846 881 1872 ita
895 1845 1000 1875 dicam)
1018 1846 1092 1872 reda-

51 1890 125 1909 mare
139 1881 228 1916 possit,
244 1891 297 1909 non
311 1882 453 1908 admodum
472 1881 614 1908 deiefiariz

87 1924 106 1945 R
115 1925 130 1945 ε
139 1924 158 1944 ι)
168 1925 219 1944 ΛΝ
229 1924 247 1944 n
256 1925 275 1945 R
284 1925 304 1945 v
312 1924 331 1944 o
341 1938 349 1951 ‚
363 1917 389 1954 s.
411 1923 430 1944 R
442 1923 458 1944 ιε
468 1922 486 1943 ι)
495 1924 516 1944 Α
526 1924 549 1942 ιιι
559 1924 580 1943 T
590 1924 609 1943 n
618 1924 638 1944 v
647 1924 666 1943 ο
676 1936 683 1947 ,
702 1921 756 1944 are.
793 1917 888 1943 Dubiae
900 1917 1092 1954 orthoffapbiac
1104 1923 1136 1948 50

50 1954 230 1989 verbum,quia
247 1953 381 1990 obfhletum.
415 1952 492 1989 Apud
511 1952 613 1979 Festum
624 1953 664 1986 fic
684 1953 783 1984 editur,
801 1952 982 1979 Redentriiare
995 1953 1095 1980 dicitur

50 1989 80 2016 in
94 1990 224 2017 Saliorum
243 1989 476 2022 exsultationibus,
488 1997 569 2023 quum
583 1989 685 2015 Praesul
703 1989 863 2022 ampiruauit
873 2009 881 2020 ,
895 1989 966 2022 quod
984 1989 1020 2014 est
1034 1998 1090 2015 mo<

52 2031 94 2052 tus
113 2025 211 2058 edidit,
230 2026 255 2052 ei
274 2026 425 2053 referuntur
445 2025 560 2051 inuicem
578 2024 660 2052 iidem
677 2031 773 2051 motus.
829 2024 964 2051 Lucilius:
989 2024 1092 2051 Pracsul

52 2066 82 2087 vt
94 2062 238 2095 ampiruct,
251 2061 312 2088 inde
325 2061 417 2095 vulgus
430 2060 618 2095 redemplauit:
641 2070 700 2096 quae
713 2067 742 2087 vt
754 2062 836 2096 legam
848 2064 901 2086 viri
919 2058 1002 2093 dotti,
1016 2059 1092 2093 oster:-

53 2096 134 2122 dimus
153 2100 180 2122 in
199 2104 220 2124 Α
230 2103 256 2124 Μ
267 2105 288 2124 Τ
299 2104 316 2124 R
327 2104 346 2122 v
356 2104 385 2124 Ο.
423 2098 474 2123 Hic
493 2096 561 2123 motio
574 2103 710 2131 ponamus,
723 2105 782 2132 quae
800 2096 870 2122 habet
885 2096 991 2122 Nonius
1005 2105 1030 2128 2,
1043 2103 1092 2131 739
1111 2101 1141 2129 55

54 2131 255 2164 Redandruare,
280 2132 384 2159 Redire.
447 2132 532 2158 Lucil.
552 2132 602 2158 Sat.
619 2140 636 2165 9
667 2133 701 2158 vc
727 2132 819 2165 vulgus
842 2131 1002 2159 redandruct
1019 2133 1090 2158 inde.

56 2165 182 2194 Pacuuius
194 2168 308 2201 Chryse,
329 2169 442 2195 Graecos
459 2167 527 2194 niliil
546 2167 718 2195 mediocriter
731 2167 915 2195 redandruare.

89 2210 107 2229 R
118 2209 136 2229 Ε
147 2209 165 2228 D
176 2210 198 2230 Α
209 2210 228 2228 Ν
239 2205 248 2228 ἰ’
258 2210 282 2229 Μ
292 2212 326 2233 ο,
350 2208 404 2230 are.
441 2202 559 2230 Tertull.
574 2202 606 2229 de
620 2204 710 2230 Resur.
727 2204 806 2229 (ἵει-ιι.
821 2212 843 2228 c.
860 2212 883 2234 13

53 2238 136 2268 mari,
155 2238 197 2265 sed
209 2238 350 2265 reformari
364 2238 555 2265 existimentur.
591 2239 659 2265 Adii.
673 2238 740 2264 ibid.
760 2247 781 2264 c.
796 2246 829 2268 3¹·

89 2281 133 2304 izi:
142 2280 160 2299 D
169 2281 190 2301 A
200 2281 219 2299 N
231 2281 238 2299 i
249 2281 275 2301 M
286 2276 337 2301 ᾹΤ
349 2281 369 2299 ν
381 2282 393 2301 s
405 2294 413 2307 ,
432 2283 463 2306 a,
480 2283 534 2300 um.
555 2274 648 2300 Partic.
684 2271 805 2298 Tei-tull.
821 2271 870 2295 loc.
883 2270 928 2295 cit.
944 2277 965 2294 c.
981 2276 1008 2301 ¹9
1028 2267 1095 2294 Red-
1106 2272 1141 2296 60

54 2309 183 2336 animatus
200 2316 226 2335 et
245 2310 433 2336 reiiiiiilicatus.

89 2352 107 2371 R
117 2351 132 2371 E
142 2351 160 2371 D
171 2353 191 2372 Α
201 2352 242 2371 Νι
257 2352 281 2371 M
293 2353 313 2371 A
324 2351 345 2370 ἰ-
357 2352 363 2369 ι
374 2351 409 2372 o,
427 2343 494 2367 anis.
520 2341 541 2366 f.
577 2339 695 2367 Tertull.
711 2339 762 2366 loc.
777 2338 822 2365 cit.
835 2348 857 2364 c.
870 2343 900 2370 38
923 2336 964 2363 Ad
977 2337 1094 2370 praesen-

53 2385 107 2407 tem
119 2381 230 2415 gratiam
247 2376 473 2406 redanimationis.

87 2421 248 2442 κεοΛκΑ
261 2419 283 2438 'r
296 2418 361 2444 on,
381 2412 445 2437 oris.
464 2419 499 2436 m.
534 2409 612 2445 Apud

53 2451 111 2477 deus
126 2452 216 2483 aliquis
230 2446 342 2480 rusticus.
361 2447 394 2472 al.
411 2446 563 2479 Reparatur.

91 2491 110 2509 R
120 2491 136 2510 E
145 2491 164 2510 D
173 2490 194 2510 A
204 2490 221 2509 R
231 2488 250 2508 D
257 2489 274 2508 Ε
281 2487 294 2506 S
303 2488 320 2507 C
329 2487 348 2507 Ο
361 2500 369 2512 ,
390 2482 443 2506 ὅτε.
480 2478 676 2514 [οἶναπυςιέμκι]
713 2479 805 2504 Iterum
824 2476 948 2512 arilzscere
956 2497 964 2510 ,
979 2476 1093 2503 recande-

47 2519 126 2556 fiere.
161 2517 240 2544 Ouid.
254 2516 285 2542 de
300 2516 374 2542 Rem.
389 2515 479 2541 Amor.
493 2523 540 2547 734
567 2515 607 2540 Sic
621 2514 669 2540 nisi
691 2514 784 2540 vitaris
805 2512 936 2547 quidquid
953 2513 1094 2540 reuocabit

55 2561 188 2584 amorem,
215 2551 329 2578 Flamma
345 2550 524 2583 redardescet,
539 2558 604 2584 quae
618 2549 699 2575 niodo
713 2550 786 2576 nulla
799 2549 860 2574 suit.

88 2595 108 2615 R
117 2595 134 2615 Ε
144 2594 162 2614 D
172 2594 193 2614 A
204 2593 222 2612 R
234 2594 255 2614 G
264 2594 284 2612 v
294 2594 312 2613 ο
322 2607 330 2619 ,
349 2587 393 2617 ui,
414 2592 486 2612 utum
494 2605 501 2617 ,
522 2590 575 2612 ere.
602 2586 763 2619 [ἐξελέγχω]
800 2583 989 2619 Reprehendcrc,
998 2590 1026 2610 vt
1037 2594 1093 2610 cou-

50 2627 148 2651 vincas.
184 2623 241 2650 Cic.
254 2622 336 2650 Tute.
350 2631 376 2655 α,
391 2629 403 2655 3
433 2621 602 2656 Philosophia
624 2621 742 2647 nascatur
761 2621 863 2646 Latinis
880 2619 988 2654 quidem
1008 2620 1092 2646 literis
1104 2628 1140 2656 70

53 2669 85 2687 ex
106 2659 146 2685 his
165 2658 342 2693 temporibus,
365 2666 475 2692 eamque
494 2666 541 2683 uos
560 2657 732 2689 adiuuemus,
758 2665 860 2690 nosque
880 2657 949 2690 ipsos
968 2656 1093 2689 redargui

52 2695 192 2728 refellique
207 2694 344 2729 patiamur.
401 2693 473 2720 ldeni
487 2692 519 2719 de
533 2693 596 2720 Nat.
610 2693 692 2719 Deor.
711 2702 733 2725 3,
748 2698 775 2722 88
804 2692 993 2726 Iinproborum
1008 2692 1091 2726 igitur

55 2731 254 2766 prosperitates,
267 2729 443 2764 secundaeque
461 2738 502 2756 res
519 2728 694 2763 redarguunt,
715 2735 742 2755 vt
757 2728 888 2762 Diogenes
907 2727 1025 2760 dicebat,
1038 2728 1094 2754 vim

56 2775 163 2793 omnem
178 2765 303 2798 deorum,
316 2774 344 2792 ac
358 2764 519 2799 potestatem.
591 2766 694 2791 Poterat
707 2771 794 2790 autem
808 2764 931 2798 impunc,
948 2764 1007 2797 quis
1022 2764 1094 2790 enim

56 2801 238 2835 redargueret?
258 2801 313 2828 Cic.
326 2801 358 2827 de
371 2800 459 2827 Finib.
475 2809 500 2832 2,
514 2808 550 2833 55.
621 2800 757 2835 Redargue
775 2809 817 2826 me
839 2800 856 2826 si
877 2800 993 2826 mentior
1018 2799 1093 2826 ldein
1109 2806 1141 2834 75

55 2846 106 2872 pro
119 2837 221 2864 Cliicnt.
236 2839 266 2863 62
288 2846 308 2863 c.
323 2845 358 2869 23·
426 2835 629 2863 Inconstantiam
642 2836 753 2862 alicuius
772 2835 810 2862 Id.
826 2844 874 2871 pro
890 2836 976 2861 Domo
991 2843 1017 2862 21
1031 2845 1052 2862 e.
1067 2844 1092 2868 9.

56 2872 143 2901 Verba
157 2872 266 2899 alicuius
279 2872 434 2907 redarguere
447 2871 528 2899 armis
542 2872 618 2907 Virg.
631 2873 695 2899 Aen.
713 2881 745 2904 ii,
759 2874 816 2901 688.
889 2871 1020 2905 Qiinc'iil.
1035 2874 1061 2905 6,
1074 2880 1094 2904 4

56 2909 192 2936 Refiitatio
206 2917 259 2935 non
273 2907 302 2934 fit
321 2908 349 2934 in
361 2909 496 2942 negando,
509 2906 706 2941 redarguendo,
722 2906 904 2939 defendendo,
918 2907 1056 2933 elenando.

92 2949 370 2976 REDARGV'I‘10‚
390 2944 456 2970 onis.
481 2943 502 2970 f.
537 2952 552 2968 a
573 2944 685 2970 Boethio
704 2944 750 2970 hac
770 2952 827 2970 voce
845 2942 960 2970 redditur
975 2944 1093 2969 Graecum

57 2981 169 3012 ἔλεγχος.
188 2979 241 3012 viil.
260 2980 323 3015 ls'qff.
338 2980 439 3014 Elymas.
449 2979 478 3015 J.
493 2988 523 3014 43
535 2985 558 3004 ct
571 2979 599 3005 de
619 2980 670 3006 Vir.
681 2981 711 3006 L.
725 2981 753 3005 L.
765 2989 791 3012 3,
805 2989 843 3013 41.

96 3021 116 3040 R
125 3022 139 3040 ι-.
151 3021 168 3039 D
177 3021 196 3040 Λ
205 3021 256 3041 RM
265 3015 286 3041 ,Αἰ
295 3022 316 3041 'r
326 3022 344 3041 v
354 3022 366 3041 S
377 3035 385 3046 ,
403 3024 417 3041 a
426 3035 434 3047 ,
451 3024 505 3041 um.
525 3014 585 3041 Adi.
624 3016 716 3042 Iterum
736 3022 855 3041 armatus.
890 3014 961 3042 Diei.
979 3015 1096 3041 Cretens.

63 3050 81 3076 l.
97 3057 113 3076 2
136 3049 223 3076 Nouis
235 3049 324 3076 iaculis
337 3059 427 3077 manus
441 3051 577 3084 veriusque
596 3050 759 3078 redarmatae
779 3052 845 3077 sunt.

98 3083 366 3117 REDAVSPfco‚
388 3090 440 3112 are.
462 3093 485 3113 et
509 3092 808 3118 REDAVsricoR,
828 3086 877 3113 ari.
914 3085 1094 3120 [ἔπάρχομαι]

61 3122 148 3160 Denuo
169 3119 298 3160 auspicium
309 3120 402 3155 sumere
421 3123 460 3148 vel
472 3121 604 3158 auspicari.
640 3122 722 3149 Plaut.
739 3123 814 3157 Capt.
828 3132 849 3154 3,
862 3131 885 3155 ς,
900 3131 946 3155 109
973 3122 1097 3156 Exauspi-

62 3164 121 3182 caui
135 3163 165 3180 ex
180 3155 305 3188 vinculis,
318 3165 384 3195 nunc
397 3157 518 3192 intelligo
532 3157 628 3185 redaus
642 3158 764 3185 icantliim
778 3159 825 3185 ess'c
839 3159 869 3184 in
883 3165 985 3185 catenas
999 3157 1097 3189 denuo,
1115 3162 1144 3192 85

60 3194 80 3218 i.
99 3192 171 3225 Coepi
188 3199 231 3226 ego
247 3191 306 3217 siber
319 3190 368 3224 effe,
380 3195 429 3219 iam
441 3193 589 3220 redeundum
602 3196 624 3227 es
651 3197 678 3220 in
689 3196 798 3221 vincula.

99 3234 117 3253 R
129 3233 143 3252 Ε
154 3233 171 3252 D
183 3232 202 3252 D
214 3233 233 3252 Ο
249 3245 257 3255 ,
285 3226 386 3254 reddffli
400 3247 408 3260 ,
435 3228 566 3255 redditum
580 3249 588 3261 ,
621 3232 674 3257 ere.
711 3227 879 3264 [(Σκοδίδὶυμι,
905 3226 1095 3260 ἂνταπᾱδῖδωμι,

61 3260 156 3295 ἆμᾶςω
171 3280 179 3293 9
200 3261 309 3294 oin-orso]
350 3263 450 3299 Proprie
468 3262 500 3298 ist
519 3265 625 3292 ablatum
645 3267 685 3292 vs!
704 3273 827 3301 acci-prum
846 3262 982 3299 restituere.
1026 3265 1095 3291 Ter.

61 3296 171 3330 Adelph.
187 3305 213 3329 2,
223 3305 249 3328 4,
265 3298 292 3322 16
322 3297 465 3328 Reddetiir.
478 3308 510 3326 ne
531 3300 604 3327 time.
618 3308 664 3328 SA.
679 3307 704 3328 at
726 3308 754 3328 vt
767 3310 847 3328 oinne
861 3300 960 3328 reddat.
980 3308 1001 3328 s.
1015 3309 1095 3326 omne

61 3332 161 3374 reddet.
179 3367 184 3372 μ
232 3333 350 3358 Miitiiari
368 3333 467 3368 aliquid
487 3335 519 3363 ab
538 3336 642 3371 aliquo,
655 3343 682 3363 et
701 3338 726 3363 ci
742 3337 849 3366 vicissim
864 3336 974 3363 reddere
993 3336 1096 3370 aliquid

61 3369 135 3409 ?l¹¹1d
153 3369 210 3395 C¹⁰=
225 3367 256 3394 de
270 3368 368 3408 1:³10)-
436 3370 485 3404 Ea,
501 3380 567 3406 quae
583 3371 712 3407 acceperis
731 3372 843 3405 vtenda,
855 3373 958 3399 maiore
975 3373 1096 3398 mensura

62 3403 139 3431 lubet
157 3402 266 3430 reddere
286 3402 414 3430 Hesiodus
429 3405 485 3433 Cic.
503 3407 555 3434 Off.
575 3416 585 3435 1
603 3418 625 3435 c.
645 3418 678 3438 ις.
718 3410 841 3436 Vltionem
861 3412 971 3435 minatur
990 3407 1096 3440 Pythias

63 3440 132 3467 Tes-
144 3440 208 3466 ΕΠΠ·
223 3447 244 3472 5)
257 3444 281 3479 8?
295 3444 319 3469 ¹8
346 3438 470 3474 Reddam,
481 3441 580 3470 hercle!
600 3444 718 3471 Reddere
728 3442 761 3478 est
775 3454 870 3471 merere
877 3443 979 3478 affiimta
992 3446 1019 3469 in
1033 3443 1097 3476 cibo,

58 3482 130 3511 potu,
141 3482 186 3501 etc.
243 3475 308 3501 Plin.
326 3483 364 3507 ιο,
377 3483 413 3510 47
444 3476 513 3504 [nter
523 3480 653 3514 aquaticas
665 3481 750 3516 mergi
765 3464 849 3507 fodent
868 3480 1014 3511 deuorare,
1029 3488 1096 3513 quae

64 3517 180 3538 caeterae
192 3509 311 3550 reddunt.
344 3510 399 3551 Viti.
416 3521 440 3536 n.
456 3520 470 3538 2
494 3513 643 3550 Crepitum,
657 3517 843 3549 Excrementa,
856 3517 874 3543 F
878 3516 960 3542 imum
971 3536 978 3547 ‚
993 3515 1096 3541 Humo-
1112 3518 1144 3545 95

63 3555 136 3578 rem,
149 3545 292 3586 Lapidem,
305 3546 479 3580 Sanguinem,
493 3548 610 3579 Vrinam.
680 3552 747 3579 Cels.
762 3553 793 3579 de
809 3552 883 3578 verb.
897 3551 981 3586 signif.
994 3551 1011 3577 l.
1029 3552 1096 3577 Ver-

61 3581 142 3621 ὗμῐέῖ,
155 3580 290 3608 Reddefldl
304 3582 414 3609 Vss'l'bffln
423 3602 431 3615 ι
446 3591 590 3623 quanquam
603 3586 774 3621 significatum
786 3587 865 3614 habet
877 3587 1041 3619 retrodandi,
1056 3595 1096 3613 re-

65 3623 130 3652 cipit
144 3624 232 3656 tamen
244 3623 270 3644 et
286 3625 333 3652 per
347 3618 372 3644 se
392 3618 472 3658 ‘³³:¹⁶¹
491 3618 712 3653 significationem.
748 3624 822 3659 Conf.
836 3623 916 3650 Paull.
932 3624 985 3650 1Ct.
1000 3623 1017 3648 Ι.
1035 3631 1056 3648 ιι
1070 3621 1096 3648 ff.

67 3652 100 3678 de
111 3652 171 3679 lust.
185 3659 211 3679 et
226 3661 276 3680 iur.
345 3653 442 3680 Reddit
462 3661 564 3689 pratum
582 3656 610 3684 in
621 3658 717 3693 pabulo
730 3669 784 3686 non
798 3660 886 3685 miuus
899 3667 978 3693 quam
992 3658 1019 3684 iu
1034 3658 1096 3684 feno

1104 858 1140 877 20

920 2203 978 2229 Nec
991 2200 1094 2227 redani-

621 2408 730 2435 Seru.in
743 2408 840 2441 Georg.
855 2414 874 2437 i,
887 2414 914 2432 21
934 2405 1035 2432 videtur
1042 2405 1095 2432 clici
1110 2441 1127 2466 6

1128 2446 1141 2473 5

1113 3343 1149 3367 90

65 3688 170 3715 Colum.
182 3696 207 3720 2,
220 3696 257 3722 17,
271 3696 288 3714 2
306 3697 378 3724 aeque
396 3691 457 3717 vtile
476 3689 509 3722 cl?
521 3690 698 3730 domino,qu0d
709 3695 803 3730 pascua
816 3695 934 3729 praebet,
949 3703 1021 3730 quam
1033 3693 1099 3729 quod
1106 3700 1153 3719 ¹00
1162 3699 1226 3725 dere
1239 3699 1295 3726 Cic,
1310 3700 1365 3725 Ast·
1379 3707 1402 3729 25
1418 3707 1437 3724 ι,

59 3721 158 3758 fenum.
193 3723 314 3751 Reddunt
332 3725 426 3752 vinum
445 3726 650 3761 pulcherrimum
666 3731 794 3758 Amineae
813 3730 908 3757 Pallad.
932 3730 1008 3756 Febr.
1028 3738 1051 3762 9,
1070 3738 1097 3762 4.

67 3758 153 3784 Varro
165 3758 235 3785 KR.
248 3768 269 3792 3,
285 3769 296 3791 3
319 3761 353 3787 Vt
370 3761 415 3788 Lx
425 3761 571 3789 reddiderit
585 3771 618 3789 eo
630 3772 696 3792 anno
710 3775 740 3793 ea
754 3775 812 3801 pars
825 3766 919 3798 villae,
931 3765 972 3792 bis
987 3772 1096 3796 tantum,

64 3799 189 3828 quantum
207 3800 266 3820 tuus
284 3795 378 3823 fundus
395 3796 491 3825 reddit.
567 3798 687 3827 1s⁷idenmr
704 3803 766 3829 tales
785 3802 913 3838 formulae
933 3808 1001 3828 ortae
1019 3811 1047 3827 cx
1062 3810 1097 3832 co,

61 3828 130 3863 quod
146 3829 236 3864 fimm,
249 3833 306 3856 item
324 3831 392 3858 labor
407 3834 474 3860 velut
493 3834 626 3861 creduntur
645 3842 738 3863 terrae:
766 3838 810 3864 illa
828 3837 911 3864 reddit
929 3847 984 3863 cum
994 3837 1095 3873 fenore.

1119 2986 1151 3012 80
1163 2983 1256 3010 fenore
1270 2983 1388 3009 Gratiam
1409 2983 1558 3010 reddidisse.

1161 3562 1263 3589 vterer,
1275 3564 1321 3583 etc.

1162 3627 1196 3654 ad
1211 3627 1349 3668 Augustum
1370 3629 1438 3654 Hor.
1453 3628 1541 3654 Carm.
1557 3636 1584 3660 4,
1600 3634 1622 3659 ς,
1637 3635 1658 3659 5.

1568 76 1832 117 RED

1150 172 1228 205 fruge
1240 166 1363 205 agricolis
1376 167 1451 195 fenus
1463 167 1589 195 reddente
1602 172 1681 194 terra.
1722 164 1783 193 vid.
1796 174 1852 191 mox
1865 166 1955 193 Flores
1969 172 1999 194 it.
2012 169 2125 196 Fructus
2140 167 2201 196 red-

1152 208 1223 233 dere.
1242 210 1273 232 it.
1293 209 1460 232 RFDDITVS
1469 224 1477 236 ‚
1493 203 1531 230 sis.
1603 201 1732 234 Reddere,
1744 202 1876 236 Reponcrc.
1914 202 1994 229 Plaut.
2009 206 2086 233 Most.
2096 215 2116 239 t,
2128 215 2151 238 2,
2163 213 2198 239 29

1152 241 1310 276 Tempestas
1323 241 1414 271 venit,
1428 238 1575 272 confringit
1593 238 1708 273 tegulas,
1723 236 1915 271 imbriccsque:
1941 238 1980 264 ibi
1992 238 2114 268 dominus
2128 241 2198 268 iudi-

1153 279 1237 312 ligeris
1256 276 1365 304 reddere
1383 274 1448 301 alias
1467 284 1501 301 ne
1521 274 1588 300 volt.
1660 273 1796 304 Reddere,
1809 279 1857 307 pro
1871 272 1989 307 Referre,
1996 275 2049 306 flue
2068 277 2200 312 rmnfire,

1154 313 1207 340 vid.
1220 312 1351 345 Qiinffii.
1368 319 1406 341 10,
1420 319 1439 339 ι,
1453 317 1492 344 7ς.
1530 310 1595 336 Plin.
1610 309 1638 334 in
1652 309 1735 343 praef.
1756 308 1827 334 Tria
1840 316 1893 333 non
1907 308 2035 341 amplius,
2051 319 2077 337 vt
2091 314 2200 347 opinor,

1152 349 1271 376 absolute
1289 356 1356 382 quae
1374 345 1513 373 traduntur
1533 345 1673 379 inscripta,
1692 344 1738 370 ille
1753 343 1832 375 fecit,
1844 351 1912 377 quae
1927 344 1979 369 suis
1999 344 2063 371 locis
2081 348 2197 376 reddmn,

1154 384 1256 418 Insigne
1269 383 1400 418 Epponiae
1412 382 1504 408 vxoris
1517 381 1666 414 exemplum
1680 379 1806 406 reddetur
1819 380 1866 405 suo
1879 379 1939 405 loco
1953 379 2019 405 Tac.
2029 381 2095 407 Hist.
2113 393 2140 416 4,
2155 388 2198 419 ⁶7·

1153 430 1180 453 4.
1238 420 1343 452 Restat,
1368 423 1396 444 vt
1418 417 1552 443 aetherios
1580 416 1645 442 fines
1670 415 1721 442 tibi
1744 414 1853 441 reddere
1877 423 1958 441 coner
1989 415 2081 441 Manil.
2105 426 2125 449 1,
2145 422 2197 450 563.

1153 454 1243 482 Redde
1256 464 1317 488 age,
1331 463 1398 489 quae
1411 453 1532 487 deinceps
1546 451 1638 483 risisti,
1651 458 1696 478 etc.
1710 451 1779 477 Hor.
1793 452 1875 477 Scrm.
1890 458 1916 482 2,
1930 455 1953 481 S,
1968 455 2008 480 So.
2029 454 2047 477 i.
2067 448 2199 480 Remuria.

1153 492 1251 525 Perge,
1264 490 1410 524 Pomponi,
1423 489 1456 516 de
1468 489 1586 518 Caesare,
1599 493 1623 513 et
1638 487 1717 513 redde
1732 495 1799 520 quae
1812 485 1908 512 restant
1923 486 1979 511 Cic.
1995 485 2027 511 de
2042 486 2111 513 Clar.
2125 489 2200 516 Orat.

1153 531 1205 559 258.
1240 526 1282 553 Sic
1295 535 1320 551 ιι.
1336 535 1349 551 2
1364 526 1468 552 Causas.
1534 523 1702 550 Pseudo-Cic.
1717 522 1773 556 post
1787 521 1864 548 redit.
1880 522 1907 547 iu
1922 521 2005 547 senat.
2019 530 2028 547 1
2056 522 2112 555 Qii
2130 522 2202 550 deni.

1154 571 1206 596 que
1226 561 1400 595 nosmetipsos
1420 560 1497 587 nobis
1516 559 1682 588 reddidistis,
1703 561 1721 583 ι’.
1742 556 1863 594 fecistis,
1878 564 1907 583 ut
1916 556 1981 591 frui
2001 560 2062 583 meis
2080 560 2159 584 animi
2179 567 2203 585 rt

1153 600 1266 632 corporis
1284 597 1354 622 bonis
1373 606 1466 631 qucum.
1501 595 1546 622 Ad
1556 594 1736 629 similitudines
1760 601 1915 629 quascunque
1937 591 2086 619 indicandas
2103 594 2203 620 ucrbum

1153 632 1265 660 reddere
1280 634 1367 658 Poetae
1384 639 1406 657 ct
1420 634 1466 658 alii
1472 630 1612 668 scriptores
1626 630 1743 656 adhibent
1752 648 1759 660 ,
1778 628 1843 664 quod
1849 628 1973 663 sermonis·
1984 637 2062 664 genus
2074 628 2206 665 aspi’culis

1153 667 1264 695 tracium
1278 666 1393 697 videtur,
1412 677 1470 702 quae
1488 666 1602 694 reddunt
1620 665 1722 700 iliapjiir
1736 664 1872 698 imagines.
1910 662 2041 696 Illustrant
2054 665 2146 700 copiast
2159 665 2205 691 hoc

1153 713 1231 740 genus
1245 702 1359 739 loquendi
1375 705 1429 728 viri
1448 702 1516 729 2105}ae
1529 703 1562 730 ad
1576 702 1623 728 Sil.
1638 710 1663 736 z,
1678 704 1738 733 634.
1794 701 1836 727 Sic
1849 708 1874 726 n.
1890 707 1906 725 2
1932 699 2053 725 Reddere
2068 700 2205 733 Colorem,

1154 739 1352 774 Eloquentiam,
1366 738 1538 772 Exemplum,
1554 737 1718 772 Imaginem,
1732 735 1861 762 Nomine.
1916 735 1985 761 Plin.
1999 735 2078 769 Epist.
2094 743 2120 770 7,
2136 744 2172 769 19,
2188 746 2204 769 9

1155 776 1264 802 Tantae
1277 774 1394 800 feminae
1407 781 1518 800 matrem
1533 774 1622 801 rursus
1636 773 1731 800 videor
1744 771 1878 802 amittere,
1894 779 1972 805 quam
1986 770 2049 797 hacc
2063 778 2092 798 vt
2106 772 2205 805 reddit,

1155 820 1185 838 ac
1198 811 1281 837 refert
1295 809 1385 841 nobis,
1400 809 1443 839 sic,
1455 815 1501 835 etc.
1572 809 1683 836 Clodius
1698 815 1790 834 omnes
1804 807 1932 833 Catilinas
1945 806 2062 833 reddidit
2081 808 2137 834 Cic.
2151 809 2206 835 Ait.

1157 856 1186 881 4,
1199 855 1221 880 3.
1259 847 1311 882 Qui
1321 845 1419 880 aliquid
1430 844 1578 879 faciendum
1591 845 1777 875 conduxerunt,
1789 840 1918 878 postquam
1930 842 2032 877 secere,
2047 843 2159 871 reddunt
2170 845 2206 871 lo-

1157 885 1247 909 catori.
1284 882 1353 907 Hinc
1361 880 1480 907 Reddere
1494 881 1568 915 saepi·
1580 880 1613 913 est
1621 881 1721 916 facere,
1733 877 1834 914 efficere.
1878 877 1971 904 Vidn.
1985 887 1997 903 2
2023 878 2207 913 commotum,

1156 918 1284 949 Dictum,
1304 915 1408 948 Dubia,
1425 916 1620 945 Exercitatuin.
1643 916 1770 948 Ferrum,
1790 915 1980 949 [mpetu-itinn,
2003 915 2121 946 Incerta,
2137 916 2208 942 Insc-

1157 954 1246 986 ἃιιιιι,
1257 952 1405 986 Insignem,
1420 951 1581 983 Meliorem,
1601 951 1742 984 Otiosum,
1754 957 1800 977 etc.
1880 951 1916 976 Vt
1937 949 2030 977 caritas
2050 949 2208 983 liberorum,

1156 991 1298 1017 amiciores
1313 987 1427 1023 Reipiib.
1442 994 1561 1021 parentes
1576 986 1697 1014 redderet
1710 987 1766 1013 Cic.
1780 987 1850 1013 Fam.
1866 994 1900 1017 12,
1914 994 1935 1018 3.
2066 984 2086 1023 fl
2108 995 2124 1013 2
2156 988 2209 1014 No-

1156 1029 1224 1052 mina
1243 1026 1384 1052 elementari
1402 1023 1489 1050 ordine
1509 1021 1641 1058 disposita:
1669 1022 1826 1048 Anhelitum
1842 1021 1967 1054 reddere,
1981 1030 2010 1048 ac
2023 1030 2071 1056 per
2084 1023 2154 1049 vices
2167 1031 2206 1049 re-

1156 1062 1262 1096 cipere,
1273 1059 1407 1095 Respirare
1428 1058 1495 1086 Plin.
1516 1067 1542 1091 9,
1555 1065 1581 1092 7.
1638 1058 1693 1083 Cic.
1707 1056 1740 1083 de
1754 1057 1816 1083 Nat.
1831 1058 1910 1084 Deor.
1927 1066 1951 1089 2,
1973 1065 2011 1090 135
2031 1066 2052 1084 c.
2067 1067 2099 1091 54
2133 1059 2209 1085 Exci-

1156 1098 1264 1132 piatque
1276 1096 1417 1126 Animam,
1437 1103 1493 1121 eam
1514 1102 1582 1129 quae
1596 1092 1675 1119 ducla
1691 1091 1722 1118 sit
1741 1092 1851 1126 spiritu,
1863 1092 2026 1126 eandemque
2043 1102 2057 1120 a
2076 1094 2209 1128 pulmoni-

1156 1133 1207 1160 bus
1221 1133 1348 1165 respiret,
1362 1140 1391 1157 ac
1404 1130 1505 1158 reddat.
1562 1129 1629 1155 I'lin.
1647 1137 1680 1161 ii,
1695 1136 1726 1163 37
1753 1128 1806 1154 Sub
1820 1127 1899 1154 corde
1912 1129 2003 1162 pulmo
2017 1129 2052 1154 est
2062 1148 2068 1159 ,
2082 1130 2209 1162 spirandi·

1177 1178 1210 1195 ue
1223 1167 1343 1198 officina,
1355 1166 1488 1193 attrahens
1501 1174 1530 1192 ac
1545 1165 1655 1191 reddens
1665 1165 1798 1191 Animam.
1870 1164 1916 1190 sed
1926 1171 1999 1189 emm.
2014 1165 2138 1192 Animam
2151 1166 2209 1192 red-

1158 1179 1220 1232 {iere
1239 1202 1273 1237 est
1293 1205 1380 1235 Mori,
1393 1202 1536 1238 exspirare,
1553 1201 1661 1226 Animas
1682 1199 1772 1226 dulces
1790 1198 1903 1226 reddunt
1923 1199 1955 1225 ad
1976 1200 2110 1235 praesepia
2134 1202 2209 1236 Virg.

1158 1242 1256 1274 Geni-g.
1272 1248 1294 1272 3,
1308 1247 1368 1272 495.
1439 1239 1565 1273 Asieieagri
1577 1244 1655 1263 mater
1668 1235 1735 1272 apud
1747 1235 1829 1262 Ouid.
1839 1236 1902 1262 Met.
1914 1240 1990 1269 &505
2003 1236 2098 1270 Bisque
2111 1236 2211 1270 datam,

1157 1277 1275 1312 primuni
1293 1282 1387 1310 partu,
1398 1283 1461 1301 mox
1481 1273 1570 1307 stipite
1590 1278 1681 1307 rapto,
1695 1271 1783 1298 Redde
1796 1271 1930 1297 Animam.
2001 1272 2033 1298 Et
2052 1272 2126 1306 prius
2143 1272 2211 1299 hanc

1159 1313 1284 1340 Animam
1292 1319 1386 1338 vacuas
1399 1309 1539 1337 reddemus
1553 1309 1581 1335 in
1595 1317 1670 1334 auras
1683 1308 1764 1334 Ouid.
1778 1316 1809 1333 ex
1818 1307 1890 1334 Pont.
1904 1315 1929 1338 2,
1945 1315 1978 1338 ιι,
1992 1315 2017 1341 7.
2084 1308 2210 1336 Animam

1158 1348 1293 1375 crudelem
1308 1356 1355 1382 per
1370 1346 1481 1373 vulnera
1495 1344 1576 1372 Ouid.
1586 1344 1652 1370 Fan.
1666 1353 1689 1376 ς,
1703 1346 1766 1377 469.
1804 1343 1851 1369 Scd
1864 1342 1937 1368 Idem
1952 1342 2016 1368 Met.
2029 1350 2056 1375 2,
2069 1345 2126 1378 644
2144 1344 2209 1370 Ani.

1157 1393 1213 1410 mas
1228 1384 1280 1410 tibi
1294 1382 1404 1410 reddere
1418 1381 1533 1409 ademtae
1546 1380 1595 1407 Fas
1610 1379 1678 1413 erit,
1698 1381 1717 1404 i.
1736 1381 1815 1405 vitam
1827 1376 1953 1411 restituere
1967 1381 2081 1406 mortuis.
2138 1380 2208 1408 Hor.

1156 1421 1248 1447 Carm.
1269 1428 1290 1451 ι,
1308 1419 1345 1450 16,
1359 1422 1391 1448 28

2137 93 2203 120 102

1435 1453 1506 1482 Dum
1525 1453 1595 1481 mihi
1642 1485 1649 1492 .

1357 1490 1417 1517 Fias
1441 1490 1581 1516 recantatis
1596 1494 1681 1514 amica
2181 1510 2183 1512 ,

1354 1525 1534 1559 opprobriis,
1554 1523 1737 1556 Animumque
1757 1518 1865 1552 reddas,
1891 1518 1919 1546 h.
1931 1528 1954 1546 e.
1976 1520 2054 1554 Spem
2069 1519 2139 1547 mihi
2151 1520 2210 1548 red-

1159 1559 1310 1595 integrandi
1327 1561 1428 1586 amoris
1447 1560 1539 1591 facias,
1554 1560 1651 1585 Acron.
1720 1556 1767 1583 Sed
1786 1555 1848 1591 quid
1860 1554 1953 1595 βψ,
1962 1556 2032 1591 spem
2051 1563 2075 1582 et
2085 1555 2211 1591 fiduciam

1153 1598 1294 1634 felicitatis
1314 1595 1417 1629 reddas,
1437 1601 1466 1620 vt
1483 1595 1553 1621 Ter.
1576 1593 1658 1621 Andr.
1680 1601 1704 1626 2,
1724 1601 1743 1625 i,
1757 1600 1784 1623 ὃς
1810 1591 1926 1625 Nuptias
1944 1592 2060 1626 effligere
2080 1601 2131 1625 ego
2152 1592 2212 1619 istas

1160 1633 1246 1663 malo,
1261 1640 1342 1666 quam
1362 1637 1391 1657 tii
1411 1630 1560 1665 adipiscier.
1585 1635 1694 1657 CHAR.
1713 1626 1852 1654 reddidisti
1875 1627 2012 1654 Animum.
2085 1628 2141 1654 Cic.
2157 1629 2212 1654 Att.

1164 1677 1204 1701 14,
1219 1677 1249 1700 14
1278 1668 1363 1693 Puero
1380 1675 1488 1701 quoque
1511 1665 1562 1692 hoc
1580 1675 1596 1692 a
1613 1673 1657 1691 nie
1677 1663 1766 1698 dabis,
1779 1663 1797 1689 si
1812 1662 1862 1690 tibi
1876 1663 2028 1694 videbitur,
2043 1670 2070 1690 vt
2085 1664 2214 1691 Animum

1160 1705 1218 1731 eius
1239 1703 1412 1730 conciliatum
1432 1702 1534 1729 reddas.
1606 1699 1754 1735 Apodixirn
1774 1698 1971 1726 defunctoriam
2000 1700 2104 1726 l'etron.
2128 1709 2149 1726 c.
2164 1708 2214 1732 ¹32·

1161 1740 1229 1767 Cels.
1243 1748 1269 1771 2,
1285 1748 1314 1773 14
1350 1739 1465 1773 Oportet
1484 1744 1572 1764 autem
1594 1745 1682 1771 neque
1702 1735 1866 1763 recentiores
1880 1735 1954 1761 viros
1968 1735 1995 1762 in
2018 1735 2058 1761 his
2071 1735 2214 1767 fraudare3

1163 1784 1230 1811 quae
1245 1775 1288 1801 vel
1301 1780 1475 1809 repererunt,
1490 1773 1533 1800 vel
1546 1773 1618 1800 reete
1634 1771 1716 1799 secuti
1730 1772 1802 1798 sunt:
1824 1778 1849 1797 et
1862 1777 1950 1798 tamen
1964 1779 2077 1806 ea,quac
2090 1772 2158 1806 apud
2171 1780 2215 1798 an-

1161 1812 1295 1846 tiquiores
1325 1810 1429 1845 aliquos
1453 1810 1535 1845 posita
1563 1810 1623 1835 sunt
1636 1828 1645 1841 ‚
1672 1806 1836 1834 Auctoribus
1862 1807 1914 1833 suis
1941 1807 2060 1834 reddere.
2144 1807 2215 1834 Ter.

1164 1848 1270 1875 Phorm.
1289 1855 1314 1879 z,
1330 1855 1356 1879 2,
1370 1855 1403 1873 22
1421 1847 1471 1874 Pro
1485 1844 1617 1872 maleficio
1630 1844 1647 1871 fi
1662 1843 1825 1871 Beneficium
1838 1843 1971 1870 summum
1986 1843 2082 1869 nolunt
2095 1842 2216 1870 reddere.

1163 1882 1297 1916 Quinctii.
1312 1890 1338 1917 7,
1352 1891 1364 1915 ς
1393 1883 1424 1909 In
1441 1890 1556 1917 paupere
1574 1880 1677 1915 gratim·
1697 1878 1858 1911 liberalitas,
1872 1888 1951 1913 quam
1971 1880 1999 1905 in
2012 1878 2113 1905 diuite:
2139 1879 2218 1906 dante

1161 1919 1343 1951 Beneficium,
1356 1927 1435 1952 quam
1456 1917 1593 1945 reddente.
1649 1915 1706 1942 Cic.
1721 1915 1774 1942 Off.
1791 1923 1811 1947 i,
1824 1919 1858 1947 48
1877 1924 1900 1943 c.
1914 1922 1940 1948 ις
1971 1915 2043 1941 Nam
2062 1924 2144 1949 quum
2160 1914 2215 1942 diio

1161 1964 1258 1990 genera
1276 1953 1445 1982 liberalitatis
1465 1954 1513 1980 tint
1526 1972 1534 1985 ,
1559 1961 1643 1979 vnum
1666 1951 1747 1977 dandi
1765 1950 1910 1983 Beneficii,
1935 1950 2048 1977 alterum
2078 1950 2214 1977 reddendi.

1162 1993 1232 2018 Hor.
1247 1991 1329 2017 Serui.
1348 1999 1366 2020 1,
1381 1999 1410 2023 4,
1425 1992 1467 2016 116
1494 1988 1601 2023 Sapiens
1614 1989 1717 2019 vitatu,
1731 1986 1850 2020 quidque
1862 1986 1947 2020 petitu
1984 1986 2021 2011 Sit
2037 1986 2141 2016 melius,
2155 1994 2215 2012 cau-

1162 2029 1200 2054 sas
1219 2026 1311 2053 reddet
1329 2025 1390 2052 tibi.
1462 2025 1615 2052 Clamorem
1635 2023 1694 2049 Liu.
1717 2031 1739 2054 5,
1752 2026 1788 2053 38.
1810 2028 1898 2047 contra
1917 2022 1957 2047 oc!
1975 2020 2080 2055 viciffim
2097 2021 2214 2047 clamare.

1162 2062 1290 2090 Colorem
1304 2062 1363 2088 vini
1379 2061 1447 2087 Flin.
1462 2070 1501 2092 27,
1514 2069 1550 2086 12.
1622 2059 1796 2083 Commotuni
1810 2055 1917 2081 reddam
1932 2061 2025 2087 te,v0x
2037 2059 2156 2082 acerrime
2168 2059 2215 2083 mi-

1162 2101 1250 2125 nantis
1258 2099 1351 2133 plagas
1365 2097 1433 2123 Ter.
1443 2095 1525 2121 Andr.
1541 2101 1564 2125 ς,
1577 2102 1601 2123 2,
1615 2101 1638 2123 ¹3
1658 2091 1700 2116 obi
1711 2091 1846 2122 Donatus,
1862 2091 2034 2118 Commotum
2044 2110 2053 2123 ,
2067 2091 2160 2123 citum,
2173 2100 2216 2117 ce-

1162 2135 1254 2160 lerem.
1326 2132 1431 2163 Corpus
1452 2129 1571 2162 sepulcro
1591 2125 1702 2153 reddere
1721 2126 1796 2158 Virg.
1817 2126 1882 2151 Aen.
1901 2133 1931 2156 2,
1949 2133 2006 2158 34²-
2090 2127 2214 2160 crepitus

1162 2167 1274 2193 reddere
1292 2165 1416 2190 dicuntur
1435 2163 1516 2193 asini,
1529 2161 1697 2195 Onopordon
1713 2159 1731 2185 fi
1751 2160 1916 2186 comederint
1938 2160 2006 2186 Plin.
2029 2167 2074 2195 27,
2095 2170 2119 2188 12
2139 2163 2157 2188 s.
2173 2168 2215 2197 87.

1162 2203 1229 2227 Data
1242 2199 1352 2226 reddere
1365 2199 1462 2225 nolunt
1481 2197 1564 2224 Ouid.
1580 2196 1612 2222 de
1626 2197 1690 2222 Arte
1703 2195 1764 2221 Ain.
1779 2203 1799 2226 1,
1812 2203 1868 2227 433.
1940 2195 2098 2224 Delibutuni
2116 2199 2215 2232 gaudio

1163 2235 1291 2266 reddere,
1316 2234 1369 2259 vicl.
1396 2239 1415 2258 D
1425 2239 1441 2258 Ε
1451 2240 1467 2258 L
1479 2239 1488 2257 1
1499 2239 1515 2258 Β
1525 2239 1544 2257 v
1557 2237 1580 2257 Τ
1590 2238 1611 2257 v
1621 2237 1644 2256 s.
1735 2230 1890 2264 Depositum
1919 2231 1974 2257 Cic.
1993 2232 2045 2258 Off.
2067 2242 2085 2264 1,
2098 2242 2123 2266 3¹
2143 2243 2165 2260 c.
2181 2243 2216 2260 io.

1163 2270 1240 2297 Dicta
1255 2268 1382 2299 reddere,
1413 2270 1431 2293 i.
1449 2266 1602 2302 Responderi?
1629 2266 1737 2292 Liicret.
1747 2268 1839 2299 4,463.
1949 2267 2057 2294 Dictum
2069 2277 2099 2295 ac
2113 2269 2215 2297 facium

1162 2303 1283 2335 reddidi,
1299 2303 1398 2338 perfeci
1409 2300 1511 2334 statim,
1530 2305 1571 2328 vti
1590 2299 1685 2328 diftum
1699 2301 1760 2336 fuit
1772 2299 1841 2328 Ter.
1857 2302 1954 2329 Heaut.
1969 2312 1996 2336 4,
2010 2312 2033 2336 ς,
2050 2313 2085 2331 iz.
2157 2306 2215 2332 Cic.

1162 2339 1241 2365 Acad.
1254 2348 1280 2371 4,
1294 2343 1328 2371 84
1359 2337 1391 2363 Et
1411 2337 1429 2363 si
1449 2346 1499 2364 vna
1516 2337 1644 2364 fefellerit
1663 2336 1826 2370 similitudo,
1838 2337 1928 2365 Dubia
1948 2340 2040 2366 omnia
2057 2340 2214 2368 reddiderit.

1162 2373 1293 2407 anffii.
1311 2382 1331 2405 1,
1347 2381 1367 2405 ι,
1381 2374 1398 2399 6
1432 2373 1464 2400 Et
1479 2373 1564 2400 Laelii
1586 2373 1641 2399 tilia
1659 2372 1800 2399 reddidisse
1818 2374 1848 2400 in
1861 2374 1997 2409 loquendo
2012 2381 2147 2410 paternam
2156 2377 2216 2404 Elo-

1163 2409 1298 2442 quentiam
1313 2408 1422 2435 dicitnr.
1440 2412 1458 2435 i.
1478 2411 1553 2436 retuli
1575 2408 1691 2443 b,finnli
1703 2410 1737 2436 elo
1755 2413 1839 2436 nentia
1852 2410 1921 2445 vJsz
1933 2414 1960 2436 in
1976 2411 2118 2445 loquendo.
2156 2413 2214 2440 Cic.

1162 2446 1218 2472 Ati.
1235 2454 1255 2477 i,
1269 2453 1303 2471 20
1335 2445 1445 2471 Cincius
1466 2445 1553 2472 noster
1567 2453 1624 2471 eam
1644 2444 1713 2471 mihi
1727 2453 1740 2471 a
1762 2454 1771 2470 s
1791 2451 1817 2471 te
1829 2446 1974 2481 Epistolam
1985 2447 2118 2482 reddidit,
2134 2457 2214 2483 quam

1163 2487 1192 2507 tu
1208 2480 1277 2507 Idib.
1298 2480 1376 2506 Febr.
1397 2480 1514 2507 dederas.
1586 2481 1758 2507 Excrementa
1778 2481 1846 2508 Plin.
1864 2490 1889 2514 9,
1902 2490 1944 2515 43.
2016 2483 2172 2518 Exemplum
2187 2494 2216 2511 ac

1165 2515 1285 2551 Effigiem
1302 2516 1414 2543 virtutis
1438 2516 1551 2543 alicuius
1574 2516 1706 2548 reddere,
1731 2517 1814 2552 Repra
1840 2517 1924 2544 entare
1949 2518 2009 2545 Liu.
2030 2522 2077 2552 26,
2098 2528 2129 2553 14
2150 2528 2216 2547 extr.

1162 2553 1303 2586 Exsequias
1316 2552 1441 2583 reddere,
1459 2553 1555 2580 soluere
1567 2552 1683 2588 tanquam
1697 2551 1802 2579 debitam
1840 2553 1894 2580 uid.
1904 2553 1936 2580 ad
1946 2554 2007 2581 Liu.
2022 2560 2074 2585 218.
2135 2557 2215 2582 Exer-

1163 2589 1273 2615 citatum
1287 2594 1313 2615 te
1332 2588 1440 2614 reddam
1449 2608 1458 2620 ,
1476 2587 1530 2614 oid.
1551 2595 1568 2615 F,
1577 2597 1595 2615 x
1609 2595 1625 2615 E
1638 2595 1657 2615 R
1667 2593 1685 2614 C
1695 2595 1704 2614 1
1715 2594 1737 2614 Τ
1749 2593 1769 2615 Ο
1781 2595 1809 2615 R.
1882 2590 1954 2622 Qias
1972 2590 2112 2618 hominum
2127 2592 2215 2618 Facies

1163 2624 1296 2656 reddunt,
1316 2624 1458 2659 qualesque
1477 2624 1597 2651 colores?
1616 2627 1634 2650 i.
1653 2622 1764 2658 zfficiunt
1784 2625 1891 2652 Liicret.
1911 2628 1936 2657 6,
1958 2631 2011 2655 8¹2-
2088 2628 2214 2655 Farinam

1162 2660 1274 2687 reddere
1294 2660 1419 2687 dicuntur
1432 2669 1500 2695 quae
1518 2660 1655 2687 moluntur
1674 2660 1740 2686 Plin.
1755 2666 1788 2691 18,
1801 2669 1826 2693 9.
1898 2661 2070 2689 Ferociorem
2088 2669 2115 2690 et
2130 2664 2215 2698 impo-

1161 2696 1305 2723 tentiorem
1320 2695 1436 2731 aliquem
1451 2695 1561 2722 reddere
1575 2696 1632 2723 Cic.
1648 2695 1719 2722 Fam.
1735 2705 1763 2729 4,
1777 2705 1801 2728 9.
1872 2697 1977 2732 Fungar
1992 2698 2051 2724 vice
2066 2700 2142 2732 cotis,
2155 2709 2214 2726 acu-

1162 2738 1220 2758 tum
1235 2731 1346 2759 reddere
1360 2741 1426 2766 quae
1440 2733 1551 2759 Ferrum
1565 2732 1649 2762 valet,
1664 2733 1752 2758 exsors
1767 2732 1820 2765 ipsa
1833 2732 1936 2759 secandi
1952 2734 2018 2760 Hor.
2034 2735 2090 2762 Art.
2100 2736 2172 2762 Poit't.
2187 2745 2214 2762 v.

1162 2776 1221 2801 304.
1293 2768 1399 2794 Fimmn
1419 2767 1605 2803 reddere,pro
1627 2770 1718 2794 Cticare
1740 2767 1805 2794 l'lin.
1827 2773 1850 2800 ε,
1872 2777 1906 2801 13-
1944 2770 2076 2797 Colunicl.
2095 2780 2117 2803 2,
2138 2779 2172 2804 ις,
2185 2781 2213 2804 4.

1163 2804 1230 2830 Pliu.
1247 2805 1283 2838 16,
1298 2806 1331 2830 26
1361 2803 1442 2830 Abies
1456 2803 1547 2830 Fiores
1567 2804 1638 2830 croci
1654 2803 1744 2830 colore
1765 2805 1833 2830 circa
1847 2804 2004 2838 solstitium,
2019 2806 2111 2832 Semen
2126 2807 2214 2834 reddit

1162 2839 1220 2874 post
1239 2840 1413 2873 vergiliarum
1434 2840 1564 2866 occasum.
1637 2839 1763 2866 Fructum
1782 2849 1862 2873 quein
1876 2840 1970 2866 Lemni
1988 2842 2079 2868 vxoris
2100 2842 2215 2870 reddunt

1162 2875 1268 2910 praedia
1282 2875 1350 2902 Ter.
1366 2875 1473 2902 Phorm.
1487 2885 1514 2910 4,
1528 2884 1550 2907 3,
1564 2882 1604 2907 75.
1676 2875 1768 2902 Genus
1789 2875 1905 2902 reddunt
1925 2876 2032 2903 brachia
2051 2878 2132 2904 Ouid.
2147 2879 2214 2905 Met.

1162 2914 1189 2943 6,
1203 2917 1258 2943 308.
1332 2911 1464 2937 Coliiinel.
1481 2920 1533 2944 4,3
1566 2912 1679 2945 Experto
1698 2910 1767 2937 milii
1785 2910 1862 2937 crede
1876 2912 1996 2945 Syliiine,
2014 2912 2081 2939 bene
2103 2913 2213 2948 positam

1161 2948 1284 2979 vineam,
1297 2946 1416 2982 bonique
1431 2947 1551 2981 generis,
1566 2954 1591 2973 ct
1606 2947 1679 2973 bono
1692 2947 1810 2977 cultore,
1824 2956 1961 2982 nunquam
1973 2958 2028 2975 non
2042 2958 2101 2975 cuin
2116 2958 2212 2984 magno

1628 2984 1768 3009 Honorem
1788 2983 1863 3010 suum
1877 2985 1973 3017 cuique
1987 2991 2013 3011 ct
2032 2985 2140 3019 gradum
2155 2985 2214 3012 red-

1162 3019 1225 3045 dere
1238 3019 1294 3045 Cic.
1306 3027 1355 3053 pro
1364 3020 1438 3045 Rosc.
1447 3020 1536 3046 Amer.
1552 3020 1603 3050 136.
1675 3019 1825 3045 Humorem
1839 3019 1965 3053 reddere,
1979 3027 2025 3054 pro
2038 3021 2132 3047 Meiere
2144 3021 2212 3048 Plin.

1164 3064 1198 3086 ii,
1213 3059 1255 3080 2⁴.
1326 3054 1400 3081 Idem
1415 3063 1448 3086 ii,
1463 3062 1494 3089 37
1522 3053 1650 3089 Adeoque
1664 3054 1697 3080 iis
1711 3054 1830 3080 absoluta
1843 3055 1882 3081 vis
1897 3056 2010 3089 speculi,
2025 3063 2053 3081 vt
2065 3062 2117 3082 tam
2131 3066 2213 3091 parua

1163 3090 1263 3125 pupilla
1280 3096 1363 3117 totam
1377 3090 1523 3124 Imaginem
1539 3089 1631 3117 reddat
1653 3089 1778 3116 hominis.
1849 3091 1978 3124 Imagines
1996 3090 2108 3118 finisti-as
2123 3092 2214 3119 reddit

1164 3126 1296 3160 speculum
1310 3126 1442 3160 Qiinffii.
1460 3135 1490 3156 ii,
1506 3135 1528 3159 3,
1541 3129 1582 3156 68.
1654 3125 1817 3160 Imaginibus
1837 3126 1948 3153 redditis
1963 3127 2033 3153 veris
2053 3127 2120 3153 Ptin.
2134 3136 2171 3161 33,
2184 3136 2212 3163 7.

1165 3163 1337 3196 Impetratum
1357 3162 1467 3189 reddere
1478 3161 1582 3196 aliquid
1595 3161 1693 3194 alicui,
1713 3165 1732 3188 ι’.
1755 3163 1892 3197 Impetrare
1908 3163 1990 3189 Plaut.
2007 3163 2081 3197 Epid.
2098 3172 2117 3196 i,
2133 3173 2153 3196 ι,
2167 3166 2213 3197 46.

1161 3199 1218 3225 Cic.
1232 3197 1310 3224 Acad.
1324 3207 1353 3231 4,
1364 3207 1404 3224 iio
1431 3199 1523 3232 Itaque
1536 3206 1590 3224 non
1604 3199 1710 3227 metuit,
1718 3206 1750 3223 ne
1764 3197 1926 3225 confundere
1934 3199 2024 3225 omnia
2041 3199 2171 3230 videatur,
2186 3206 2213 3226 et

1164 3235 1262 3260 incerta
1277 3234 1395 3260 reddere.
1466 3233 1599 3260 Infeciuni
1615 3234 1682 3260 Hor.
1697 3235 1785 3260 Carni.
1805 3242 1827 3266 3,
1840 3242 1884 3266 29,
1897 3242 1942 3269 47.
2014 3235 2141 3268 Insignem
2156 3241 2213 3262 arte

1164 3269 1246 3296 multa
1259 3269 1370 3296 reddere
1385 3269 1501 3303 aliquem
1515 3270 1589 3303 Virg.
1603 3270 1669 3295 Aen.
1686 3277 1709 3302 ς,
1724 3278 1778 3301 705.
1848 3270 1909 3296 Iura
1924 3268 2034 3296 reddere
2048 3270 2130 3297 Ouid.
2146 3271 2213 3298 Fati.

1166 3315 1187 3338 i,
1201 3313 1258 3338 232.
1331 3307 1393 3332 Iura
1408 3305 1520 3338 reddere
1536 3305 1598 3332 foro
1617 3306 1679 3332 Stat.
1694 3304 1758 3331 Silu.
1773 3314 1789 3335 i,
1807 3314 1834 3338 4,
1846 3312 1891 3338 47.
1964 3306 2007 3331 liis
2022 3306 2063 3332 vel
2079 3306 2212 3334 iudicium

1164 3341 1276 3369 reddere
1290 3343 1390 3376 populo
1410 3341 1477 3369 Ter.
1494 3339 1601 3368 Phorm.
1620 3350 1645 3373 2,
1660 3349 1682 3373 3,
1697 3348 1736 3375 57.
1791 3341 1864 3366 Caes.
1885 3339 1948 3367 Bell.
1963 3341 2031 3367 Gall.
2051 3349 2076 3376 7,
2091 3345 2124 3377 76
2159 3344 2211 3369 Pro

1164 3377 1262 3411 quibus
1282 3377 1387 3405 meritis
1405 3377 1540 3404 ciuitatem
1561 3377 1618 3404 eius
1638 3378 1783 3403 immunem
1804 3377 1852 3402 esse
1871 3376 1990 3409 iusserat,
2003 3378 2078 3409 Iura,
2090 3378 2213 3413 legesque

1164 3412 1324 3440 reddiderat.
1395 3413 1465 3440 Iusta
1485 3413 1596 3440 reddere
1617 3412 1706 3439 funeri
1725 3412 1790 3438 Pliii.
1804 3420 1841 3443 io,
1855 3419 1877 3437 2.
1912 3411 1986 3447 Conf.
2001 3414 2068 3440 Cato
2081 3415 2148 3449 apud
2159 3415 2212 3441 Co-

1164 3449 1253 3476 lumel.
1270 3458 1302 3481 ii,
1317 3457 1336 3476 ι.
1394 3448 1521 3483 Lapidem
1537 3448 1647 3475 reddere
1662 3449 1779 3474 calculum
1793 3456 1803 3472 ε
1818 3445 1895 3480 urfica
1908 3447 2028 3475 scribon.
2045 3452 2101 3482 146.
2162 3451 2211 3476 La-

1162 3485 1218 3511 sine
1233 3485 1358 3517 reddere,
1377 3486 1479 3512 Vertere
1495 3484 1621 3521 significat
1639 3484 1695 3511 Cic.
1711 3482 1743 3508 de
1757 3483 1831 3509 Orat.
1847 3491 1868 3515 1,
1881 3491 1920 3515 155
1934 3493 1955 3510 c.
1968 3492 2000 3517 34
2021 3486 2057 3511 Vt
2072 3495 2153 3520 qiiuin
2170 3495 2211 3518 ea,

1164 3529 1231 3554 quae
1250 3521 1362 3555 legerim
1381 3521 1497 3553 Graece,
1524 3521 1616 3547 Latine
1639 3518 1792 3551 redderem,
1812 3527 1867 3545 noi-i
1887 3519 1972 3546 solum
1991 3521 2101 3554 optimis
2119 3522 2209 3548 verbis

1391 3557 1446 3583 Cic.
1460 3557 1532 3583 Fam.
1548 3565 1569 3588 2,
1583 3564 1593 3582 1
1630 3555 1730 3588 Scripta
1743 3561 1768 3580 et
1788 3553 1921 3589 obsignata
1935 3556 1988 3581 iam
2000 3556 2126 3590 epistola,
2140 3557 2211 3584 Lite-

1163 3601 1208 3620 rae
1222 3592 1291 3618 inihi
1303 3591 1423 3619 redditae
1436 3593 1494 3618 sunt
1507 3601 1522 3618 a
1534 3598 1569 3619 te.
1639 3591 1736 3617 Lucem
1757 3589 1836 3616 redde
1849 3597 1924 3622 tuae,
1939 3591 1991 3617 dux
2004 3591 2072 3618 bone
2081 3612 2087 3622 ,
2102 3593 2211 3626 patriae,

1730 3625 1819 3652 Ludos
1838 3626 1965 3659 reddere,
1991 3628 2044 3653 vid.
2072 3635 2086 3654 L
2097 3634 2144 3654 VD
2155 3634 2176 3653 v
2188 3636 2210 3655 s.

1163 3664 1209 3690 Me
1223 3670 1295 3690 vuae
1309 3662 1390 3690 redde
1402 3663 1488 3697 priori
1502 3663 1570 3689 Hor.
1585 3661 1663 3695 Epist.
1680 3669 1701 3694 ι,
1716 3670 1739 3694 7,
1753 3669 1793 3694 95.
1865 3662 2008 3689 Meliorem
2022 3663 2137 3698 aliquem
2152 3665 2210 3691 red-

1508 3699 1608 3725 Merces
1629 3696 1731 3723 reddita
1751 3696 1820 3723 mihi
1839 3698 1920 3724 Ouid.
1935 3707 1968 3724 ex
1990 3699 2064 3725 Pont.
2089 3709 2109 3731 z,
2127 3709 2151 3732 3,
2172 3709 2210 3732 39.

1163 3735 1188 3761 O
1200 3735 1336 3761 fortunata
1350 3736 1438 3767 Mors,
1456 3742 1523 3768 quae
1537 3739 1645 3760 naturae
1657 3731 1761 3764 debita,
1775 3742 1823 3767 pro
1838 3734 1921 3767 patria
1934 3735 1970 3760 est
1982 3734 2140 3768 potissiiniim
2153 3736 2211 3761 red-

1164 3769 1218 3796 dita
1236 3771 1292 3797 Cic.
1307 3770 1422 3803 Philipp.
1437 3778 1475 3802 14,
1490 3778 1528 3802 4¹·
1600 3769 1674 3796 Mors
1692 3768 1745 3795 iam
1769 3769 1837 3796 vitai'
1856 3768 1958 3795 reddita
1980 3770 2085 3796 Liicret.
2104 3780 2132 3803 4,
2153 3773 2210 3805 765.

1163 3806 1237 3832 Mors
1250 3806 1321 3832 vitae
1333 3804 1446 3832 reddita.
1469 3805 1494 3831 b.
1510 3813 1533 3830 e.
1552 3804 1616 3830 Vita
1632 3813 1692 3831 euni
1713 3811 1800 3832 morte
1814 3811 1987 3836 commutata,
2002 3809 2084 3842 inquit
2104 3806 2210 3832 Lambi-

62 3863 131 3892 Pfiss-
142 3873 166 3899 5³
178 3873 198 3898 4
215 3865 255 3893 1⁸¹
265 3866 409 3902 amellam:
423 3870 501 3905 regio
529 3885 574 3891 --
590 3870 736 3901 fertilitatis
748 3874 872 3908 eximiae,
886 3881 946 3903 cuin
958 3872 1095 3901 centeiima
1101 3882 1147 3910 105
1160 3849 1247 3911 {gista
1264 3877 1317 3906 est:
1341 3887 1370 3903 ex
1392 3883 1482 3912 quarta
1496 3876 1683 3914 Goniugmione.

1257 3841 1303 3868 Sed
1316 3840 1382 3868 recm-
1396 3850 1424 3866 εκ
1439 3841 1508 3866 MSS.
1520 3841 1626 3866 Hauerc.
1641 3842 1717 3875 Qem
1741 3840 1853 3867 Reddita
1870 3840 1927 3867 vita
1946 3842 1997 3867 iam
2016 3850 2089 3868 mors
2101 3849 2127 3868 et
2141 3848 2211 3869 terra

1753 3876 1845 3904 Motus
1864 3876 1992 3912 genitales
2007 3877 2112 3905 Luctet.
2127 3887 2149 3908 2,
2162 3884 2211 3905 223

1355 3912 1385 3939 N
1410 3920 1427 3939 2
2146 3920 2209 3948 quos
