2434 4156
369 88 395 127 S
509 86 547 126 A
658 84 696 124 G

392 175 515 202 Volucri·
530 175 620 209 sagitta
643 172 690 199 Sil.
704 180 727 204 7,
741 171 804 204 646.

36 98 78 144 65

36 193 47 210 e
62 185 124 210 Arte
138 182 195 209 Am.
209 189 229 213 1,
245 186 299 212 199.
496 212 500 215 Ι
613 213 616 217 .
1000 166 1021 206 q
1036 177 1049 195 2

38 216 280 253 'erborumj‘ormulac
291 223 299 238 :
336 212 436 238 Acuere
450 212 571 247 sagittas,
588 208 642 236 υιᾱ.
662 213 761 236 Aevo.
867 204 964 239 Aptare
990 213 1049 230 ntr-

37 264 52 281 o
67 254 165 289 sagittas
191 251 262 283 Virg.
276 249 340 275 Aen.
354 254 392 279 10,
406 255 451 280 13¹·
560 247 680 273 Armatus
696 242 804 276 sagittis,
813 250 842 268 ae
854 241 920 268 face.
952 241 1048 280 ⁴Qun-

29 290 72 316 ul.
88 298 108 322 2,
120 297 138 320 4
157 287 186 313 Et
197 284 262 320 quid
274 284 310 310 ita
323 281 474 309 crederetur
487 282 592 316 Cupido
607 289 670 315 puer
682 287 710 305 ac
723 279 846 318 volucer,
867 282 893 302 et
906 277 1006 318 sagittis
1019 285 1048 302 ac

35 333 72 352 sce
84 328 202 350 armatus.
305 319 431 353 Asperare
443 319 548 353 sagittas
560 316 660 343 ombus.
708 314 798 340 Tacit.
807 313 839 340 de
847 313 980 346 Germ.46
989 312 1049 338 Sola

35 370 44 386 ι
57 358 152 393 sagittis
173 357 234 391 spes,
247 363 310 390 quas
322 354 413 388 inopia
426 355 493 382 ferri
508 353 600 381 ombus
612 352 746 389 Asperant.
759 384 764 389 ι
836 386 840 391 ⁴
853 348 992 374 conficere
1013 348 1050 374 sa-

35 395 86 421 ittis
123 393 178 419 Cic.
204 390 282 418 Acad.
305 399 323 423 4
346 399 367 415 c.
381 399 405 416 2.
511 387 649 421 Configcre
680 386 795 420 sagittis,
813 384 866 411 vid.
887 389 951 410 cON
960 389 1050 422 F-ioo.

37 429 118 456 eleres
131 429 231 463 sagittas
246 426 389 460 Corripere
408 427 484 462 Vix-g.
493 426 555 452 Aen.
567 433 585 456 1,
599 430 649 462 191.
752 420 917 460 Depromere
931 420 1051 453 sagittam

36 471 133 491 taretra
153 464 226 497 Virg.
241 463 306 488 Aen.
318 470 347 494 ιι,
361 467 413 494 838.
518 460 589 487 Idem
603 456 670 498 ¹b.¹d·
686 463 759 496 5503
781 456 922 496 Primaque
935 464 982 490 per
995 463 1050 480 cac-

35 509 68 526 un
82 508 166 526 neruo
178 497 302 526 stridente
316 498 407 531 sagitta
450 495 605 529 Hyrtacidae
625 500 729 519 iuuenis
749 490 870 518 volucres
890 490 1050 517 Diuerberat

39 544 95 562 iras.
199 533 326 560 Emittere
342 535 445 568 sagittas
456 540 531 563 arcu,
548 529 600 556 vid.
622 532 767 556 EMITTO.
863 528 1001 561 Expellere
1013 527 1049 553 sa-

30 577 87 598 ¹,ttas
99 578 177 602 arcu,
195 568 249 595 vid.
271 575 388 597 ARcvs.
490 566 550 593 Stat.
565 564 628 591 Silu.
642 572 664 596 3,
680 572 704 602 5,
716 571 734 596 4
754 562 818 589 Non
831 570 924 589 metuo
938 572 969 588 ne
985 563 1052 603 laesa

30 606 84 638 des,
98 611 141 632 aut
156 605 263 639 pectore
278 605 304 631 in
319 605 367 631 isto
404 604 476 631 Alter
497 610 582 634 amor,
595 599 675 626 nullis
697 607 726 624 m
747 604 773 624 te
792 598 869 638 datur
888 600 931 625 Ire
945 599 1054 633 sagittis.

30 641 112 668 tibuit
130 640 233 675 sagittas
248 640 350 667 Phoebi
372 640 470 675 primus
483 636 576 669 draco,
594 639 612 662 ι’.
630 636 724 661 Tinxit
738 643 825 661 cruor«.=
833 638 881 670 juo
900 636 957 662 Seu.
973 636 1052 662 Herc.

28 672 66 704 ¹1r.
86 677 104 702 s.
118 678 143 702 6.
252 678 392 710 imponere
404 674 519 709 sagittam
532 679 616 699 neruo
639 669 722 697 Ouid.
738 670 835 702 Met.8,
848 675 903 711 380.
975 671 1051 703 Virg.

38 721 78 739 en.
92 721 127 745 12,
142 713 187 744 856
207 712 271 738 Non
288 713 356 738 secus
369 721 398 738 ac
409 717 491 736 neruo
504 716 550 743 per
564 706 660 733 nubem
676 706 789 741 Impulsa
802 707 902 741 sagitta.
992 705 1053 732 Infi-

36 757 75 774 :re
90 747 239 781 sagittarum
254 748 382 774 venabula
396 742 635 781 praetereuntibus,
659 741 714 769 vid.
734 748 828 768 1NF1G
835 749 862 768 o.
958 741 1053 769 Pende-

36 790 76 810 ant
97 784 202 817 sagittae
222 783 254 809 ab
276 784 387 810 humero
411 781 467 808 Cic.
482 781 557 806 Verr.
570 787 597 811 4,
610 786 668 818 74..
765 778 890 819 Fromere
905 778 1002 804 celeres
1016 777 1053 803 sa-

41 825 88 846 nas
106 820 173 845 flor,
188 819 275 845 carm,
292 829 312 851 3,
327 825 403 850 2019·
505 814 604 840 Volaus
617 814 708 848 sagitta
727 813 810 840 Ouid.
824 814 910 840 Tun.
926 823 950 846 3,
965 822 1002 844 10,
1017 820 1055 845 55.

30 856 59 882 iti
74 853 150 880 nudis
166 854 264 888 sagittis
278 855 309 881 ad
322 853 388 881 bella
408 850 486 879 Ouid.
494 851 568 891 Rern.
583 851 675 876 Amor.
690 856 736 890 23..
929 849 950 885 ff
968 857 980 881 3
1009 848 1049 874 Sa·
1060 862 1095 880 20

36 887 124 922 ut'am,
143 894 227 925 inquit
240 889 369 917 Columel.
383 895 442 922 3‚17
460 886 549 913 rustici
564 891 658 912 vocant
671 883 836 911 noulffimam
852 890 952 920 partem
967 885 1053 924 surcu-

51 937 55 952 :
75 926 127 952 flue
141 927 203 959 quia
218 926 319 961 longius
333 923 425 951 receffit
437 931 451 948 a
465 928 564 954 matre,
581 927 607 947 et
619 920 689 955 quali
705 921 814 947 emicuit
828 928 906 956 atque
919 919 1054 956 prosiluit:

37 971 58 988 -ιι
74 970 135 996 quia
157 963 290 989 cacumine
307 964 449 990 attenuata,
462 957 592 992 praedicti
603 957 651 983 teli
664 956 776 991 speciem
793 957 872 991 gerit.
922 991 928 996 ι
979 955 1053 982 Idem

51 1006 79 1024 10
107 997 176 1025 Nam
192 997 208 1023 li
223 998 353 1032 sagittam,
366 993 392 1021 id
406 993 441 1020 est
456 994 621 1028 superiorem
635 999 735 1028 partem
750 993 882 1023 malleoli,
901 997 1054 1026 vituperan-

38 1043 73 1060 uu
87 1033 234 1065 censebant,
247 1041 326 1068 quum
339 1031 397 1058 esset
410 1029 500 1056 eadem
514 1039 571 1065 pars
586 1029 682 1056 surculi
695 1029 821 1062 frugiferi
835 1038 841 1053 :
878 1034 978 1062 quanto
1000 1036 1091 1063 msa-23·

38 1078 56 1095 ιε
77 1069 118 1095 vel
137 1077 167 1095 ex
189 1070 287 1103 optima
304 1067 364 1094 vitis
384 1072 456 1100 parte
471 1072 560 1092 natum
576 1064 720 1099 flagellum,
735 1064 752 1090 li
767 1064 803 1091 cst
817 1064 906 1091 sterile
921 1061 1055 1098 improba—

0 1128 1 1132 .
40 1114 73 1130 ιιιι
89 1105 122 1131 ab
137 1105 176 1132 his
187 1104 255 1131 ratio
269 1104 320 1138 ipsa
333 1102 445 1128 declarat
458 1103 467 1128 3
503 1102 544 1129 Sic
555 1101 622 1128 Plin.
637 1108 675 1135 17,
690 1109 726 1127 21.
819 1136 825 1141 ‚
926 1097 947 1137 fl
967 1109 986 1133 4
1013 1100 1054 1125 Sa-

0 1161 2 1177 ,
38 1147 81 1167 itta
90 1160 98 1172 ,
116 1140 214 1177 Signum
226 1137 330 1171 caeleste.
399 1137 493 1164 Manil.
503 1146 523 1170 1,
532 1146 581 1170 349
601 1137 670 1163 Hinc
683 1136 786 1163 imitata
799 1141 883 1162 nitent
898 1136 1056 1170 cursumque

39 1177 187 1209 abitumque
199 1175 303 1209 sagittae
316 1172 414 1200 Sidera.
482 1173 549 1200 Add.
565 1181 588 1205 5,
601 1181 648 1206 293
668 1173 710 1199 vbi
724 1172 798 1199 Parte
811 1172 906 1198 octaua
921 1171 1056 1198 chelarum

39 1214 82 1237 lam
94 1214 157 1238 oriri
168 1209 245 1236 docet.

40 1247 110 1272 *tinus
124 1245 251 1272 matutino
263 1245 402 1278 exoritur,
422 1252 447 1272 et
461 1245 565 1279 postero
578 1245 622 1271 die
642 1244 780 1277 Fidicula,
798 1253 853 1279 quo
874 1243 1057 1283 AegyptotSa-

2 1305 3 1308 ,
44 1288 78 1308 tta
109 1281 209 1315 vesperi
236 1281 343 1308 occidit.
410 1281 484 1316 Cous.
500 1279 572 1307 ldem
587 1287 609 1311 8,
624 1289 657 1314 5¹-
857 1277 878 1317 ff
902 1288 915 1313 5
952 1280 1057 1319 Sagitta,

42 1317 105 1344 erbo.
160 1317 224 1344 Plin.
239 1326 275 1350 21,
286 1325 313 1352 17
332 1318 397 1343 Item
411 1317 537 1352 pistanam
551 1316 615 1344 dicit
629 1325 645 1343 a
658 1316 766 1343 Graecis
778 1317 879 1349 vocari,
894 1324 974 1351 quam
988 1321 1058 1343 inter

42 1361 85 1381 uas
99 1352 215 1387 sagittam
234 1353 400 1388 appellamus.

0 1386 1 1391 ¹
51 1397 62 1413 s
75 1395 94 1414 A
105 1394 125 1414 G
138 1387 316 1421 1'rTxJLA‚
343 1397 383 1414 ae.
412 1388 442 1424 ⁸t'.
476 1388 577 1414 Dimin.
614 1387 692 1423 Apul.
708 1388 773 1414 Met.
789 1395 816 1414 10
830 1396 854 1423 p.
869 1395 919 1421 254
939 1386 1094 1426 Pinnulis35

55 1424 79 1449 sa
99 1423 191 1450 itmlis.

54 1432 97 1483 s}
105 1465 124 1484 G
137 1465 143 1483 1
154 1464 175 1483 'r
185 1464 234 1485 TA
244 1464 313 1484 R1v
325 1464 349 1490 s,
362 1466 384 1489 a,
398 1467 451 1484 um.
471 1457 530 1485 Adi.
567 1458 632 1484 Plin.
648 1460 685 1491 16,
698 1460 730 1491 36
761 1458 841 1486 Suum
855 1468 936 1494 genus
955 1458 1058 1493 sagitta-

45 1502 62 1519 o
75 1494 184 1520 calamo.
210 1497 228 1520 ι’.
243 1494 337 1526 idoneo,
350 1500 378 1520 ut
392 1503 421 1519 ex
433 1493 532 1528 cofiant
542 1494 663 1530 sagittae.

54 1534 246 1556 s.-xci'r·rA
259 1536 276 1555 a
290 1535 359 1560 1VS‚
372 1529 390 1555 i.
410 1538 445 1555 m.
482 1528 513 1563 [ὅ
526 1530 638 1564 τοξότης]

42 1573 60 1589 ιε·
76 1564 217 1598 sagittarii,
235 1572 260 1591 et
273 1565 420 1591 funditores
434 1565 551 1593 Baleares
583 1566 656 1593 Caes.
670 1566 696 1592 B,
713 1566 745 1591 G.
758 1573 783 1597 z,
798 1573 822 1599 7.

55 1606 79 1627 18
100 1601 192 1632 Magna
207 1606 398 1627 tormentorum
414 1601 499 1635 copia,
512 1601 602 1627 multis
615 1601 772 1634 sagittariis,
787 1609 882 1633 magno
893 1600 1000 1632 labore,
1015 1609 1059 1633 ap-

42 1640 117 1663 iratu,
132 1634 221 1660 multis
236 1636 328 1662 sauciis
342 1636 444 1668 nostris,
458 1636 587 1663 incolumi
602 1636 719 1662 exercitu
732 1636 869 1669 negotium
883 1636 1056 1661 confecimus.

42 1670 157 1703 letapltor.
214 1670 287 1696 Idem
302 1680 352 1704 pro
365 1671 432 1698 Sext.
448 1681 485 1704 133
503 1673 600 1706 Neque
612 1672 712 1706 putaui,
725 1679 806 1704 quum
820 1670 945 1696 omnibus
959 1669 1057 1696 inachi-

48 1712 58 1729 s
71 1712 98 1730 ac
113 1706 260 1737 tormentis,
275 1707 310 1736 vi,
325 1708 450 1737 exercitu,
463 1708 547 1740 copiis
559 1712 737 1740 oppugnaret,
755 1706 787 1731 de
800 1714 854 1732 vno
868 1706 1005 1740 sagittario
1013 1714 1056 1731 me

45 1741 91 1765 ieri
111 1740 262 1767 conuenire.
289 1739 378 1773 hostem
401 1745 532 1773 minorem,
545 1741 613 1776 quasi
627 1743 688 1768 leuis
701 1748 851 1773 armaturae,
867 1748 890 1767 et
902 1741 1096 1771 contemtibi-43

43 1785 68 1805 τι,
81 1776 207 1811 intelligit.
314 1775 361 1802 Sed
370 1779 474 1811 proprie
487 1776 559 1802 Idem
575 1777 645 1803 Fam.
661 1784 695 1809 ις,
709 1785 727 1809 4
753 1777 874 1812 Vsusque
894 1777 986 1803 multis
1004 1783 1056 1804 tor-

43 1811 118 1843 entis,
133 1810 221 1837 multis
235 1810 384 1845 sagittariis,
397 1820 493 1846 magno
506 1811 597 1838 labore
611 1821 681 1844 ineo,
696 1812 748 1838 fine
762 1812 814 1839 vlla
826 1813 945 1839 molestia
959 1814 1058 1839 sumtu-

44 1856 48 1871 .·
61 1846 201 1880 sociorum,
214 1847 325 1882 septimo
339 1854 364 1874 et
395 1847 595 1882 uinquagelimo
609 1848 651 1875 die
664 1857 719 1874 rem
733 1849 847 1875 confeci.
903 1849 971 1875 Add.
983 1849 1057 1875 Idem

44 1882 72 1908 iil
95 1889 138 1914 ‚·c.
153 1885 177 1909 6.
373 1855 394 1918 q
420 1893 436 1911 2
473 1883 642 1918 Sagittarius,
662 1884 792 1920 Numisma
812 1891 866 1911 erat
887 1884 1023 1919 Petficum,
1041 1894 1057 1911 α

48 1925 86 1944 tac
97 1926 181 1954 genere
193 1920 231 1944 ita
244 1924 418 1953 tiutzctcpattmi.
456 1919 530 1954 Qcod
539 1929 616 1955 genus
629 1923 723 1946 nummi
734 1920 808 1946 iidem
821 1927 903 1953 crant,
912 1923 955 1956 qui
966 1923 1057 1947 Dara-i
1063 1926 1095 1952 50

49 1963 105 1988 oqm·
119 1953 245 1985 dicuntur,
258 1952 357 1979 auflore
370 1956 504 1980 Plutarcho
520 1958 546 1980 in
567 1955 802 1992 Apophthtgmatts.
857 1958 894 1983 Ex
908 1966 955 1992 quo
967 1957 1057 1983 celebre

45 1993 125 2015 mouit
137 1988 246 2025 Agesilai
260 1987 364 2022 dicium,
370 1990 399 2026 st
410 2000 438 2016 cx
452 1989 512 2024 Alia
519 1991 616 2026 pulsum
628 1995 736 2027 triginta
749 1991 848 2018 milibus
854 1992 1058 2029 jlzgittariorum,

43 2035 88 2050 aum
107 2026 234 2061 PerJitrum
255 2034 299 2051 rex
317 2034 343 2050 ea
356 2035 485 2052 ’tumorum
495 2027 588 2061 fiimma
599 2030 724 2062 corruptis
731 2034 779 2062 per
796 2029 962 2055 Timocratem
980 2029 1058 2055 Athe-

47 2059 136 2091 mlr'bus
149 2058 280 2093 fficiffi’t,
292 2067 320 2086 vt
334 2064 356 2086 is
369 2061 397 2087 de
405 2064 541 2096 prouincia
555 2062 685 2089 decederet.
727 2063 815 2090 Videri
822 2064 924 2099 poſjunt
937 2066 999 2091 tales
1014 2075 1056 2090 nu-

43 2105 51 2120 ι
67 2105 119 2121 cum
127 2095 264 2131 sagittario
278 2096 344 2130 apud
357 2097 447 2131 Spanh.
462 2095 517 2130 diffi
531 2102 636 2133 dp.324
643 2098 684 2133 sq.
882 2100 902 2135 q
928 2109 939 2132 3
977 2100 1092 2134 Sagit-35

47 2130 112 2162 rius,
125 2134 225 2166 >ignum
239 2131 343 2164 caeleste.
382 2132 447 2158 Plin.
464 2140 502 2167 17,
517 2141 549 2165 24
566 2135 656 2167 Quun
670 2133 699 2160 fit
713 2134 787 2161 Luna
802 2134 829 2161 in
842 2136 941 2168 Leone,
955 2135 1058 2170 Scorpi-

44 2175 78 2195 ιε,
94 2166 242 2200 sagittario.
278 2166 436 2194 semiferum
448 2174 600 2195 centaurum
615 2177 686 2196 vocat
700 2171 794 2197 Manil.
808 2181 836 2205 4,
851 2180 909 2203 230.
950 2172 1059 2204 sedHy-

48 2210 63 2227 n
92 2202 163 2228 Po‘e't.
183 2201 286 2228 Astron.
305 2211 336 2234 2,
350 2211 385 2237 27
419 2204 496 2230 Hunc
516 2205 663 2238 complures
683 2206 844 2234 Centaurum
858 2208 906 2233 esse
920 2207 1060 2232 dixerunt:

44 2237 64 2262 ii
76 2243 161 2264 autem
175 2237 222 2263 hac
235 2236 266 2263 de
279 2238 352 2264 causa
366 2246 542 2273 negauerunt,
564 2241 635 2274 quod
650 2250 729 2268 nemo
743 2244 890 2269 Centaurus
914 2241 1014 2273 sagittis
1029 2241 1059 2265 sit

44 2274 83 2298 us.
154 2272 208 2308 lpfi
227 2271 312 2299 deinde
334 2273 446 2301 Crotum
464 2275 565 2302 videtur
572 2277 697 2311 probare,
718 2286 744 2302 v.
758 2286 783 2302 υ.

46 2314 63 2334 t.
78 2315 98 2339 1,
113 2315 137 2334 21
151 2315 215 2334 extr.

51 2351 62 2369 S
72 2350 92 2369 A
102 2349 122 2369 G
133 2349 140 2368 l
150 2350 172 2370 Τ
181 2343 247 2371 'ris
257 2349 273 2369 Ε
285 2349 315 2374 R,
327 2352 351 2375 a,
365 2353 419 2369 ιιι-ιι.
448 2343 508 2369 Adi.
546 2343 716 2378 [βελοφύμς]
753 2343 1008 2380 Qciffrtfiigietas:
1032 2351 1062 2370 vt

43 2379 111 2405 :loni
127 2379 266 2412 sagittiferi
292 2378 369 2410 Virg.
384 2379 449 2404 Aen.
465 2383 488 2408 8,
504 2386 556 2411 7³5.
652 2379 729 2404 Pecus
745 2380 890 2412 sagittifera
915 2379 1006 2406 Claud.
1027 2378 1061 2404 de

44 2414 130 2440 illi-icc
143 2421 185 2446 453.
292 2411 431 2438 Pharetrae
447 2413 609 2447 sagittiferae
636 2413 697 2440 Stat.
715 2414 811 2439 Achill.
828 2422 848 2446 1,
861 2416 918 2446 416.
1026 2415 1059 2440 Et

43 2450 96 2475 nid.
112 2449 175 2474 Met.
192 2455 211 2478 1,
224 2448 284 2479 468-
1070 2445 1102 2477 65

53 2491 66 2508 s
79 2492 97 2509 A
107 2490 127 2509 G
139 2490 145 2507 1
155 2488 206 2507 ΤΤ
217 2489 224 2508 1
235 2488 255 2508 G
267 2488 282 2506 13
293 2487 310 2507 R
324 2501 332 2513 ,
352 2481 446 2508 Auien.
459 2483 529 2508 Arat.
543 2492 568 2508 v.
581 2487 638 2515 842.

56 2524 68 2543 s
83 2526 101 2544 A
111 2523 130 2544 G
143 2524 149 2543 1
160 2523 182 2543 'r
191 2523 212 2543 ‘r
221 2523 252 2543 ιι)
261 2515 281 2543 ὁ
290 2522 335 2542 τε
345 2523 365 2541 N
375 2522 397 2541 S.
434 2516 627 2551 [βελοκράτωρ]
663 2517 826 2552 Sagittarius.
865 2518 922 2544 Cic.
938 2517 965 2544 in
975 2519 1057 2546 Arato

58 2562 91 2585 3¹¹
113 2554 200 2580 Mense
212 2551 391 2585 sagittipotens
404 2551 465 2577 solis
477 2560 559 2585 quum
572 2551 678 2579 sustinet
691 2551 794 2579 orbem.
866 2553 940 2590 Conf.
956 2555 1056 2588 QCic.

49 2610 52 2614 .
69 2589 162 2614 Auson.
177 2588 203 2613 in
217 2587 355 2620 Eclogario
373 2595 397 2620 p.
412 2594 466 2619 559.

51 2631 64 2649 s
74 2630 90 2648 A
102 2628 122 2649 G
133 2629 171 2649 ιτ
182 2629 204 2649 T
216 2628 246 2653 o,
261 2626 313 2648 are.
351 2622 464 2657 sagittas
477 2625 595 2650 emittere.
631 2623 705 2650 Curt.
720 2631 745 2658 7,
758 2631 780 2656 5,
794 2633 829 2657 42
855 2625 1001 2660 Sagittandi
1015 2630 1095 2658 ce-70

44 2659 93 2685 aiis
107 2658 174 2684 νῆις.
244 2657 317 2693 Cous.
331 2657 423 2683 lustin.
437 2666 478 2690 41,
492 2667 515 2690 2,
529 2666 550 2691 5.
621 2659 714 2694 Veget.
729 2659 761 2686 de
776 2661 814 2687 Re
830 2661 888 2687 Mil.
903 2670 960 2694 3‚9.
1009 2661 1055 2688 So-

33 2704 58 2720 ·ι.
76 2704 96 2720 c.
111 2703 143 2727 3¹·
211 2693 282 2719 Vols.
298 2692 330 2719 de
345 2693 398 2719 Vit.
413 2694 494 2720 Serm.
509 2703 529 2725 1,
543 2703 581 2727 23.
617 2701 642 2721 et
654 2705 681 2728 4,
695 2704 730 2727 23.

51 2738 63 2757 s
73 2737 93 2757 A
101 2736 121 2755 G
132 2737 139 2755 1
150 2734 171 2754 'r
180 2734 202 2753 ‘r
213 2729 232 2755 A
240 2735 261 2755 τ
270 2736 290 2754 ν
299 2736 322 2761 s,
335 2738 358 2759 a,
372 2737 425 2754 um.
446 2730 539 2757 Partic.
575 2730 744 2758 Plaut.Trin.
755 2740 775 2762 2,
784 2739 803 2764 1,
813 2734 841 2758 16
861 2733 948 2766 Qam
957 2738 1054 2759 extem-

44 2776 58 2791 ιι
81 2765 158 2790 sauiis
178 2764 299 2799 sagittatis
319 2765 445 2798 percussus
465 2765 516 2797 est,
542 2769 560 2793 i.
575 2773 692 2802 tanquam
705 2777 734 2793 ex
747 2777 807 2794 arcu
820 2769 919 2803 emiffis,
933 2769 1053 2804 letiferis.

45 2801 71 2825 tal
97 2800 196 2826 Taubm.
246 2801 276 2826 Et
289 2807 360 2826 nolus
372 2804 464 2827 nemim·
477 2811 525 2828 ηοιι
539 2799 572 2835 est
584 2803 676 2837 Cupido
692 2803 856 2840 Sagittarius.
910 2805 957 2831 Sed
969 2806 1052 2830 uulne—
1066 2807 1097 2836 75

47 2836 191 2871 iustgitta
205 2834 236 2868 est
249 2835 317 2863 Cael.
333 2836 422 2862 Aurel.
434 2836 520 2865 Tard.
534 2846 559 2870 2,
574 2846 601 2864 12
621 2838 737 2872 Quidam
752 2839 779 2866 in
794 2839 865 2866 bello
880 2840 1023 2874 sagittatus.

53 2879 64 2898 s
77 2877 97 2897 A
107 2877 127 2898 G
137 2878 161 2897 M
172 2878 191 2897 A
201 2891 209 2903 ,
227 2880 265 2897 ae.
285 2871 304 2897 f.
323 2873 363 2898 vel
379 2879 392 2899 s
402 2879 423 2899 A
434 2878 454 2898 G
465 2879 489 2899 M
499 2880 529 2903 A,
542 2874 600 2900 atis.
613 2883 638 2900 n.
673 2874 803 2909 [σίγμα]
844 2877 1011 2909 Fulmentum,
1030 2882 1054 2903 et

32 2935 36 2942 Ι
48 2914 112 2932 rium
132 2906 266 2942 quoddam,
286 2908 349 2943 quod
361 2908 497 2943 subiicitur
516 2909 645 2940 oneribus,
663 2918 692 2937 vt
704 2920 731 2936 ea
743 2911 892 2937 commodius
906 2919 929 2937 ct
942 2911 992 2944 line
1005 2914 1053 2938 lae-

31 2951 78 2975 ·me
102 2946 165 2968 cutis
185 2940 278 2978 gestari
302 2943 372 2978 dorso
395 2947 557 2971 iumentorum
570 2944 680 2980 poffint,
700 2947 804 2974 clitellae
823 2948 945 2974 molliores
965 2958 972 2972 .·
1008 2949 1053 2974 Gr.

46 2977 110 3003 ζττην
119 2977 219 3013 sarcire
231 2976 274 3011 est.
343 2979 433 3013 Veget.
448 2979 561 3006 Mulom.
571 2989 595 3013 2,
603 2989 642 3013 59,
654 2990 662 3008 1
680 2982 798 3017 Exceptis
812 2982 861 3014 his,
874 2984 920 3018 qui
935 2983 1053 3018 deputati
1067 2987 1100 3014 80

39 3011 76 3038 'nt
91 3013 170 3042 circo,
186 3013 319 3048 reliquum
331 3014 475 3047 mulorum,
488 3025 629 3050 equorum,
643 3017 828 3054 asinorumque
842 3028 923 3053 genus
937 3020 984 3045 sub
1007 3020 1053 3045 sel-

46 3057 51 3072 ι
65 3057 78 3073 a
92 3054 107 3074 lt
128 3049 218 3083 sagmis
238 3049 294 3075 solo
312 3055 386 3084 tergo
399 3051 507 3085 praestat
519 3050 646 3078 officium.
680 3068 726 3074 —-
761 3054 912 3089 Sagmarum
926 3055 968 3081 vel
983 3055 1056 3082 sella-

47 3093 78 3108 uu
97 3085 214 3122 mensura
229 3085 387 3112 conueniens
405 3093 431 3113 et
449 3095 507 3122 apta
525 3087 635 3121 qualitas
649 3088 725 3116 debet
737 3089 868 3118 adhiberi.
939 3091 965 3117 Si
981 3093 1055 3119 enim

47 3127 67 3144 :a
83 3127 184 3145 minora
199 3119 296 3146 fuerint
310 3120 350 3146 vel
363 3122 480 3154 maiora,
501 3123 650 3157 angustiora
663 3125 704 3151 vel
719 3125 786 3153 vltra
799 3127 909 3154 modum
925 3127 974 3153 lata
984 3147 990 3158 ,
1012 3127 1054 3154 vel

50 3164 87 3180 mc
101 3163 153 3180 non
167 3161 329 3194 congruunt,
346 3158 461 3189 grauiter
473 3165 575 3187 nocent.
612 3161 675 3186 Mox
688 3161 771 3188 Strata
784 3171 865 3189 vocat.

48 3200 64 3215 vs
89 3189 128 3215 vel
154 3190 210 3229 saga
234 3188 387 3231 sufficientia
407 3198 432 3219 et
457 3193 548 3221 mollia
567 3201 612 3221 etc.
632 3205 648 3222 a
670 3197 765 3231 sagmis
777 3205 801 3225 et
812 3199 881 3225 sellis
894 3197 1053 3231 distinxerat.

47 3225 97 3257 ulg.
113 3226 199 3253 Leuit.
216 3233 250 3257 ις,
263 3234 279 3258 9
299 3227 404 3261 bagms,
419 3228 494 3263 super
509 3239 562 3265 quo
574 3230 683 3264 sederit,
703 3233 871 3261 immundum
884 3236 950 3267 erit,
964 3245 993 3261 ex
1007 3236 1053 3262 Gr.

48 3262 64 3302 ἷιι
72 3262 199 3302 {alays-um
209 3261 263 3303 dn.-
295 3262 355 3299 Ergo
368 3264 478 3299 ephippii
489 3269 562 3292 etiam
572 3276 663 3303 genus,
676 3268 701 3305 f
709 3269 799 3304 sellae.-
833 3277 898 3297 cerie
906 3272 989 3306 poscit
1003 3273 1054 3297 eale

39 3296 78 3321 ,ud
93 3297 196 3322 Εόναιεα
210 3303 312 3322 vernas.
346 3297 402 3327 isid.
417 3309 456 3331 20,
470 3302 498 3328 16
517 3302 617 3337 Sagma,
631 3311 695 3337 quae
710 3312 833 3340 corrupte
854 3307 934 3341 vulgo
956 3307 1054 3333 dicitur

52 3332 118 3363 lma,
144 3340 158 3358 a
178 3331 257 3358 stratu
275 3333 392 3372 sagorum
411 3343 527 3364 vocatur.
599 3340 655 3366 Vet.
674 3341 752 3367 Gloss.
771 3342 910 3375 σάγματα,
930 3342 1097 3373 καιᾶἡλια9ο

39 3367 130 3406 uellae
145 3374 189 3393 aut
202 3367 281 3409 strata
292 3376 477 3399 iumentorum.
546 3374 690 3411 Diligenter
707 3380 781 3404 etiam
794 3378 858 3404 hanc
865 3384 965 3412 parum
979 3388 1053 3414 argu.

39 3406 94 3443 ¹’nii
106 3406 149 3438 Jui
169 3401 292 3429 naman
312 3405 428 3438 Schtffcr.
446 3407 475 3435 de
485 3417 512 3435 re
523 3410 600 3436 vehit.
615 3420 638 3443 2,
651 3421 673 3438 2.
869 3411 890 3451 q
912 3423 928 3441 2
962 3415 1054 3449 Sagma

49 3445 84 3464 uu
99 3439 174 3465 theca
185 3437 242 3469 telle
258 3440 316 3466 Vct.
330 3441 414 3467 Schol.
446 3444 506 3472 Stat.
519 3444 608 3473 Theb.
622 3455 649 3479 9,
662 3455 720 3482 730.
755 3454 779 3474 et
793 3449 880 3476 Barth.
893 3449 955 3475 ibid.

55 3481 68 3500 s
76 3481 97 3501 A
107 3479 127 3499 G
138 3481 161 3500 M
172 3481 193 3501 A
204 3480 219 3500 R
230 3481 239 3500 1
250 3482 271 3500 V
280 3481 292 3500 S
311 3476 434 3511 epitheton
447 3482 605 3507 iumentorum
613 3502 621 3514 ,
639 3483 725 3518 quibus
739 3484 831 3518 Sagma
846 3488 992 3520 imponitur,
1004 3491 1054 3520 pro

49 3509 132 3544 :osere
150 3512 225 3536 locum
239 3515 367 3551 occupauit
379 3512 533 3546 saginarius.
587 3517 720 3553 Lamprid.
736 3519 805 3554 Elag.
821 3530 840 3554 4
859 3524 925 3547 inter
939 3521 1051 3547 ridicula
1059 3527 1090 3553 95

49 3545 242 3572 *natuseonsulta
262 3547 375 3588 ridicula
397 3548 429 3574 de
446 3549 545 3584 legibus
562 3554 767 3588 matronalibus,
785 3564 867 3590 quae,
887 3565 942 3591 quo
956 3557 1052 3583 vestitu

51 3580 166 3612 cederet,
185 3589 260 3615 quae,
274 3591 318 3609 cm
332 3583 435 3610 cederet
451 3595 458 3615 3
488 3594 560 3620 quae,
573 3588 604 3614 ad
617 3590 691 3617 cuius
704 3592 823 3618 osculum
837 3593 957 3623 venirem
985 3602 1052 3627 quae

53 3615 136 3656 lento,
155 3625 220 3651 quae
243 3627 312 3652 equo
338 3620 468 3654 sagmario
491 3621 636 3651 veheretur.
742 3628 814 3654 Seru.
838 3628 871 3653 ad
888 3629 953 3655 Aen.
969 3637 989 3661 1,
1003 3637 1051 3663 417

50 3652 264 3693 ⁴ginar'ius'mulus
280 3664 286 3680 ;
320 3655 364 3681 vbi
377 3656 463 3682 laudat
478 3657 629 3686 Burmannus
642 3660 781 3696 Salmafium
789 3665 986 3700 Exerc.Pl1·n.p.
996 3672 1053 3699 824,

61 3685 93 3711 ad
106 3687 211 3721 Vopisci
227 3688 315 3716 Aurei.
329 3699 350 3717 c.

53 3724 129 3755 quirit
148 3723 264 3757 Scheff’r.
283 3726 300 3752 Ι.
320 3735 342 3752 c.

204 3763 208 3765 q
232 3762 236 3766 ⁴
580 3737 596 3755 2
629 3732 688 3759 Sunt
707 3736 782 3760 etiam
800 3735 929 3769 Sagmarii
943 3736 1053 3762 homiues

37 3756 132 3798 ¹rendit
139 3757 249 3792 sarcinis
262 3767 285 3786 et
297 3770 405 3788 atinonae
417 3761 548 3797 destinati,
566 3765 633 3800 apud
648 3768 737 3803 Veget.
759 3769 792 3798 R.
807 3771 867 3799 Mil.
880 3780 940 3803 2,1:>
959 3772 986 3798 de
1000 3776 1054 3808 qui-

41 3801 63 3816 .s
80 3793 191 3820 §tavei-b.
202 3802 229 3828 p.
244 3803 283 3826 118
295 3804 318 3823 ee
330 3806 381 3826 200.

59 3833 72 3853 s
81 3833 101 3853 A
111 3832 131 3852 G
140 3833 194 3869 MA
203 3835 220 3854 R
231 3836 268 3856 tv·
279 3838 303 3873 ιιι
325 3833 387 3874 idem
398 3833 465 3877 1¹th
476 3835 571 3869 Sagum
583 3836 649 3873 apud
659 3838 729 3868 Seru.
747 3840 782 3869 ad
803 3842 868 3869 Aen.
895 3851 919 3877 1,
935 3851 986 3879 4¹7
1009 3850 1053 3871 aut

24 3895 27 3897 .
33 3869 88 3898 drte
101 3871 160 3889 onus
171 3871 274 3928 tramite
286 3876 409 3931 ιιὶῧιςπια
428 3872 575 3907 impositum.

673 1530 725 1564 Qii
732 1529 846 1565 sagittas
859 1532 960 1556 emittit.
995 1529 1060 1555 Cre-

1079 665 1193 697 15lices,
1214 663 1356 698 priuasque
1377 664 1505 692 verbenas
1524 663 1610 690 secum
1630 662 1732 688 ferrent
1751 673 1755 687 :

348 1209 414 1236 Plin.
428 1214 462 1242 ις,
475 1212 508 1236 26
528 1208 617 1235 Pridie
632 1209 723 1239 Nonas
737 1208 855 1234 Ianuarii
869 1208 988 1234 Caesaris
996 1207 1055 1233 Del·
1070 1218 1103 1244 30

856 2275 925 2303 Add.
941 2274 1060 2301 Macrob.
1068 2271 1103 2296 6-0

364 3699 389 3726 7.
411 3696 441 3718 it.
456 3692 564 3725 Goldast.
578 3695 632 3722 Rer.
645 3698 724 3723 Alem.
737 3699 769 3725 T.
782 3709 798 3730 v,
811 3710 822 3725 1
830 3706 859 3735 p.
873 3710 922 3734 119,
959 3702 1051 3727 Omnia
1059 3707 1106 3725 100
1115 3712 1174 3729 vain
1189 3703 1345 3738 imperatori
1372 3704 1417 3729 suo
1437 3711 1535 3729 nouam
1557 3701 1742 3736 praebuerunt.

1471 73 1498 113 S
1607 73 1648 112 A

1757 75 1795 114 G
2085 80 2159 118 266

1149 173 1162 193 s
1172 170 1282 192 AGME
1292 162 1399 196 N,'1‘nis.
1413 171 1439 189 n.
1477 160 1509 196 [ὅ
1522 162 1672 197 περιςιριῴν]
1709 161 1811 192 Festus,
1831 164 1951 198 sagmina
1964 173 2092 195 vocantur
2100 177 2157 195 ver-

1112 202 1212 233 benae,
1234 201 1260 228 id
1275 200 1310 227 est
1323 199 1420 226 herbae
1436 207 1525 233 purae,
1547 198 1608 232 quia
1624 207 1654 225 ex
1670 197 1728 223 loco
1744 198 1832 223 sanGlo
1846 201 2001 229 arcebantur
2017 205 2085 238 (uid.
2103 212 2158 232 AR-

1114 244 1176 264 Crto
1192 247 1216 264 n.
1234 240 1262 269 ι)
1286 246 1300 263 a
1313 235 1444 266 Consule,
1466 235 1642 265 Praetoreue,
1660 233 1750 267 legatis
1772 233 1995 267 proficiscentibus
2016 241 2047 266 ad
2066 241 2159 268 [ρει-ω,

1112 274 1279 306 faciendum,
1299 271 1453 304 bellumque
1474 270 1652 295 indicendum.
1703 269 1750 294 Vel
1765 278 1778 294 a
1792 270 1936 297 sanciendo
1948 291 1954 301 ,
1976 274 2000 299 id
2016 277 2049 302 el}
2065 277 2160 304 coufir-

1113 309 1218 335 mando.
1291 307 1409 335 Naeuius
1419 326 1426 337 ‚
1445 306 1487 331 tus
1501 306 1630 331 sacratum
1644 305 1715 330 Iouis
1730 305 1871 330 iurandum
1888 307 2011 339 sagmine.
2059 313 2160 339 paunus

1114 355 1142 371 cx
1157 344 1232 371 Festo
1245 343 1332 376 addit,
1348 341 1449 369 Naeuii
1471 342 1583 376 uersum,
1604 341 1699 374 Scapos
1720 347 1797 374 atque
1819 341 1946 367 verbenas
1967 344 2082 376 sagmine
2095 350 2161 374 smn-

1115 381 1211 407 serunt.
1307 379 1368 406 Liu.
1388 387 1405 409 1,
1420 386 1454 410 24
1485 377 1591 402 fetialis
1607 376 1722 402 Tullum
1738 377 1772 402 ita
1786 378 1909 411 rogauit,
1934 378 2044 405 iubesne
2059 391 2100 408 mc·
2114 394 2158 410 rex

1115 425 1174 442 cum
1189 416 1262 441 Patre
1276 421 1377 448 patrato
1391 412 1483 449 populi
1501 413 1593 438 Albani
1612 412 1706 438 foedus
1722 412 1801 438 ferire
1818 414 1826 438 ’ἐ
1846 413 1956 439 lubente
1972 422 2044 447 rege:
2064 418 2159 451 Sagun.

1113 461 1164 483 na,
1185 450 1289 483 inquit,
1306 457 1331 477 te
1346 459 1392 477 rex
1406 450 1493 485 posco.
1532 448 1586 474 Rex
1601 448 1653 477 ait,
1674 448 1767 473 Puram
1781 448 1880 474 tollito.
1939 450 2045 475 Fetialis
2060 461 2090 477 cx
2106 462 2163 480 arce

1076 493 1106 511 10
1115 486 1241 521 graminis
1256 485 1364 513 herbam
1379 494 1469 521 puram
1481 484 1567 510 attulit
1583 495 1587 510 :
1623 484 1658 509 ita
1673 483 1760 517 postea
1775 493 1862 518 regem
1878 485 2070 519 interrogauit:
2099 489 2165 521 Rex,

1114 523 1212 549 facisne
1225 530 1268 546 me
1283 527 1310 547 tu
1323 523 1426 557 regium
1441 519 1565 546 nuntium
1582 519 1730 554 Populiquc
1745 520 1822 545 Rom.
1839 521 2008 554 Qniritium?
2046 523 2165 556 vasa‚co-

1115 558 1245 591 mitesque
1263 566 1336 583 meos
1351 559 1359 583 3
1397 559 1451 584 Rex
1473 554 1625 590 respondit,
1655 555 1735 588 Qiod
1751 554 1803 582 fine
1818 556 1910 582 fraude
1924 564 1997 589 mea,
2018 557 2166 593 Populique

1112 594 1191 620 Rom.
1207 593 1357 626 Qiiritium
1377 593 1438 625 fiat,
1461 592 1540 619 facio.
1599 590 1728 617 Haflenus
1742 592 1838 617 Liuius.
1905 592 1977 618 Idem
1992 601 2070 626 30,43
2091 594 2167 621 Sena-

1114 629 1305 656 tusconsultum
1325 628 1353 654 in
1375 628 1437 655 haec
1456 627 1537 655 verba
1551 626 1651 653 facium
1665 626 1699 652 est
1716 637 1720 652 :
1757 632 1785 653 vt
1802 628 1905 653 Fetiales
1920 629 2010 662 priuos
2024 629 2123 663 lapides
2138 631 2167 657 fi-

1794 662 1833 689 vti
1854 664 1962 690 Praetor
1977 664 2111 693 Romanus
2126 667 2167 694 his

1115 701 1275 734 imperaret,
1293 706 1321 726 vt
1344 700 1436 726 foedus
1460 699 1571 726 ferirent
1585 709 1592 729 ς
1635 698 1676 724 illi
1703 698 1854 725 Praetorem
1879 700 1994 733 sagmina
2021 702 2167 733 poscerent,

1114 736 1198 763 Addit
1211 735 1293 770 desua
1309 736 1412 767 Liuius,
1432 735 1537 762 Herbae
1551 735 1577 761 id
1593 742 1674 769 genus
1691 742 1722 759 ex
1737 743 1795 760 arce
1810 736 1923 761 sumtum
1943 734 1999 762 dari
2021 738 2168 765 Fetialibus

1116 772 1192 798 solet.
1227 772 1266 798 De
1283 769 1368 796 surdis
1380 774 1398 796 i.
1414 771 1563 807 ignobilibus
1576 776 1600 797 et
1613 770 1758 806 vulgaribus
1773 770 1871 798 herbis.
1927 771 1995 798 Plin.
2009 781 2049 803 22,
2059 782 2071 799 2
2091 776 2166 808 Qlo.

1114 808 1187 834 niam
1201 816 1256 833 non
1269 806 1377 832 aliunde
1393 807 1506 840 sagmina
1521 807 1548 833 in
1563 806 1688 833 remediis
1702 805 1816 840 publicis
1830 806 1922 839 suere,
1941 813 1967 833 et
1982 807 2009 833 in
2024 809 2100 836 sacris
2110 831 2117 842 ,
2132 810 2168 836 le.

1116 842 1324 877 gationibusque
1338 841 1478 869 verbenae.
1553 843 1632 869 Certe
1651 848 1767 875 vtroque
1785 843 1895 868 nomine
1911 843 1981 869 idem
1997 843 2168 878 fignificatur,

1116 880 1166 906 hoc
1179 878 1215 905 est
1227 879 1343 905 Gramen
1355 886 1387 904 ex
1402 887 1461 904 arce
1478 887 1536 903 cuin
1552 879 1596 904 sua
1610 884 1680 905 terra
1694 878 1823 904 euulsum.
1919 879 2066 906 Martianus
2082 882 2109 907 in
2123 882 2140 908 Ι.
2154 887 2170 912 8

1116 914 1238 941 Ξειιιξὶιιηι
1257 915 1288 940 D.
1301 914 1333 940 de
1346 913 1478 940 diuisione
1493 922 1600 945 rerum,
1622 913 1745 940 Sanfium
1758 913 1811 946 est,
1832 913 1903 948 quod
1921 914 1954 940 ab
1968 915 2066 943 iniuria
2080 917 2168 944 homi-

1116 960 1179 977 num
1194 950 1330 976 defensum
1343 956 1421 984 atque
1434 949 1567 976 munitum
1580 949 1624 975 est.
1662 949 1786 976 sanetum
1800 950 1997 978 autemdiGtum
2005 952 2039 978 est
2054 954 2169 987 asagmi-

1117 987 1206 1013 nibus.
1250 987 1314 1013 Sunt
1327 986 1400 1012 enim
1415 986 1537 1020 Sagtnina
1552 984 1680 1019 quaedam
1695 985 1817 1018 Herbae,
1837 994 1901 1020 quas
1914 986 1993 1021 legati
2008 989 2101 1022 Populi
2117 991 2168 1016 Ro-

1117 1023 1190 1049 mani
1203 1023 1275 1049 ferre
1286 1021 1423 1054 solebant,
1445 1031 1477 1047 ne
1492 1021 1550 1055 quis
1566 1030 1610 1047 eos
1626 1022 1749 1047 violaret.
1802 1021 1886 1048 Sicuti
1905 1021 1983 1056 legati
2005 1024 2169 1052 Graecorum

1117 1068 1147 1086 ea
1161 1068 1229 1093 quae
1244 1064 1372 1085 vocantur
1386 1058 1496 1090 cerycia.
1534 1056 1608 1091 Quod
1618 1064 1656 1083 att
1672 1057 1762 1088 lCtus,
1783 1065 1797 1083 a
1817 1058 1978 1092 sagminibus
1998 1059 2100 1087 (lictum
2120 1064 2170 1088 ess'e

1117 1095 1252 1126 sane‘uun,
1268 1093 1332 1121 illud
1347 1093 1421 1129 forte
1435 1094 1575 1129 conuersum
1590 1092 1679 1127 fuerit
1698 1096 1792 1124 verius,
1806 1100 1834 1118 vt
1847 1104 1861 1119 a
1875 1093 2018 1121 sanciendo
2031 1096 2101 1123 alisia
2115 1097 2172 1130 sint

1118 1132 1244 1165 sagmina,
1262 1137 1291 1157 υι
1306 1130 1437 1164 fragmina
1449 1139 1464 1155 a
1477 1128 1632 1163 frangendo.
1672 1128 1692 1153 G
1706 1134 1730 1153 et
1742 1128 1762 1154 C
1780 1130 1918 1161 alternant,
1934 1137 1963 1156 vt
1976 1134 2002 1157 in
2012 1133 2076 1166 Ago,
2086 1134 2168 1164 afim,

1119 1176 1229 1202 agmen,
1247 1166 1327 1198 Seco,
1348 1166 1453 1200 segmen
1469 1173 1514 1191 etc.
1551 1163 1673 1198 Sagmina
1687 1163 1768 1189 eadem
1782 1163 1920 1190 Verbenae
1934 1175 1958 1191 υ.
1978 1176 2003 1192 υ.

1154 1211 1166 1230 s
1177 1209 1197 1229 A
1206 1210 1226 1230 G
1237 1209 1256 1229 R
1265 1210 1287 1230 A
1297 1221 1304 1233 ,
1326 1202 1427 1228 Flauius
1440 1199 1474 1233 est
1487 1204 1513 1227 in
1527 1209 1571 1227 ora
1584 1208 1686 1236 magnae
1702 1200 1820 1225 Graeciae
1833 1203 1859 1225 in
1874 1201 1959 1228 ltalia.
1993 1201 2092 1229 Aufior
2105 1204 2173 1232 Plin.

1118 1248 1140 1272 3,
1155 1248 1191 1265 10.
1287 1238 1344 1265 Cic.
1359 1236 1390 1264 de
1405 1237 1466 1264 Nat.
1482 1237 1563 1263 Deor.
1579 1238 1624 1266 2,6
1645 1236 1734 1267 Quum
1747 1235 1778 1261 ad
1794 1235 1907 1262 tluuium
1922 1237 2026 1271 Sagram
2046 1240 2170 1266 Crotom.

1118 1281 1172 1302 atas
1194 1274 1274 1301 Locri
1294 1274 1414 1300 maximo
1434 1273 1536 1307 praelio
1556 1272 1723 1302 deuiciffenr,
1742 1280 1774 1297 eo
1789 1270 1846 1306 ipso
1859 1271 1903 1297 die
1917 1272 2035 1300 auditam
2049 1276 2097 1301 csse
2112 1285 2171 1303 eain

1119 1319 1233 1346 pugnam
1248 1309 1317 1336 ludis
1333 1309 1489 1343 Olympiae,
1510 1308 1657 1335 memoriae
1669 1307 1807 1341 proditum
1820 1307 1865 1333 est.
1970 1309 2038 1336 Ibid.
2055 1320 2074 1341 3,
2090 1320 2113 1343 ¹3
2133 1313 2171 1338 De

1118 1348 1206 1382 Sagra,
1221 1346 1385 1372 Graecorum
1399 1345 1435 1371 est
1448 1345 1558 1379 vulgare
1574 1343 1748 1378 prouerbium
1758 1364 1765 1375 ,
1782 1343 1828 1376 qui
1843 1352 1910 1377 quae
1924 1342 2055 1372 affirmant
2076 1349 2171 1374 certio·-

1118 1392 1147 1411 ra
1161 1385 1208 1410 esse
1223 1383 1325 1414 dicunt,
1344 1390 1423 1415 quam
1438 1389 1476 1409 ea,
1489 1389 1555 1414 quac
1569 1380 1636 1413 apud
1652 1382 1765 1412 Sagram.

1156 1424 1228 1445 SAG
1239 1425 1260 1444 V
1271 1424 1293 1443 M
1304 1437 1313 1450 ‚
1345 1418 1363 1443 i.
1396 1426 1420 1442 n.
1458 1416 1506 1450 [τό
1526 1416 1598 1447 σάγον
1612 1415 1652 1441 vel
1662 1415 1783 1449 w‘ywov]
1824 1412 2001 1447 vestimentum
2022 1424 2134 1452 apertam
2148 1426 2173 1445 ει

1119 1454 1275 1489 iifibulatum
1285 1472 1294 1484 ‚
1318 1452 1383 1488 quod
1395 1452 1500 1487 reliquis
1514 1453 1607 1483 vestu-iu
1616 1460 1666 1476 ntis
1675 1450 1904 1485 supert'iulurrctur.
1959 1452 2054 1478 Gallica
2068 1462 2116 1479 isox
2125 1474 2132 1486 ,
2147 1455 2172 1488 fi

1119 1489 1233 1516 audimus
1247 1487 1303 1516 lfid.
1319 1497 1357 1521 19,
1370 1496 1414 1521 24.
1504 1487 1558 1522 1pr
1579 1488 1664 1513 Varro
1684 1487 1715 1511 <ie
1731 1486 1758 1511 l..
1775 1486 1803 1511 L.
1820 1495 1846 1518 4,
1864 1494 1891 1518 3,-
1906 1495 1928 1519 p,
1943 1496 1990 1521 40,
2004 1495 2034 1512 ιο
2054 1492 2171 1524 peregri.

1121 1534 1185 1554 num
1200 1523 1243 1557 effi‘
1259 1527 1333 1550 dicit.
1370 1525 1501 1549 Germanis
1514 1525 1588 1548 ctiam
1601 1524 1691 1548 tribuit
1704 1522 1771 1546 Tac.
1781 1521 1870 1547 Germ.
1882 1529 1945 1555 ¹7›¹·
1998 1524 2118 1550 Romanis
2133 1535 2172 1551 ue-

931 1565 987 1591 Cic.
1003 1565 1057 1591 Ast,
1066 1577 1104 1602 40
1113 1558 1166 1594 stis
1180 1562 1298 1586 militum.
1335 1559 1407 1584 Caes.
1431 1559 1458 1590 B.
1479 1558 1509 1583 C.
1528 1565 1550 1589 1,
1565 1566 1595 1590 75
1613 1556 1721 1590 Reliqui
1759 1570 1803 1575 —
1840 1557 1980 1590 repentino
1995 1560 2114 1591 periculo
2129 1570 2172 1588 ex.

1121 1595 1228 1626 territi,
1248 1593 1360 1619 sinistras
1376 1593 1440 1627 sagis
1457 1593 1614 1623 inuoluunt,
1636 1591 1791 1627 gladiosque
1805 1592 1983 1626 distringunt,
2003 1601 2082 1629 atque
2097 1596 2132 1623 ita
2147 1600 2172 1624 se

1119 1639 1134 1657 a
1147 1629 1252 1656 cetratis
1267 1628 1457 1664 equitibusque
1471 1628 1626 1655 defendunt.
1662 1629 1700 1654 De
1713 1627 1851 1660 militibus,
1877 1630 1921 1663 qui
1933 1629 1967 1654 ad
1985 1631 2129 1666 colloquium
2150 1642 2174 1660 et

1113 1673 1201 1702 pacem
1217 1671 1288 1691 extra
1296 1665 1346 1701 fica
1359 1662 1624 1700 castraproctstkrant.
1699 1664 1771 1690 Non.
1788 1672 1822 1695 14,
1832 1673 1858 1689 10
1878 1665 1972 1698 Sagum
1985 1667 2173 1697 vestimentum

1119 1702 1252 1732 militare,
1272 1700 1337 1736 quod
1349 1700 1436 1726 deiude
1445 1700 1537 1735 probat
1549 1698 1704 1732 testimoniis.
1764 1701 1795 1726 Er
1816 1709 1828 1725 o
1843 1700 2005 1735 Sagumsuit
2020 1704 2098 1729 index
2107 1705 2174 1738 belli,

1119 1745 1149 1764 υι
1161 1738 1243 1771 Toga
1253 1740 1341 1771 pacis,
1361 1736 1427 1772 quod
1438 1743 1520 1762 tamen
1533 1736 1678 1770 Confidares
1692 1745 1739 1761 non
1752 1708 1890 1772 grjfibaut.
1947 1737 2002 1765 Cic,
2023 1738 2134 1775 Philipp,
2150 1749 2173 1774 8,

1120 1782 1149 1806 32
1163 1783 1184 1800 c.
1201 1782 1221 1799 11
1248 1771 1378 1806 Equidem
1399 1773 1485 1798 Patres
1507 1772 1673 1806 Conscripti,
1694 1780 1855 1807 quamquam
1877 1771 1928 1799 hoc
1942 1772 2045 1800 honore
2059 1776 2109 1807 vti,
2132 1784 2172 1804 to.

1119 1809 1172 1844 gati
1187 1810 1235 1835 esse
1249 1808 1340 1840 solent,
1361 1817 1442 1842 quum
1455 1808 1490 1834 est
1504 1808 1532 1833 in
1546 1808 1611 1842 sagis
1625 1807 1735 1834 ciuitas:
1771 1808 1849 1834 statui
1863 1815 1950 1834 tamen
1964 1818 1978 1835 a
1992 1810 2080 1844 vobis,
2089 1820 2173 1840 caete-

1119 1846 1210 1880 risque
1225 1845 1329 1871 ciuibus
1342 1844 1451 1871 intanta
1464 1843 1603 1871 atrocitate
1616 1844 1755 1878 temporis,
1764 1850 1887 1878 tantaque
1900 1845 2101 1878 perturbatione
2111 1849 2173 1876 Rei.

1121 1882 1194 1916 publ.
1209 1890 1263 1907 non
1278 1880 1385 1907 differre
1397 1880 1501 1906 vestitu.
1541 1880 1604 1906 Non
1620 1880 1655 1906 ita
1671 1888 1718 1905 nos
1731 1880 1849 1914 gerimus
1864 1879 1914 1906 hoc
1923 1880 1993 1907 bello
2002 1883 2172 1918 Consulares,

1120 1925 1148 1944 vt
1161 1926 1249 1951 aequo
1268 1917 1359 1944 animo
1383 1917 1445 1951 Pop.
1460 1917 1537 1942 Rom.
1555 1916 1661 1943 visurus
1674 1915 1702 1941 sit
1715 1915 1798 1942 nostri
1812 1915 1924 1942 honoris
1938 1917 2058 1951 insignia.
2131 1923 2171 1949 Ad

1118 1954 1177 1988 saga
1192 1954 1250 1985 ire,
1269 1959 1292 1978 et
1316 1952 1405 1979 redire
1423 1952 1455 1978 ad
1475 1958 1549 1986 togas
1579 1953 1636 1978 Cic.
1657 1951 1771 1985 Philipp.
1787 1960 1826 1983 14,
1841 1961 1856 1978 2
1870 1961 1891 1977 c.
1907 1961 1925 1978 1.
1997 1955 2071 1989 Corsf.
2097 1956 2172 1984 Idem

1120 1989 1189 2016 Phil.
1204 1998 1216 2022 5
1232 1999 1254 2015 c.
1271 1997 1305 2015 12.
1400 1988 1469 2014 Vell.
1484 1997 1509 2019 2,
1525 1990 1596 2020 16‚4.
1698 1987 1763 2013 Hor
1773 1987 1854 2021 Epod.
1864 1996 1889 2019 9.
1899 1993 1926 2018 28
1945 1988 2035 2016 Terra
2049 1993 2172 2027 marique

1120 2026 1207 2052 vietus
1222 2024 1301 2051 hostis
1315 2024 1415 2050 Punico
1431 2023 1555 2058 Lugubre
1568 2022 1682 2050 mutauit
1690 2024 1788 2055 sagum.
1866 2024 1971 2049 Sueton.
1981 2026 2097 2058 Augusto
2106 2037 2126 2053 c.
2136 2032 2170 2055 26

1121 2061 1295 2089 Consulatum
1308 2060 1434 2086 vicesimo
1448 2061 1540 2085 aetatis
1555 2068 1625 2085 anno
1642 2058 1736 2084 inuasit
1749 2069 1754 2082 :
1790 2057 1905 2084 admotis
1929 2057 2063 2086 hostiliter
2077 2063 2108 2088 ad
2128 2073 2171 2090 vr.

1121 2098 1181 2124 bem
1209 2096 1376 2131 legionibus,
1400 2095 1531 2128 miss'isque
1553 2094 1602 2127 qui
1628 2093 1675 2118 sibi
1703 2093 1813 2118 nomine
1836 2093 1966 2119 exereitus
1989 2095 2168 2129 deposcerent,

1121 2135 1212 2166 Quum
1227 2131 1336 2166 quidem
1352 2131 1489 2156 cunctante
1505 2130 1608 2160 Senatu,
1624 2128 1765 2154 Cornelius
1778 2129 1910 2154 Centurio
1926 2131 2046 2165 princeps
2062 2134 2171 2166 legatio-

1121 2171 1177 2197 nis,
1197 2167 1298 2193 reiecto
1312 2165 1420 2198 sagulo,
1439 2164 1576 2189 ostendens
1589 2163 1670 2198 gladii
1685 2164 1816 2197 capulum,
1836 2173 1889 2189 non
1903 2163 2042 2194 dubit-ilict
2056 2161 2170 2200 in⁸curia

1122 2204 1225 2233 dicere,
1247 2201 1297 2226 Hic
1319 2200 1414 2231 faciet,
1434 2199 1451 2225 fi
1473 2208 1525 2225 non
1544 2199 1661 2225 feceritis
1676 2208 1731 2225 νος.
1837 2200 1894 2226 Cic.
1910 2201 1987 2227 Vcrr.
2002 2211 2023 2234 ς,
2041 2212 2071 2235 93
2093 2206 2168 2236 'sum

1122 2238 1169 2263 isse
1183 2237 1311 2262 excitatus
1325 2235 1380 2261 exit
1397 2246 1404 2266 ;
1441 2235 1515 2261 audit
1529 2243 1585 2261 rem
1600 2243 1706 2260 omnem
1720 2241 1751 2259 ex
1764 2233 1960 2268 Timarchide,
1980 2237 2067 2272 sagum
2082 2242 2169 2271 (iuuit.

1120 2271 1195 2306 Cous.
1215 2271 1323 2298 Turneh.
1337 2270 1404 2297 Adu.
1420 2279 1441 2300 2,
1458 2274 1480 2296 6,
1555 2270 1721 2294 Humiliorum
1735 2272 1809 2295 etiam
1819 2289 1824 2298 ‚
1854 2280 2012 2307 erum-umque
2026 2274 2170 2314 wlffsson,

1123 2309 1164 2334 Sic
1179 2308 1246 2333 Cato
1261 2307 1290 2331 R.
1300 2306 1329 2332 R.
1339 2313 1371 2338 59
1389 2305 1517 2330 Familiae
1533 2304 1590 2338 saga
1604 2304 1713 2330 alternis
1727 2305 1803 2330 annis
1837 2310 1878 2331 ari
1890 2307 1964 2334 iubet.
2019 2304 2092 2338 (iusti
2105 2320 2170 2342 mim

1122 2344 1213 2376 Sagam
1225 2347 1377 2370 memorant,
1395 2340 1461 2366 nihil
1471 2338 1514 2373 ests
1530 2340 1641 2368 videtur.
1746 2340 1882 2368 Rusticum
1898 2343 1985 2377 sagum
2012 2335 2122 2377 tssieron,
2141 2352 2169 2379 in

1122 2377 1185 2402 Vita
1199 2375 1331 2402 Hilarion,
1345 2375 1392 2400 bis.
1498 2374 1630 2402 Grabatus
1655 2375 1701 2402 ille
1723 2385 1801 2402 verus
1823 2377 1869 2410 fit,
1888 2385 1914 2405 et
1934 2381 2038 2414 sagum,
2057 2391 2083 2410 et
2095 2389 2169 2419 pani,

1121 2411 1202 2437 durus
1222 2419 1251 2436 ac
1271 2409 1392 2436 sordidus
1418 2410 1475 2437 sen.
1491 2411 1536 2445 Ep.
1549 2410 1582 2441 ιε’.
1691 2412 1825 2439 Primores
1839 2415 1904 2448 sagis
1921 2416 2054 2451 velantur,
2075 2423 2169 2453 vultu„

1120 2447 1263 2472 bestiarum
1286 2445 1469 2480 pecudumque
1492 2446 1607 2481 pellibus
1635 2447 1718 2482 Pomp
1748 2449 1818 2475 Mela
1839 2460 1856 2482 1,
1872 2457 1884 2480 8
1906 2450 1935 2476 de
1951 2454 2032 2487 Afris
2044 2451 2160 2486 bai-bah,-

1120 2482 1251 2509 Columel.
1269 2490 1288 2514 t,
1298 2487 1346 2514 &9
1365 2483 1442 2516 Qiae
1457 2482 1548 2509 cuneta
1562 2482 1740 2517 prohibentur
1753 2485 1865 2517 pellibus
1878 2489 2033 2522 manicatis,
2051 2482 2169 2523 tentoni]

1119 2517 1168 2544 bus
1193 2518 1336 2549 confectis,
1356 2519 1398 2544 vel
1425 2518 1490 2552 sagis
1512 2516 1621 2545 cucullis
1636 2530 1641 2545 z
1659 2520 1734 2554 forte
1749 2522 1888 2549 cucullatis
1914 2525 1956 2549 hic
1979 2532 2003 2550 et
2028 2536 2066 2559 11,
2087 2540 2098 2555 1
2133 2541 2156 2559 2,

1118 2551 1139 2591 ff
1161 2563 1176 2580 2
1213 2554 1324 2588 Sagum,
1344 2551 1377 2587 est
1403 2557 1477 2580 etiam
1504 2556 1538 2581 Ve
1562 2558 1584 2581 is
1597 2553 1729 2592 stragulae
1751 2565 1841 2591 gemis,
1863 2568 1910 2585 non
1931 2560 2056 2595 diffimilis
2073 2551 2166 2595 alicio.

1120 2591 1190 2617 Suet.
1202 2590 1230 2616 in
1247 2589 1362 2616 Orh-c.2
1381 2590 1527 2617 Ferebatur
1545 2597 1571 2617 et
1589 2592 1679 2625 vagari
1704 2593 1829 2620 noctibus
1848 2595 1949 2628 solitus,
1973 2603 1998 2623 et
2018 2590 2168 2631 immistum}

1117 2634 1251 2660 quemque
1264 2626 1411 2652 obuiorum
1427 2626 1469 2652 vel
1484 2627 1652 2661 potulentum
1667 2628 1818 2662 corripere,
1838 2640 1867 2657 ac
1882 2631 1996 2660 distento
2010 2635 2071 2670 sago
2081 2639 2168 2673 impo.

1118 2662 1195 2690 situm
1209 2663 1237 2688 in
1251 2661 1363 2688 sublime
1377 2661 1486 2689 iactare.
1558 2663 1681 2690 Audieris
1703 2673 1762 2690 cum
1782 2667 1880 2700 grande
1901 2668 2011 2702 sophos,
2027 2680 2085 2699 cuin
2100 2674 2168 2704 bafia

1117 2705 1219 2732 captas,
1256 2697 1310 2724 Ibis
1330 2697 1363 2724 ab
1383 2699 1486 2724 excuffo
1500 2699 1588 2725 mimis
1601 2700 1629 2725 in
1641 2700 1706 2727 astra
1721 2701 1780 2735 sago
1803 2703 1917 2731 Martial.
1933 2714 1949 2737 1,
1959 2715 1982 2737 a,
1992 2714 2016 2740 7.
2054 2709 2095 2742 Est
2109 2711 2172 2739 illud

1116 2735 1171 2761 ludi
1182 2733 1346 2767 contumeliofi
1358 2743 1450 2770 genus,
1474 2734 1503 2760 de
1516 2743 1561 2770 quo
1574 2738 1629 2772 agit
1643 2737 1746 2762 Libanii
1759 2737 1884 2772 Sophislae
1899 2741 1990 2767 Oratio
2008 2745 2063 2778 περί
2076 2747 2109 2772 Tg
2123 2749 2169 2774 roe'-

1117 2781 1190 2799 πητος
1202 2777 1291 2796 contra
1302 2773 1411 2802 iuuenes,
1425 2773 1469 2806 qui
1482 2771 1528 2797 hoc
1541 2771 1648 2797 ludibrii
1658 2781 1746 2808 genere
1753 2773 1925 2811 paedagogum
1932 2776 2006 2811 fisum
2019 2779 2160 2812 effic-eram

1116 2806 1183 2832 Plin.
1205 2808 1231 2832 16
1251 2807 1298 2832 vlt.
1311 2805 1443 2841 adfinem,
1469 2805 1498 2832 de
1512 2806 1578 2842 visco
1598 2808 1715 2843 loquens,
1733 2808 1855 2836 Sacerdos
1869 2813 1978 2838 candida
1995 2816 2065 2842 veste
2082 2805 2169 2847 culm}

1115 2842 1239 2869 arborem
1259 2840 1371 2872 scandit,
1392 2841 1459 2868 falce
1482 2841 1606 2873 demetit,
1624 2843 1735 2870 candido
1756 2844 1784 2870 id
1797 2847 1931 2880 excipitur
1944 2849 2012 2882 sago,
2109 2855 2158 2882 Cic

1117 2878 1189 2904 Fam.
1205 2886 1232 2912 7,
1248 2886 1276 2904 ιο
1303 2876 1387 2903 Valde
1399 2884 1492 2904 metuo
1503 2896 1512 2909 ,
1545 2888 1577 2904 ne
1591 2879 1689 2914 frigeas
1709 2880 1736 2905 in
1755 2879 1876 2909 hibernis
1895 2893 1901 2908 .-
1937 2885 2112 2918 quamobrem
2127 2876 2167 2917 cai

1116 2914 1192 2940 mino
1206 2913 1340 2940 luculento
1354 2914 1482 2940 vtendum
1496 2916 1598 2941 censeo.
1671 2916 1744 2942 Idem
1759 2917 1851 2944 Mucio
1865 2925 1891 2945 et
1902 2919 2019 2947 Manilio
2038 2922 2157 2955 placebat

1118 2950 1272 2984 praesertim
1305 2949 1353 2984 qui
1379 2950 1445 2985 sagis
1477 2959 1532 2977 non
1562 2950 1709 2977 abundares
1724 2962 1729 2977 :
1765 2962 1926 2988 quamquain
1951 2965 1999 2983 vos
2021 2966 2091 2986 nunc
2108 2947 2166 2989 isti}

1117 2985 1177 3012 satis
1199 2985 1283 3012 calere
1313 2984 1405 3012 audin.
1522 2987 1561 3013 De
1583 2991 1732 3022 tegumentis
1743 2989 1769 3022 J]
1783 2994 1945 3025 coopertoriis
1959 3002 2086 3028 equorum,
2111 2999 2164 3025 vm-

1117 3022 1221 3058 Casaub.
1239 3021 1272 3047 ad
1290 3021 1435 3056 Capitolin.
1451 3021 1551 3048 Verum
1572 3025 1588 3048 6
1619 3023 1668 3049 Vbi
1682 3027 1705 3049 is
1719 3023 1821 3058 Equum
1838 3027 1901 3053 Veri
1917 3029 1981 3062 sagis
1996 3029 2060 3056 fuco
2075 3033 2165 3061 tinch,

1116 3063 1274 3092 coopertum
1286 3065 1411 3087 wnorar.
1449 3056 1513 3091 Saga
1526 3064 1553 3084 et
1567 3064 1690 3085 centones
1704 3059 1752 3084 sub
1766 3061 1835 3087 sellis
1850 3069 1875 3089 et
1889 3064 1982 3096 sagmis
2002 3066 2091 3099 Veget.
2107 3069 2165 3096 Mu.

1117 3093 1182 3120 lom,
1197 3102 1220 3126 2,
1234 3101 1275 3126 59,
1283 3102 1306 3120 2.
1348 3093 1413 3128 Vfics
1426 3102 1506 3119 eorum
1517 3103 1609 3128 quoque
1623 3093 1657 3125 cst
1670 3095 1704 3120 ad
1716 3096 1884 3130 “altfacr'enda
1897 3103 2020 3132 iumenta,
2035 3110 2063 3127 vr
2081 3105 2165 3132 vta'fre

1117 3130 1174 3155 licet
1187 3136 1227 3165 ap.
1242 3130 1335 3164 Veget.
1349 3129 1463 3156 Mulom.
1480 3138 1497 3158 ι,
1511 3139 1589 3163 42‚4.
1625 3133 1656 3156 it.
1671 3138 1690 3162 3,
1701 3139 1735 3163 ις,
1745 3134 1780 3157 16.
1890 3135 2011 3173 Dt’fhgt'ss
2025 3138 2071 3163 hm·
2087 3150 2165 3176 genus

913 3165 942 3189 Et
956 3164 1054 3190 Cento·
1078 3164 1186 3200 85plane
1199 3165 1301 3192 detritis
1315 3165 1424 3201 intelligi
1431 3163 1511 3200 potes?
1544 3166 1630 3192 Varro
1644 3164 1676 3191 de
1690 3167 1718 3192 L.
1734 3166 1762 3192 L.
1778 3175 1805 3200 4,
1819 3176 1847 3201 35
1862 3178 1885 3203 p,
1900 3179 1972 3205 40‚4
1996 3172 2166 3210 posteaquam

1115 3201 1272 3230 tranfierunt
1296 3201 1328 3228 ad
1351 3201 1477 3231 culcitas,
1499 3201 1571 3236 quod
1596 3201 1623 3227 in
1645 3209 1674 3228 ea
1700 3203 1798 3236 sagum,
1814 3211 1858 3230 aut
1872 3214 2035 3240 tomentum,
2055 3211 2165 3240 aliudue

1116 3237 1180 3271 quid
1195 3237 1337 3269 calcabant,
1351 3236 1384 3263 ab
1397 3236 1555 3263 inculcando
1570 3237 1664 3264 culcita
1679 3237 1756 3265 dieta,
1794 3239 1898 3274 Cumsit
1911 3246 1937 3268 in
1959 3245 2034 3270 libris
2052 3251 2165 3283 antiqua

1116 3273 1207 3308 sagus,
1225 3276 1364 3300 conticium
1386 3272 1444 3299 inde
1463 3273 1526 3300 scat.
1547 3280 1570 3299 et
1598 3274 1743 3303 Turnebus,
1761 3274 1889 3310 legendum
1910 3279 1981 3313 quod
2004 3280 2031 3306 in
2048 3290 2090 3308 eas
2105 3293 2165 3312 acus

1115 3316 1159 3336 etc.
1198 3311 1276 3342 Acus,
1290 3309 1384 3341 aceris,
1399 3319 1438 3335 res
1450 3310 1568 3335 culcitris
1580 3317 1649 3344 apta.
1686 3308 1733 3336 Sed
1744 3309 1837 3344 Sagum
1844 3313 1932 3348 struat
1947 3316 2083 3350 Scioppius,

1151 3352 1164 3372 s
1173 3352 1194 3372 A
1203 3351 1222 3371 G
1233 3352 1252 3371 O
1261 3352 1278 3372 C
1287 3353 1307 3372 Η
1318 3353 1334 3372 L
1348 3352 1370 3372 A
1382 3352 1407 3372 M
1421 3351 1439 3370 Υ
1451 3344 1542 3376 S,idi3.
1555 3346 1573 3371 f.
1616 3344 1702 3370 Vestis
1714 3347 1856 3379 compotita
1871 3357 1902 3375 ex
1918 3350 1984 3385 Sago
1998 3352 2120 3382 Romano
2139 3364 2164 3384 eg

1114 3380 1261 3412 Chlamyde
1274 3381 1433 3408 Graecanica
1458 3380 1544 3407 Treb,
1555 3380 1617 3409 Poll,
1633 3381 1660 3407 in
1668 3381 1760 3407 Claud.
1776 3390 1797 3408 c.
1814 3391 1851 3416 14·¹
2122 3376 2130 3389 ³

1152 3424 1165 3443 s
1175 3425 1195 3443 A
1207 3422 1228 3444 G
1240 3424 1260 3443 v
1269 3424 1282 3444 S
1291 3437 1297 3448 ,
1324 3419 1341 3445 i,
1359 3427 1392 3444 ιιι,
1437 3414 1582 3448 Vestimenta·
1593 3426 1678 3452 genus.
1716 3417 1815 3443 Ennius
1827 3418 1894 3452 apud
1906 3419 2009 3455 Non.3,
2021 3432 2069 3451 201
2091 3426 2162 3454 Ter-

1116 3461 1177 3487 gum
1192 3454 1263 3487 sagus
1290 3453 1394 3488 pinguis
1413 3458 1526 3486 operiat.
1635 3453 1702 3478 Cum
1717 3461 1803 3485 neque
1817 3461 1903 3488 aptam
1917 3455 2036 3486 humeris
2050 3461 2164 3491 fibulam

1115 3488 1204 3515 mollis
1220 3489 1292 3522 sagus
1309 3490 1391 3516 ferret
1410 3489 1497 3515 Varro
1513 3486 1579 3514 ibid.

1149 3530 1162 3550 ς
1171 3531 1191 3550 Α
1201 3530 1221 3550 G
1233 3524 1277 3551 x'L
1289 3532 1308 3550 v
1318 3532 1354 3557 M,
1367 3525 1385 3551 i.
1404 3533 1429 3550 n.
1449 3524 1550 3550 Dimin.
1587 3522 1661 3558 Qcod
1671 3522 1848 3556 indifferenter
1857 3527 1975 3563 profhgo
1984 3535 2047 3565 pons
2055 3532 2161 3561 videm„

1113 3560 1190 3594 Virg.
1202 3561 1263 3587 Aen,
1283 3566 1305 3591 8,
1319 3564 1372 3587 660
1391 3559 1508 3593 Virgatis
1524 3560 1612 3585 lucent
1628 3559 1730 3591 sagulis.
1835 3560 1906 3588 Caes.
1923 3563 1987 3591 Bell.
2002 3567 2069 3594 Gall.
2086 3579 2114 3601 ς,
2131 3580 2162 3604 4¹

1114 3595 1217 3622 Gladiis
1231 3597 1354 3631 caespites
1368 3596 1573 3625 circumcidere,
1592 3594 1730 3623 manibus,
1749 3594 1897 3631 sagulisque
1910 3606 2006 3627 terram
2020 3603 2167 3633 exhaurire

1114 3631 1285 3666 cogebantur.
1382 3631 1438 3658 Cic.
1454 3631 1481 3657 in
1491 3631 1575 3657 Pison.
1592 3639 1623 3663 54
1637 3639 1657 3655 c.
1672 3638 1699 3668 ⁴23
1718 3630 1844 3664 Togulae
1858 3633 2000 3662 liCtoribus
2013 3639 2044 3664 ad
2058 3647 2161 3673 ponam

1114 3667 1216 3701 praesto
1235 3668 1364 3694 suerunt:
1402 3665 1499 3701 quibus
1518 3666 1561 3692 illi
1580 3671 1692 3699 acceptis
1708 3684 1716 3697 ,
1742 3667 1829 3701 sagula
1849 3670 2015 3705 reiecerunt,
2036 3682 2061 3700 et
2081 3684 2162 3704 cater-

1851 3706 1969 3733 Germani
1987 3710 2052 3736 nudi
2065 3718 2110 3738 aut
2125 3714 2161 3740 sa-

1115 3738 1177 3773 gulo
1192 3739 1263 3766 leues
1283 3739 1351 3767 Tac.
1365 3740 1455 3765 Germ.
1470 3740 1496 3770 6,
1511 3747 1532 3770 3.
1649 3737 1696 3763 Sil.
1711 3745 1744 3769 17,
1759 3746 1808 3773 327

1309 3774 1391 3802 Addit
1405 3774 1572 3808 clipeumque
1591 3771 1666 3798 iubas
1688 3781 1719 3799 ue
1738 3773 1863 3802 Romulei
1878 3776 1966 3810 ducis,

1311 3812 1398 3845 Atque
1411 3809 1529 3835 humeris
1548 3808 1663 3843 imponit
1698 3817 1809 3836 onorem

1314 3845 1449 3881 Fulgentis
1464 3843 1555 3879 saguli.
1609 3845 1815 3880 [paludamenti.

1064 3906 1109 3932 ως
1117 3880 1157 3910 Sic
1168 3884 1243 3909 etiam
1263 3891 1296 3917 4,
1306 3892 1351 3917 519
1381 3883 1556 3915 Humeroque
1571 3880 1683 3916 refulget
1697 3881 1838 3916 Sanguinei
1850 3883 1965 3917 patrium
1978 3886 2059 3920 saguli
2074 3887 2158 3914 decus.

1418 3917 1439 3943 L
1463 3916 1471 3942 Ι
2097 3925 2159 3950 Rur-
