2434 4156
261 124 316 161 ‚71
631 103 922 162 1<on
1738 105 1985 149 RES
2312 123 2373 162 172

261 205 318 224 “re
345 192 520 226 voluptatem,
536 197 614 226 atquc
634 192 666 219 ad
689 192 765 219 beate
787 192 931 219 viuendum
950 193 975 218 se
995 193 1048 228 ipsa
1072 192 1120 219 esse
1133 194 1288 217 contentam.
1355 195 1492 228 nugatoria
1506 194 1537 222 ad
1557 193 1738 229 probandum,
1757 193 1809 220 vid.
1830 194 2003 223 1NF1RMVS.
2096 197 2176 225 Ouid.
2189 198 2280 224 Amor.
2289 203 2337 231 1,8,
2345 201 2377 228 62

260 228 419 261 Requirere,
437 235 484 262 pro
500 228 642 262 Desidet-are
654 228 718 262 quod
731 238 777 253 non
792 227 865 260 adesi.
937 228 991 254 Cic.
1006 238 1052 262 pro
1067 229 1134 260 Lege
1147 226 1242 265 .M²¹¹.¹³¹·
1257 234 1290 258 34
1360 230 1442 256 Crede
1457 230 1539 262 mihi,
1557 239 1597 257 res
1611 230 1646 256 est
1661 230 1795 264 Ingeniosa
1808 228 1877 255 dare.
1990 231 2113 266 Inquisita
2129 239 2155 259 et
2168 238 2308 266 comperta,
2325 234 2377 262 vid.

260 262 362 295 Qubus
381 263 490 296 aminis,
507 270 533 289 et
553 264 622 297 pacis
643 270 811 294 ornamenta,
832 269 857 288 et
870 262 980 289 subsidia
993 263 1057 289 belli
1079 267 1227 295 requiretis.
1263 261 1290 286 de
1359 270 1509 303 INvaRo.
1581 266 1713 292 Insolitam
1727 274 1783 292 rem
1794 270 1930 299 apportare
1941 268 2059 298 auribus,
2078 268 2181 302 Referre
2199 267 2293 303 aliquid
2311 270 2380 296 inau-

261 295 438 333 Veffigalibus.
532 300 603 325 Idem
617 299 687 324 Fam.
701 301 725 330 6,
741 301 756 323 6
782 300 889 328 Vereor,
902 307 934 324 ne
947 298 1082 324 literarum
1094 305 1108 335 ⁸,
1120 305 1161 321 me
1173 294 1291 323 officium
1357 299 1434 326 ditum
1447 308 1519 327 antea
1539 302 1641 327 Lucret.
1654 308 1677 333 ς,
1692 310 1740 327 ιοι.
1811 300 1961 332 Inuidiosa,
1978 303 2030 328 vid.
2047 309 2192 328 lNVIDEO.
2246 303 2378 331 Inuolutae

256 332 385 365 requiras.
458 335 524 359 Nam
532 335 611 369 supra
624 333 739 364 diacrat,
760 335 913 365 Vercor,ne
926 333 1050 360 delideres
1064 331 1179 357 officium
1192 339 1288 357 meum.
1314 344 1328 369 5
1357 341 1382 360 et
1398 335 1512 362 occultae
1524 345 1579 367 res,
1598 336 1649 362 vni.
1670 342 1798 363 1NvoLv
1807 342 1836 362 o.
1920 336 1976 362 Cic.
1988 338 2042 364 Att.
2056 347 2083 371 4,
2098 345 2122 370 ις
2139 337 2182 365 Est
2194 337 2265 363 enim
2277 346 2315 364 res
2327 339 2378 366 Lu-

256 367 330 393 Idem
343 368 370 394 in
383 369 469 395 Parad.
485 377 494 394 1
519 370 548 394 In
563 377 616 402 quo
628 368 752 402 equidem
767 368 1041 395 continentiffimornm
1056 366 1194 392 hominum
1207 367 1289 392 maio·
1356 370 1465 396 culenta.
1537 371 1649 398 Ludicra
1668 372 1735 398 Hor.
1749 371 1826 406 Epist.
1839 379 1863 402 2,
1876 378 1895 403 1,
1908 374 1961 400 180.
2066 372 2216 399 Manifestus
2239 368 2327 399 con'tra
2338 383 2377 401 re:

257 411 317 429 rum
330 404 477 430 nostrorum
493 403 656 437 prudentiam
669 403 786 437 requiro.
894 404 948 430 Cic.
963 404 994 429 de
1008 400 1104 429 Senect.
1117 409 1147 434 50
1167 402 1288 435 Denique
1355 411 1380 429 et
1396 414 1469 432 veras
1482 414 1626 440 repugnare
1646 407 1749 433 Lucret.
1763 416 1783 440 3,
1797 414 1851 439 354.
1941 406 2116 434 Manifestaria
2129 417 2170 434 res
2184 407 2234 438 est,
2268 408 2379 435 Medica-

259 438 310 464 isto
331 438 403 465 bono
425 446 498 465 vtarc
524 439 586 464 dum
608 438 690 464 adiit:
728 447 808 472 quum
827 438 906 471 abiit,
926 448 958 464 ne
979 437 1116 472 requiras:
1151 437 1199 463 nisi
1217 438 1287 463 forte
1351 439 1458 473 tiss'ima‚
1493 442 1597 468 Missiles
1610 452 1660 475 res,
1681 442 1733 468 vid.
1754 443 1847 470 hh.vv,
1918 440 2026 468 Molesta
2038 449 2063 469 et
2075 443 2166 469 odiosa
2182 441 2378 477 Qiin&1l.5,13.

258 473 449 505 adolescentes,
468 474 620 507 pueritiam:
656 473 771 507 paullum
782 480 864 500 aetate
878 474 1014 508 progressi,
1035 471 1232 499 adolescentiam
1246 471 1287 497 de·
1355 474 1492 502 Naturales
1505 486 1544 503 res
1570 478 1637 504 Cels.
1656 487 1664 504 1
1678 477 1759 512 praef.
1865 477 1920 503 Nec
1933 476 2053 509 opinata,
2087 478 2250 512 Negotiosa‚
2285 477 2378 506 Nouae

260 508 339 535 beant
352 511 494 543 requirere.
566 510 632 535 Plin.
646 508 724 542 Epist.
740 518 760 541 a,
774 519 797 541 7,
813 511 828 535 6
849 510 943 535 Amani
958 511 1081 534 iuuenem
1094 513 1146 534 tam
1159 508 1289 539 ardenter,
1308 521 1336 539 10
1355 517 1411 540 res,
1444 511 1498 537 vid.
1516 512 1558 538 hh.
1576 522 1618 539 υυ.
1688 513 1782 540 Nudae
1796 517 1872 546 atque
1885 513 2019 538 inornatae
2037 513 2164 546 Qine'til.
2178 521 2200 544 2,
2216 522 2244 546 4·
2323 513 2378 541 Cic.

260 553 338 578 quam
353 554 419 570 nunc
434 545 600 579 impatienter
613 545 731 576 requiro.
803 544 870 570 Idem
878 545 936 580 fere
948 542 979 575 est
993 542 1057 577 quod
1067 543 1179 578 inuisere.
1217 543 1291 568 Infir-
1357 544 1408 576 Q.
1421 545 1490 572 Frat.
1503 555 1526 578 3,
1539 557 1551 577 ς
1572 548 1622 574 Res
1635 549 1743 582 operosa
1758 548 1803 580 est,
1816 554 1841 574 et
1852 547 1980 577 hominis,
2000 554 2044 573 etc.
2148 549 2207 575 Otii
2219 547 2327 581 plurimi
2340 557 2379 576 reu

260 589 317 606 mos
332 580 449 611 visitate,
468 587 586 606 mortuos
599 579 704 612 sepelite
714 597 720 609 ‚
740 579 768 604 in
779 588 882 606 carcere
895 579 989 614 pofltos
1002 578 1143 611 requirite,
1161 585 1186 605 et
1199 579 1230 604 de
1245 578 1290 604 bo·
1357 579 1412 605 Cic.
1428 581 1480 607 Att.
1493 591 1522 614 4,
1536 584 1570 608 16.
1660 584 1767 615 otiosa,
1786 583 1838 610 vid.
1855 588 2011 614 OTlosvs‚
2025 585 2053 607 in
2073 588 2198 610 oT1VM.
2301 583 2381 612 Paru-

260 615 302 641 nis
315 615 405 641 vestris
419 615 563 641 ministrate
583 615 667 640 Anon.
682 614 766 640 editus
779 624 837 640 cum
852 613 987 640 Gennadio
995 613 1180 640 Elmenhorstii
1194 623 1219 648 p.
1234 622 1273 646 52.
1358 622 1398 640 res
1417 615 1490 648 Virg.
1504 617 1557 643 Ecl.
1571 626 1594 649 3,
1607 625 1648 650 54.
1719 618 1858 650 Penfitata,
1878 618 1930 644 vid,
1952 623 2007 643 PEN
2014 623 2058 644 so.
2127 618 2245 644 Per-ditae
2257 626 2297 644 res
2325 619 2383 646 Cic¹

296 657 395 688 REQV
406 658 414 675 1
425 657 437 676 s
448 658 456 676 1
466 656 486 675 ‘r
498 656 516 675 v
527 656 550 682 s,
563 658 587 681 a,
603 659 657 675 um.
711 650 841 682 Quinctil.
857 659 886 680 11,
898 659 926 681 ε,
940 656 958 682 7
1001 649 1073 682 Qiid
1106 650 1177 683 quod
1211 658 1288 683 quae·
1357 650 1427 675 Fam.
1442 652 1468 681 6,
1482 659 1500 677 1.
1571 653 1716 680 Periculosa
1730 663 1782 680 res:
1801 654 1857 679 Cic.
1872 653 1950 679 Acad.
1963 661 1990 685 4,
2003 656 2033 682 68
2053 652 2084 678 In
2096 654 2206 688 magnis,
2220 652 2378 680 Periculosiu-

262 685 322 712 dam
337 685 459 719 requisita
474 685 549 718 (cum
563 686 735 720 quaeruntur)
751 685 775 710 se
788 685 933 715 occultant,
955 689 980 710 et
998 684 1088 710 eadem
1109 685 1179 711 forte
1192 685 1291 710 suceur-
1313 700 1337 721 15
1358 693 1408 717 que
1421 685 1506 716 rebus,
1520 693 1564 713 etc.
1633 689 1800 716 perturbatae
1813 697 1853 715 res
1872 688 1928 715 Cic.
1943 689 2012 715 fam,
2028 689 2054 720 6,
2067 690 2091 713 6.
2171 688 2292 715 Ridicula
2305 694 2330 714 et
2343 689 2380 715 io.

261 727 331 748 runt.
368 720 396 746 de
409 722 531 746 memoria.
624 719 714 746 lustin.
730 728 750 751 1,
764 723 788 751 6,
803 729 813 751 3
835 718 966 752 Requiflta
978 720 1065 754 origo.
1168 718 1294 752 substant.
1358 721 1416 746 cosa
1436 720 1521 747 Catul.
1534 722 1564 748 ad
1577 723 1704 750 Catonem
1716 725 1735 750 s.
1752 734 1794 758 54,
1809 732 1828 750 1.
1916 724 1991 750 Salua
2005 732 2043 750 res
2057 723 2093 748 est
2109 723 2176 751 Ter.
2190 725 2254 750 Eun.
2268 732 2290 754 2,
2303 731 2329 757 2,
2341 731 2380 759 37.

261 756 302 782 Ad
317 756 438 789 requisita
452 755 606 789 respondere
624 755 753 789 Quinctil.
767 760 779 784 8
796 763 958 788 prooem.3o.
993 755 1039 781 Sed
1046 755 1164 790 uid.quae
1176 755 1211 781 ibi
1223 761 1292 780 nota·
1357 755 1521 788 singularum
1533 765 1621 784 rerum
1636 758 1749 794 singulae
1761 759 1932 795 proprietates
1946 760 2006 785 sunt
2026 758 2080 784 Cic.
2094 758 2170 785 Acad.
2182 768 2200 792 4
2214 768 2236 785 e.
2250 764 2284 789 18.
2324 759 2380 786 Sua.

260 795 349 817 vimus.
418 790 474 816 Post
489 790 641 823 requifitum
653 790 797 822 etiam,nifi
806 789 936 815 eiusmodi
948 790 1006 817 esset
1020 791 1104 816 visum
1118 799 1220 821 verum,
1228 798 1290 824 qua-
1358 799 1403 816 ves
1422 791 1487 816 Hor.
1502 791 1581 818 Serm.
1592 801 1618 825 2,
1632 798 1656 825 8,
1668 803 1710 827 92.
1781 795 1905 826 Testata‚
1921 794 1975 820 vid.
1994 799 2128 820 TESTOR.
2199 793 2380 822 Turbulentae

262 826 286 852 le
300 826 393 852 falsum
420 826 476 851 Cic.
493 825 568 851 Acad.
582 834 609 858 4,
624 833 659 860 77
674 835 695 851 e.
710 834 750 857 24.
832 824 970 851 Discedere
982 825 1013 852 ad
1028 825 1159 859 Requiiita
1174 832 1291 857 naturae,
1359 834 1399 852 res
1438 826 1494 851 Cic.
1525 827 1596 853 Fam.
1629 837 1655 860 9,
1685 837 1704 855 1.
1773 830 1860 857 Rebus
1886 830 2013 856 Venereis
2044 829 2146 855 deditus
2183 829 2252 864 Nep.
2270 836 2298 863 7,
2313 837 2344 859 ιι,
2355 838 2381 863 4.

262 861 329 887 dixit
343 860 474 887 Sallustius
481 867 529 896 per
540 860 709 895 periphrafin,
728 866 757 885 vt
771 865 840 886 notat
860 860 988 893 Qiinffil-
1002 867 1025 893 8,
1040 865 1062 892 6,
1076 870 1106 893 59
1128 862 1178 887 P1'0
1193 861 1291 886 Exone·
1306 869 1340 886 20
1358 859 1379 896 ff
1399 870 1410 892 3
1450 861 1580 888 Verborum
1587 862 1714 898 formulae
1726 874 1734 888 .·
1768 864 1904 891 Abducere
1917 874 1931 891 a
1943 874 1971 891 re
1985 865 2072 899 aliqua
2084 864 2115 891 ad
2127 864 2222 897 aliam,
2262 864 2343 891 Abire
2354 865 2382 892 in

262 905 320 923 rare
333 895 430 921 aluum.
503 895 542 921 Ad
562 895 683 928 requisita
703 900 811 921 naturae
825 894 958 923 discedere
989 897 1116 930 Spartian.
1129 897 1158 922 in
1172 897 1232 923 Ant.
1245 896 1292 922 Ca·
1358 905 1415 923 rem
1428 896 1558 931 aliquam,
1577 898 1629 924 vid.
1641 899 1682 925 hh.
1695 909 1739 925 υυ.
1803 891 1862 927 ‘Cic
1876 901 1928 927 Att.
1937 908 1963 934 7,
1976 909 1988 932 3
2009 900 2082 933 Quin
2095 909 2163 926 nunc
2175 900 2259 933 ipsum
2273 908 2326 925 non
2337 898 2382 926 du-

261 940 313 958 rac.
327 940 348 956 c.
362 933 386 957 6.
457 930 524 957 Add.
538 930 613 964 Vulg.
627 930 769 955 Dei-teron.
784 938 819 962 23,
833 939 866 958 12.
1359 932 1417 958 bito
1431 941 1485 957 rem
1498 939 1594 959 tantam
1607 933 1738 960 Abiicere.
1841 935 2005 969 Abrumpere
2024 944 2056 961 ex
2069 944 2099 962 re
2110 935 2212 969 aliqua,
2247 934 2383 962 Abstinere

298 972 397 1003 RI-th
408 971 550 997 181T10,
564 966 629 992 onis.
647 965 667 991 f.
705 964 771 992 Geli.
803 971 845 998 ιε,
866 975 882 993 2
915 966 1048 993 Historiae
1070 965 1229 1000 antiquioris
1255 974 1294 992 re·
1359 967 1437 993 rebus
1450 967 1571 1000 vrbanis,
1606 968 1695 996 Abeffe
1709 977 1750 996 res
1763 970 1884 1003 videtur,
1903 970 1994 1004 via.ſj;
2009 972 2035 997 ll.
2130 970 2274 997 Absumere
2285 970 2384 1004 aliquot

260 1000 378 1036 quisitio.
466 1032 469 1038 ¹
1360 1001 1415 1028 dies
1430 1002 1534 1036 frigidis
1547 1003 1626 1030 rebus
1642 1005 1707 1030 Plin.
1721 1005 1799 1039 Epist.
1812 1014 1831 1036 1,
1845 1015 1870 1038 9.
1938 1006 2077 1033 Abundare
2089 1005 2117 1032 in
2130 1015 2159 1032 re
2171 1006 2275 1040 aliqua,
2309 1007 2385 1032 Acce-

297 1042 316 1074 R.
326 1042 341 1061 E
351 1041 400 1073 Qv
409 1037 466 1075 1³11}
477 1039 535 1066 TO,
549 1037 601 1061 are.
626 1034 765 1075 Frequent.
802 1035 998 1072 [ἐναξητῐμιιι]
1033 1035 1263 1072 Plaut.Most.4,3‚
1273 1044 1295 1063 11
1313 1043 1342 1070 25
1360 1037 1422 1064 dere
1435 1038 1515 1064 alicui
1527 1039 1584 1071 rei,
1618 1040 1744 1074 Accipere
1757 1040 1790 1066 ab
1803 1041 1894 1076 aliquo
1906 1049 1961 1067 rem
1974 1042 2104 1076 aliquam,
2138 1040 2341 1068 Aecommodare
2355 1041 2383 1068 in

261 1069 335 1103 Qud
346 1076 374 1096 tu
387 1070 486 1096 otiosus
501 1078 542 1096 res
558 1078 639 1097 nouas
658 1071 817 1106 requiritas3
1360 1081 1417 1099 rem
1431 1074 1561 1108 aliquam,
1597 1076 1765 1110 Aequiescere
1777 1076 1856 1103 alicui
1869 1076 1924 1108 rei,
1959 1077 2012 1103 vid.
2024 1076 2058 1110 ſj:
2076 1078 2103 1103 ll.
2186 1076 2290 1103 Addere
2301 1076 2384 1102 nomi-

1359 1116 1392 1134 na
1405 1108 1484 1135 rebus
1504 1109 1583 1136 Ouid.
1596 1111 1658 1137 Met.
1672 1121 1693 1144 ς,
1706 1119 1757 1144 5²5-
1862 1111 1999 1139 Adducere
2010 1121 2066 1139 rem
2080 1113 2108 1138 in
2119 1111 2222 1143 locum,
2250 1112 2292 1138 vei
2307 1111 2386 1140 dedu-

646 1144 673 1176 R
782 1144 809 1175 E
910 1145 938 1177 R
1359 1152 1420 1170 cere
1440 1145 1496 1171 Cic.
1511 1146 1581 1172 Fam.
1597 1147 1635 1178 16,
1650 1154 1676 1173 12
1685 1154 1726 1181 pr.
1795 1146 1930 1174 Adducere
1943 1155 1999 1173 rem
2012 1148 2040 1174 in
2053 1148 2191 1175 discrimen
2209 1147 2265 1174 Cic.
2280 1148 2349 1173 Fam.
2361 1154 2385 1180 ς,

1359 1188 1392 1205 21.
1463 1179 1598 1207 Adhibere
1611 1181 1688 1209 rebus
1700 1182 1848 1208 cautionem
1868 1182 1940 1209 Idem
1948 1183 2000 1210 Att.
2014 1191 2034 1216 1,
2047 1187 2083 1210 16.
2155 1184 2239 1218 Agere
2252 1183 2314 1209 alias
2336 1190 2386 1216 res,

297 1216 318 1238 R
328 1217 345 1237 E
354 1217 372 1237 R
381 1217 401 1236 Ο
411 1216 431 1237 G
443 1216 476 1243 o,
490 1214 543 1239 are.
580 1212 695 1246 Quiduis
708 1221 780 1247 roga,
791 1222 883 1248 reroga
907 1214 988 1241 Plaut.
1001 1214 1097 1248 Amph.
1110 1223 1134 1247 2,
1147 1223 1170 1247 2,
1183 1216 1219 1249 76
1234 1215 1296 1249 legit
1309 1225 1340 1250 30
1357 1218 1388 1241 it.
1408 1215 1458 1241 Res
1471 1216 1587 1250 aliquas,
1607 1217 1661 1243 vid.
1682 1224 1758 1244 AGO.
1827 1217 1894 1245 Ter.
1909 1219 1972 1244 Hec.
1985 1226 2008 1251 ς,
2020 1226 2069 1253 2‚7
2089 1219 2160 1245 Haec
2175 1227 2215 1245 res
2229 1218 2271 1244 hic
2285 1218 2384 1252 agitur,

260 1247 364 1278 Parem,
376 1247 399 1272 h.
413 1255 432 1272 e.
446 1250 534 1273 iterum
546 1257 614 1284 roga,
628 1251 720 1283 quoties
732 1252 772 1275 vis
785 1259 845 1285 roga
858 1260 865 1274 :
901 1256 930 1276 vt
948 1253 975 1276 in
995 1251 1054 1276 Vct.
1074 1251 1184 1284 Interpr.
1200 1251 1295 1276 Iesaiae
1359 1250 1511 1285 Pamphilo,
1528 1261 1561 1278 ne
1580 1252 1664 1278 facere
1683 1258 1712 1279 vt
1724 1252 1813 1279 redeat
1826 1262 1909 1285 vxor,
1924 1255 2037 1288 Oportet
2050 1265 2056 1280 :
2090 1263 2113 1289 q.
2127 1254 2150 1280 d.
2169 1254 2227 1280 hacc
2234 1254 2330 1289 flamma
2344 1251 2387 1284 qli,

260 1287 299 1321 28,
312 1290 334 1313 13
355 1281 449 1307 Manda
463 1283 603 1316 remanda,
619 1283 738 1318 exspe&a
750 1284 907 1320 reexspetih.
959 1285 1007 1313 Sed
1024 1285 1107 1313 editur
1118 1284 1199 1318 reste,
1221 1285 1294 1318 Qud
1357 1289 1385 1312 in
1398 1286 1442 1313 hoc
1456 1286 1570 1322 versatur
1581 1287 1656 1313 cardo
1668 1291 1768 1323 negotii.
1874 1288 1948 1315 Cedit
1962 1290 2002 1316 illi
2014 1298 2071 1321 res,
2105 1290 2228 1323 Cogitate
2240 1298 2294 1315 rem
2307 1288 2387 1315 aliam

260 1325 301 1343 vis
317 1324 411 1350 rogare
425 1317 435 1341 Ξ
471 1325 543 1351 roga.
1358 1330 1389 1348 ex
1403 1322 1472 1354 alia,
1505 1321 1634 1348 Conferre
1645 1330 1700 1348 rem
1713 1323 1741 1348 in
1753 1331 1848 1356 pauca,
1881 1324 2035 1350 Consolatur
2049 1332 2090 1350 me
2102 1323 2165 1350 haee
2178 1334 2234 1355 res,
2275 1325 2386 1350 Damna—

1359 1363 1400 1383 tus
1414 1357 1453 1383 rei
1467 1357 1582 1391 capitalis
1592 1377 1599 1388 ‚
1622 1357 1674 1383 vid.
1687 1357 1729 1384 hb.
1741 1365 1784 1382 vv.
1869 1357 2001 1383 Deducere
2014 1367 2070 1384 rem
2084 1359 2175 1393 aliquo
2194 1360 2260 1386 Hor.
2275 1360 2354 1385 Serui.
2368 1366 2390 1390 ι.

637 1390 665 1422 R
766 1391 794 1421 E
889 1392 909 1422 S
1311 1404 1339 1430 35
1360 1401 1380 1425 1,
1394 1400 1427 1426 ις.
1497 1392 1615 1419 Βεάιιόῐει
1627 1392 1662 1418 est
1675 1401 1707 1418 eo
1721 1400 1777 1423 res,
1812 1391 1949 1417 Deducere
1959 1400 2017 1417 rem
2029 1391 2142 1425 aliquam
2154 1395 2182 1418 in
2196 1394 2308 1420 diuersas
2329 1402 2386 1427 par·

421 1458 425 1461 ,
1360 1434 1411 1458 tes,
1428 1427 1481 1454 vid.
1488 1427 1522 1461 ,ΠΣ
1535 1428 1562 1454 Il.
1634 1427 1745 1454 Deferre
1759 1435 1813 1453 rem
1828 1426 1861 1452 ad
1874 1426 1988 1460 aliquem
1997 1445 2005 1456 ‚
2025 1428 2065 1452 vel
2073 1427 2149 1451 αΙιειιί
2159 1431 2305 1455 committere
2330 1429 2389 1456 Cic.

296 1464 316 1484 R
326 1463 342 1483 E
352 1463 375 1490 S,
388 1466 438 1484 rei.
468 1458 487 1485 f.
523 1458 536 1492 [
543 1459 648 1493 χρῆμα,
661 1459 761 1494 ημέγοε,
773 1459 878 1494 πρᾶγμα
891 1460 904 1494 ]
941 1459 1082 1487 Gemi-alem
1094 1459 1297 1497 babetfigvtffica-
1360 1463 1431 1488 Fam.
1447 1471 1468 1494 1,
1481 1468 1503 1492 8.
1572 1462 1671 1488 Differe
1683 1471 1740 1489 rem
1760 1461 1832 1488 Idem
1846 1461 1911 1488 ibid.
1928 1464 2008 1492 10,16.
2077 1460 2197 1486 Diminui
2207 1469 2263 1488 rem
2276 1464 2389 1490 familia.

259 1495 364 1527 tionem,
382 1500 410 1519 vt
432 1494 620 1528 compleffatur,
641 1495 762 1530 quidquid
774 1504 875 1530 osquam
888 1493 920 1527 cst
934 1494 1026 1529 velcffe
1039 1496 1158 1523 videtur:
1194 1505 1237 1522 nec
1258 1497 1298 1523 ab·
1361 1505 1431 1526 rem,
1448 1498 1488 1522 vel
1510 1497 1548 1523 Re
1569 1497 1694 1529 familiari
1716 1497 1862 1523 comminui
1890 1498 1945 1523 Cic.
1965 1497 2018 1523 Att.
2037 1505 2065 1530 4,
2083 1505 2103 1527 3.
2173 1497 2205 1521 Et
2220 1497 2289 1524 Fam.
2305 1506 2335 1528 ιι,
2348 1503 2388 1529 28.

253 1528 331 1564 Jizrde
354 1528 440 1554 deduci
473 1529 550 1564 ipfiaem
567 1539 651 1555 ’tomen
676 1530 775 1556 videtur
795 1540 810 1556 a
834 1532 877 1565 55}oe
898 1530 968 1563 dico,
1009 1538 1038 1557 ut
1061 1531 1099 1565 Jit
1129 1532 1197 1557 velut
1224 1532 1296 1566 ῥῆσις.
1362 1531 1486 1565 Dislipare
1501 1540 1557 1558 rem
1568 1531 1726 1558 familiarem
1745 1533 1801 1558 Cic.
1815 1533 1886 1558 Fam.
1901 1542 1928 1565 4,
1941 1539 1967 1566 7.
2071 1531 2125 1556 Effe
2139 1539 2194 1556 rem
2207 1531 2233 1557 in
2245 1538 2315 1559 motu
2331 1534 2383 1561 Cic.

260 1564 329 1590 Certe
347 1567 384 1590 ita
402 1573 453 1593 *in-1
473 1566 616 1591 libr-acorum
637 1571 660 1591 et
676 1566 746 1600 ῥῆμα
760 1565 812 1599 (ab
829 1565 907 1591 eodem
918 1566 984 1600 ρέω)
1005 1567 1168 1598 Graecorum,
1186 1572 1209 1592 et
1220 1566 1295 1602 forte
1314 1573 1351 1597 40
1361 1568 1413 1600 Q1.
1426 1567 1496 1593 Frat.
1532 1587 1538 1593 .
1577 1586 1583 1593 .
1622 1586 1628 1592 .
1697 1568 1736 1593 Ita
1746 1576 1787 1593 res
1800 1568 1875 1599 Erat,
1895 1566 2045 1593 faciundum
2058 1566 2110 1592 fuit
2131 1566 2198 1592 Ter.
2211 1567 2272 1594 Eun.
2281 1577 2300 1600 1,
2312 1576 2379 1603 2‚17.

259 1603 433 1630 Germanorum
445 1602 534 1635 Sat-he,
548 1612 563 1629 α
576 1603 658 1636 Sagen
674 1603 828 1630 deriuamur.
863 1604 913 1630 Res
928 1602 959 1636 est
972 1604 1092 1640 quidquid
1102 1602 1179 1640 potest
1192 1605 1231 1631 vc!
1238 1604 1295 1640 suh.
1359 1602 1413 1627 Effe
1426 1611 1482 1628 rem
1496 1602 1524 1628 in
1537 1603 1643 1636 integro
1661 1601 1716 1628 Cic.
1729 1602 1800 1628 Fam.
1813 1610 1834 1634 ς,
1849 1610 1888 1627 20.
1957 1602 2010 1628 Effe
2022 1610 2078 1628 rem
2091 1601 2161 1634 loce,
2169 1600 2195 1627 id
2207 1602 2240 1628 est
2251 1603 2311 1630 statu
2325 1604 2379 1630 Cic.

259 1637 349 1663 ioelum
361 1641 401 1664 vel
407 1638 579 1674 praedicatum
591 1638 633 1671 effi
645 1642 834 1665 enunciationis.
919 1640 968 1665 Res
982 1647 1010 1666 vt
1024 1641 1103 1667 Caius
1115 1642 1198 1675 inquit
1210 1648 1237 1666 in
1251 1640 1267 1666 Ι.
1284 1648 1294 1666 ι
1358 1637 1378 1663 F
1380 1645 1430 1663 am.
1445 1646 1480 1668 12,
1517 1656 1524 1663 .
1561 1657 1568 1663 .
1638 1638 1793 1671 Exasperare
1805 1646 1861 1663 rem
1874 1636 1964 1664 verbis
1983 1636 2109 1669 Quinctii.
2122 1645 2149 1669 4,
2163 1645 2184 1663 2.
2251 1638 2380 1672 Exponerc

260 1674 294 1698 D.
310 1673 341 1699 de
354 1681 441 1700 rerum
457 1673 601 1705 diuisione,
620 1674 672 1700 siue
685 1674 847 1708 corporalia,
866 1674 919 1701 fiue
933 1675 1109 1710 incorporalia
1125 1675 1295 1710 comprehen-
1359 1681 1416 1699 rem
1432 1673 1521 1699 verbis
1540 1673 1643 1699 Lucret.
1657 1682 1676 1707 1,
1690 1678 1740 1705 833.
1821 1673 1915 1699 Facere
1927 1681 1982 1699 rem
1998 1672 2116 1699 diuinam
2128 1672 2208 1698 alicui
2222 1672 2268 1699 deo
2281 1674 2336 1700 [ic.
2348 1674 2382 1701 de

258 1708 307 1734 dit.
343 1709 500 1742 Corporales
512 1717 552 1735 res
567 1710 636 1740 sunt,
644 1718 711 1742 quae
723 1710 793 1743 tangi
808 1710 917 1743 possunt,
926 1717 954 1736 vt
966 1710 1078 1743 fundus,
1092 1710 1173 1737 homo
1182 1730 1190 1743 ,
1203 1710 1294 1736 vestis:
1361 1708 1423 1734 Nat.
1437 1709 1516 1734 Deor.
1531 1716 1552 1740 3,
1566 1716 1602 1742 47
1617 1718 1638 1734 c.
1655 1714 1689 1738 18.
1795 1707 1900 1734 Habere
1913 1708 1938 1734 se
1957 1708 2013 1734 Cic.
2025 1708 2094 1734 Fam.
2108 1717 2144 1739 10,
2157 1710 2182 1734 6.
2258 1709 2295 1738 Ita
2308 1710 2330 1734 se
2343 1717 2383 1736 re·

257 1742 436 1776 incorporales
453 1745 527 1775 sunt,
547 1752 612 1776 quae
624 1745 693 1778 tangi
705 1753 759 1770 non
771 1745 882 1778 possunt,
901 1746 990 1778 qualia
1003 1747 1061 1773 sunt
1074 1755 1114 1779 ea,
1121 1755 1187 1780 quae
1200 1746 1227 1772 in
1236 1747 1294 1772 iure
1310 1751 1343 1777 45
1361 1743 1448 1770 Habet
1486 1743 1541 1770 Cic.
1555 1752 1603 1778 pro
1617 1744 1640 1769 S.
1655 1743 1730 1769 Rosc.
1742 1743 1831 1770 Aruer.
1846 1753 1867 1768 c.
1881 1752 1922 1777 43.
1939 1773 1946 1779 ·
2026 1743 2094 1770 Adai.
2114 1744 2182 1770 Ter·
2193 1744 2256 1770 Eun·
2268 1753 2295 1778 4,
2306 1751 2332 1779 72
2345 1752 2381 1776 30.

259 1777 413 1811 consistunt,
432 1779 494 1805 ficut
510 1779 648 1811 hereditas,
664 1780 721 1805 vsus
734 1780 844 1811 (ιίιᾶιιε,
862 1780 1046 1814 obligationes.
1139 1781 1296 1808 Similitudi-
1360 1778 1460 1805 lactare
1482 1788 1539 1806 rem
1561 1778 1742 1811 sermonibus,
1767 1779 1821 1805 vid.
1847 1784 1967 1810 ιΑΕΤΟ,
1991 1781 2018 1804 in
2046 1785 2145 1805 1AC10.
2237 1780 2380 1814 Imperitare

257 1822 303 1839 nes
315 1814 436 1848 plurimi-s
450 1815 478 1840 in
490 1813 567 1841 rebus
583 1821 706 1849 apparent
726 1815 782 1841 Cic.
797 1815 874 1841 Acad.
890 1824 908 1848 4
921 1825 942 1843 c.
958 1825 996 1851 17·
1086 1816 1245 1851 Imperium,
1263 1816 1295 1842 li-
1360 1822 1417 1840 rem
1430 1822 1539 1849 aequam
1558 1815 1626 1840 Hor.
1640 1815 1721 1840 Serm-
1736 1822 1760 1844 Ζ,
1771 1823 1793 1846 3,
1809 1819 1858 1844 188·
1948 1814 2090 1848 Impertite
2105 1816 2136 1840 de
2147 1822 2176 1840 re
2190 1814 2312 1841 familiari
2328 1815 2380 1843 cie.

257 1855 321 1880 tem,
342 1859 466 1876 venerem
490 1859 536 1875 cur
559 1859 610 1877 vna
633 1857 706 1877 notat
727 1852 789 1877 res?
826 1851 922 1877 Anson.
941 1852 969 1878 in
989 1851 1130 1884 Monosyll.
1150 1852 1244 1884 Eidyll.
1259 1860 1295 1878 12.
1361 1849 1412 1875 Off.
1429 1857 1454 1881 2,
1468 1855 1508 1884 87.
1577 1850 1704 1876 Inclinata
1717 1856 1756 1875 res
1770 1849 1806 1876 est
1825 1850 1897 1875 Idem
1912 1849 1982 1875 Fam.
1996 1858 2016 1882 1,
2030 1857 2048 1875 1.
2131 1849 2263 1876 Increbuit
2276 1859 2313 1877 reu
2325 1853 2380 1884 pro·

259 1886 351 1919 Nempe
363 1894 452 1912 rerum
466 1885 546 1919 potiri
552 1885 683 1921 figrzfflcat
695 1889 822 1921 imperium
836 1887 961 1922 nanczscm
996 1896 1056 1914 reus
1069 1887 1171 1920 dicitur,
1183 1891 1225 1924 qui
1237 1896 1294 1914 rem
1359 1884 1471 1917 verbi0‚
1497 1883 1550 1910 vid.
1570 1890 1784 1912 INCREBESCO.
1819 1884 1946 1910 Inducere
1958 1885 2034 1911 chaos
2046 1884 2123 1911 rebus
2144 1886 2376 1920 Senee.Aga1ne1nn.

258 1919 355 1951 habet,
374 1929 432 1946 cum
445 1921 535 1954 aliquo
548 1931 554 1946 ι
590 1930 646 1947 rem
669 1921 766 1948 habere
786 1931 845 1948 cum
863 1921 986 1955 Thaide,
1003 1923 1138 1958 improbum
1150 1921 1192 1956 qli.
1248 1922 1295 1950 Sed
1310 1930 1341 1956 50
1358 1920 1376 1947 s.
1390 1922 1415 1946 6.
1507 1920 1646 1947 Intendere
1659 1919 1773 1946 honestis
1787 1919 1864 1947 rebus
1878 1920 1995 1946 animum
2013 1921 2080 1947 Hor.
2094 1921 2171 1955 Epist.
2186 1929 2204 1951 1,
2216 1929 2241 1951 2,
2254 1926 2291 1952 36.
2327 1921 2374 1948 Lie.

258 1954 384 1981 videamus
393 1958 475 1989 primo
486 1974 493 1986 ,
511 1955 596 1990 quibus
609 1955 774 1987 Substantiuis
786 1960 915 1991 iungatur.
1007 1958 1105 1984 Abdita
1117 1967 1206 1984 rerum
1225 1959 1293 1984 Hor.
1359 1956 1413 1981 Au·
1428 1964 1466 1989 14.
1480 1963 1503 1988 ις
1523 1956 1619 1990 Incipit
1635 1965 1674 1982 res
1687 1955 1781 1982 melius
1795 1956 1834 1982 ire
1848 1965 1925 1989 quam
1938 1963 2063 1990 putaram·
2169 1955 2225 1982 Ibat
2238 1957 2372 1990 prorsmm

258 1989 289 2015 in
303 1990 366 2015 Arte
381 1991 453 2016 Poet.
467 1998 512 2023 49.
531 1993 550 2017 i.
561 1999 600 2016 res
610 1990 718 2017 abditae.
825 1992 882 2018 Cic.
895 1991 927 2018 de
940 1993 1013 2019 Orat.
1030 2003 1046 2024 1,
1060 2001 1071 2024 3
1102 1993 1150 2019 Sed
1164 1999 1250 2019 tamen
1266 1995 1294 2019 in
1360 1991 1415 2016 Cic.
1431 1991 1483 2017 Act.
1498 1999 1537 2024 14,
1552 1999 1586 2017 20
1604 1991 1692 2027 odfin.
1728 1994 1747 2017 i.
1762 1991 1923 2026 procedebat,
1937 1990 2069 2027 ficcceffism
2088 1990 2198 2018 habebat.
2294 1989 2368 2025 Lo‘qui

257 2024 300 2051 his
314 2025 356 2050 vel
369 2024 551 2059 asperitatibus
563 2034 667 2058 rerum,
685 2026 728 2052 vel
748 2026 873 2059 angustiis
892 2028 1033 2061 temporis,
1052 2028 1182 2062 obsequar
1202 2027 1293 2054 studiis
1360 2026 1460 2060 magnis
1472 2026 1503 2052 de
1517 2027 1594 2053 rebus
1615 2027 1717 2054 Lucret.
1729 2036 1757 2059 4,
1772 2035 1838 2053 1012.
1908 2027 2020 2053 Monere
2036 2036 2077 2053 res
2095 2027 2149 2052 Cic.
2164 2028 2215 2059 Qu.
2230 2027 2302 2054 Fratr.
2312 2035 2334 2058 ε,
2345 2035 2365 2059 3.

257 2059 352 2086 nostris
361 2080 370 2092 ,
389 2060 459 2086 rebus
472 2059 574 2095 asperis.
681 2061 764 2094 Caput
776 2068 802 2087 et
813 2062 874 2088 fons
887 2071 975 2089 rerum
1001 2064 1067 2090 Hor.
1081 2063 1158 2097 Epist.
1174 2072 1192 2093 1,
1205 2071 1242 2097 17,
1256 2071 1292 2095 43.
1359 2061 1397 2086 Ita
1412 2070 1467 2087 rem
1483 2061 1580 2089 Natam
1594 2064 1642 2089 esse
1656 2062 1780 2096 intelligo
1797 2062 1880 2089 Plaut.
1895 2063 1950 2088 Cas.
1964 2071 1990 2094 2,
2003 2070 2026 2095 ς,
2039 2070 2072 2095 35.
2139 2063 2206 2089 Add.
2219 2060 2366 2088 IdemBatch·

257 2096 350 2122 Causas
365 2103 453 2122 rerum
466 2095 622 2128 cognoscere
639 2094 714 2130 Virg.
728 2096 825 2129 Georg.
838 2105 864 2129 2,
872 2105 933 2129 490.
1047 2099 1195 2125 Concordia
1204 2108 1292 2124 rerum
1309 2109 1338 2134 53
1361 2104 1383 2127 2,
1398 2104 1422 2126 2,
1437 2105 1482 2129 40.
1562 2099 1597 2124 Vt
1610 2107 1665 2123 rem
1678 2098 1774 2124 Natam
1786 2097 1881 2129 video,
1900 2098 1949 2124 hoc
1962 2097 2142 2131 accipiendum
2161 2098 2212 2129 cst,
2229 2097 2298 2132 quod
2305 2097 2369 2123 datur

258 2130 356 2157 discors
375 2132 441 2157 Hor.
456 2130 534 2164 Epist.
552 2138 658 2162 1,12,19.
774 2131 895 2157 Creatrix
910 2140 999 2157 rerum
1011 2140 1104 2159 natura
1124 2135 1292 2165 Lucr.1‚623.
1359 2130 1440 2157 Plaut.
1453 2132 1537 2157 Truc.
1552 2140 1575 2166 ς,
1587 2140 1610 2164 ς,
1624 2140 1668 2166 7ο.
1743 2134 1833 2158 Verum
1846 2134 1913 2159 Ter.
1926 2134 1991 2159 Hec.
2006 2141 2030 2166 ς,
2045 2142 2067 2165 2,
2080 2141 2106 2165 3ι
2132 2133 2183 2159 Scit
2196 2133 2244 2160 fibi
2263 2131 2374 2158 nobuita·

258 2166 354 2192 Cursus
368 2174 456 2192 rerum
481 2166 535 2191 Cic.
551 2166 622 2191 Fam.
635 2173 662 2197 4,
676 2173 697 2190 2.
789 2165 953 2193 Defiderium
968 2175 1057 2193 rerum
1091 2168 1193 2194 Lucret.
1208 2177 1229 2199 3,
1243 2177 1293 2199 931.
1359 2172 1411 2191 tem
1424 2174 1455 2192 ex
1470 2175 1502 2193 eo
1511 2186 1519 2198 ,
1539 2173 1566 2196 et,
1577 2168 1641 2193 Rem
1654 2172 1756 2198 natam,
1775 2173 1800 2192 et
1813 2168 1925 2199 gloriam
1938 2170 1994 2193 esse.
2038 2169 2117 2199 Rem,
2131 2169 2244 2195 diuitias.
2327 2166 2378 2194 No-

258 2201 327 2228 Edax
340 2209 429 2227 rerum
443 2207 543 2234 tempus
562 2199 642 2226 Ouid.
656 2200 720 2225 Met.
734 2207 770 2232 ις,
784 2209 838 2233 ²34·
871 2207 873 2209 ’
933 2202 1011 2229 Fama
1025 2211 1113 2229 rerum
1128 2202 1294 2228 incredibilis
1358 2206 1415 2226 tare
1430 2210 1469 2227 res
1481 2202 1635 2228 nominibus
1647 2202 1738 2231 nouis,
1758 2201 1810 2227 uid.
1832 2207 1942 2226 NOTA.
2029 2203 2130 2228 Notare
2149 2203 2244 2237 inligni
2262 2203 2347 2237 aliqua
2355 2205 2382 2228 et

259 2237 335 2270 Virg.
350 2238 413 2262 Aen.
427 2245 448 2268 3,
456 2245 518 2270 294.
589 2234 751 2269 Fundamina
765 2243 853 2261 rerum
865 2236 936 2262 mole
947 2237 993 2263 sub
1007 2239 1108 2271 ingenti
1123 2238 1197 2271 ponit
1212 2236 1293 2263 Ouid.
1358 2241 1421 2260 nota
1434 2244 1462 2261 re
1476 2237 1627 2270 quippiam,
1646 2236 1698 2262 uid.
1718 2242 1879 2263 1NS1GN18.
1949 2235 2036 2261 Fando
2049 2245 2104 2262 rem
2116 2240 2210 2264 ordine
2236 2239 2307 2273 Virg.
2322 2239 2382 2263 Aen.

259 2273 324 2299 Met.
343 2279 377 2305 ις,
391 2280 445 2306 433.
539 2270 662 2296 Grauitas
680 2278 769 2296 rerum
805 2270 860 2296 Cic.
874 2270 906 2296 ad
919 2272 990 2297 Brut.
1098 2273 1192 2305 Inopes
1204 2281 1293 2298 rerum
1309 2267 1344 2292 60
1360 2278 1384 2301 3,
1400 2277 1455 2303 179.
1560 2272 1702 2297 Procurare
1714 2280 1769 2297 rem
1788 2272 1845 2297 Cic.
1857 2272 1910 2297 Att.
1924 2273 1951 2304 6,
1964 2279 1989 2303 9.
2072 2272 2191 2298 Reddere
2203 2274 2334 2300 rationem
2346 2269 2385 2298 rei

259 2308 349 2333 versus
369 2308 436 2333 Hor.
453 2307 482 2333 in
497 2306 559 2332 Arte
572 2306 644 2331 Poet.
656 2313 712 2337 322.
803 2306 909 2333 Inscitia
922 2315 1011 2332 rerum
1032 2307 1100 2333 Hor.
1110 2308 1186 2341 Epist.
1201 2315 1221 2338 1,
1229 2315 1250 2339 3,
1258 2315 1293 2338 33.
1358 2305 1464 2331 Lucret.
1477 2307 1503 2337 6,
1514 2310 1569 2338 918.
1641 2305 1756 2331 Refrixit
1771 2314 1809 2330 res
1829 2307 1884 2341 Cic.
1899 2308 1950 2332 Att.
1965 2315 1986 2339 1,
1998 2308 2035 2332 16.
2123 2308 2242 2333 Reiicere
2254 2317 2308 2334 rem
2330 2307 2386 2334 Cic.

259 2343 386 2369 Interitus
406 2351 495 2370 rerum
531 2341 586 2367 Cic.
601 2341 673 2367 Fam.
686 2343 712 2372 6,
727 2349 746 2367 1.
848 2341 966 2368 Maiestas
978 2351 1065 2368 rerum
1111 2343 1214 2368 Luci-et.
1230 2350 1253 2374 ς,
1268 2349 1293 2375 7.
1359 2339 1430 2364 Fam.
1447 2348 1468 2371 5,
1481 2344 1505 2365 6.
1575 2341 1709 2367 Reuocare
1723 2349 1778 2367 rem
1791 2340 1822 2366 ad
1837 2349 1942 2372 manus,
1964 2342 2016 2366 vid.
2039 2348 2160 2368 MAst.
2249 2344 2387 2369 Secernere

259 2378 316 2405 Cic,
330 2377 407 2404 Aeaci,
421 2388 447 2411 4,
464 2382 497 2410 84
532 2377 619 2410 Negas
640 2381 739 2403 tantam
758 2375 956 2403 similitudinem
978 2378 1006 2404 in
1019 2386 1108 2404 rerum
1122 2378 1222 2404 Natura
1237 2377 1292 2402 ess'e.
1360 2380 1462 2413 apertas
1475 2383 1515 2400 res
1528 2383 1542 2400 a
1557 2375 1645 2401 dubiis
1665 2377 1766 2402 Lucret.
1779 2385 1807 2408 4,
1821 2379 1882 2410 469.
1969 2375 2064 2409 Sequar
2077 2377 2172 2402 summa
2184 2377 2283 2412 fastigia
2297 2385 2386 2403 rerum

258 2414 392 2441 Nouatrix
412 2422 501 2439 reruni
519 2418 611 2439 natura
649 2411 730 2438 Ouid.
750 2412 813 2438 Met.
835 2419 875 2445 ις,
907 2420 956 2444 252.
1071 2413 1168 2446 Opifex
1205 2421 1294 2439 rerum
1360 2410 1436 2442 Vn-g.
1452 2411 1513 2435 Aen.
1530 2419 1548 2441 1,
1561 2413 1619 2442 346.
1690 2411 1824 2444 Suscipere
1838 2420 1893 2437 rem
1914 2411 1970 2437 Cic.
1983 2412 2035 2445 Qi.
2050 2411 2130 2437 Fratr.
2144 2419 2167 2443 3,
2179 2419 2197 2437 1.
2266 2413 2387 2439 Tentare

258 2449 331 2476 Idem
348 2448 412 2475 ibid·
428 2457 448 2481 ¹³
460 2456 503 2482 79.
597 2447 764 2473 Perturbatio
776 2456 865 2474 rerum
878 2447 919 2473 vel
933 2447 1051 2473 confusio
1085 2449 1140 2474 Cic.
1153 2448 1205 2475 Off.
1220 2456 1238 2480 1,
1253 2456 1291 2479 93.
1310 2445 1341 2476 65
1359 2452 1416 2470 rem
1441 2445 1507 2471 Hor.
1523 2445 1600 2479 Epist.
1618 2453 1672 2480 2,1,
1685 2454 1739 2479 259.
1811 2446 1909 2472 Venire
1930 2447 1970 2471 vel
1981 2447 2021 2472 lre
2033 2447 2061 2471 in
2075 2455 2129 2472 rem
2143 2444 2314 2480 praesentem,
2331 2446 2387 2472 vid.

258 2484 372 2511 Prudens
386 2492 475 2510 rerum
493 2483 594 2509 animus
634 2483 701 2509 Hor.
715 2484 801 2509 Carm.
813 2492 842 2516 4,
856 2491 881 2514 9,
893 2490 928 2516 35.
1034 2483 1175 2509 Prudentia
1205 2491 1293 2510 rerum
1358 2486 1516 2507 PRAESENS
1537 2490 1563 2507 n.
1577 2490 1604 2515 4.
1799 2479 1819 2517 Ἴ
1840 2490 1857 2513 4
1878 2481 1967 2515 Nempe
1979 2482 2101 2506 interdum
2115 2481 2147 2514 cst
2161 2482 2226 2514 Res,
2247 2484 2388 2518 Negotium,

257 2521 333 2553 'Virg.
350 2520 447 2553 Geor-g,
462 2528 480 2549 ι,
494 2526 545 2552 4ις,
638 2518 687 2543 Tu
707 2517 883 2545 Pulcher-rime
901 2526 990 2545 rerum
1027 2518 1108 2545 Ouid,
1128 2520 1157 2545 Α,
1172 2519 1200 2544 Α,
1216 2526 1234 2549 1,
1249 2526 1294 2550 1¹3·
1357 2516 1430 2551 causa
1443 2516 1507 2551 ipfiz.
1542 2517 1610 2543 Ter.
1625 2516 1734 2551 Adelph.
1743 2524 1765 2549 ς,
1774 2524 1794 2548 3,
1803 2525 1830 2542 ιο
1849 2516 1928 2542 Mitto
1943 2515 2082 2542 maledie'ta
2097 2517 2194 2542 omnia.
2229 2517 2293 2543 Rem
2307 2517 2386 2550 ipsam

260 2556 339 2582 Ratio
352 2563 440 2581 rerum
454 2553 613 2580 naturalium
632 2553 697 2580 Cels.
713 2563 722 2579 1
735 2553 818 2587 praef.
932 2553 1083 2588 Sepulcrum
1103 2562 1241 2581 commune
1255 2562 1295 2579 re·
1359 2557 1479 2585 putemus
1492 2562 1499 2577 ε
1533 2551 1634 2578 dicium
1647 2552 1715 2578 inter
1728 2561 1774 2578 nos
1788 2552 1837 2578 hoc
1851 2551 1911 2582 fuit,
1923 2558 1968 2577 etc.
2045 2552 2089 2577 Vm
2104 2552 2230 2584 Donatus,
2251 2553 2301 2578 Res
2315 2552 2383 2579 caust

260 2599 330 2622 rum,
343 2595 411 2616 terra
429 2590 532 2616 Lucret.
545 2597 568 2621 ς,
577 2591 636 2615 260.
711 2589 794 2616 Status
808 2597 897 2615 rerum
917 2589 972 2615 Cic.
986 2590 1057 2615 Fam.
1073 2598 1109 2615 12.
1197 2589 1295 2623 Trepi-
1359 2586 1424 2613 litis.
1528 2587 1596 2613 Ter.
1609 2588 1672 2612 Hec.
1687 2596 1708 2619 3,
1721 2596 1743 2619 5,
1758 2592 1783 2617 18
1807 2587 1919 2613 Omnem
1932 2595 1988 2612 rem
2001 2586 2067 2617 scio,
2083 2594 2110 2613 vt
2122 2587 2151 2613 sit
2166 2588 2241 2621 gesta.
2313 2586 2379 2623 Confi

260 2626 308 2652 dus
321 2634 409 2652 terum
430 2625 506 2659 Virg.
521 2625 584 2651 Aen.
597 2633 632 2657 12,
646 2630 699 2657 589.
771 2625 827 2651 Cic.
842 2626 896 2651 Att.
910 2633 949 2657 14,
964 2632 977 2657 5
1002 2625 1045 2651 Ne
1059 2625 1175 2652 descrere
1188 2624 1295 2651 viderer
1306 2629 1341 2657 70
1360 2622 1434 2648 Idem
1448 2622 1557 2657 Adelph.
1570 2631 1591 2654 3,
1613 2631 1635 2655 5,
1648 2631 1670 2654 3.
1705 2630 1728 2648 et
1745 2631 1773 2655 4,
1786 2632 1812 2661 4,
1828 2631 1860 2654 13.
1949 2622 2021 2648 Idem
2034 2623 2127 2648 Heaut.
2145 2631 2164 2653 ι,
2177 2631 2199 2654 2,
2215 2631 2244 2655 23
2264 2622 2379 2655 Chreme,

261 2661 332 2687 hunc
345 2669 433 2687 rerum
446 2667 586 2687 tumorem.
614 2663 632 2686 i.
651 2661 790 2693 tumultum,
803 2661 897 2687 turbas.
968 2659 1040 2686 Idem
1053 2661 1122 2687 Fam.
1137 2664 1162 2691 6,
1173 2663 1190 2686 6
1210 2661 1294 2694 Expo-
1360 2664 1495 2684 tantumne
1509 2658 1543 2684 cst
1555 2658 1588 2684 ab
1600 2666 1628 2684 re
1641 2664 1684 2684 tua
1698 2657 1749 2684 otii
1763 2657 1829 2690 tibi,
1848 2656 1931 2683 aliena
1943 2662 1971 2683 vt
1984 2666 2072 2689 cureS,
2093 2666 2175 2692 eaque
2187 2667 2251 2692 quae
2266 2658 2298 2684 ad
2311 2665 2335 2685 te
2347 2656 2382 2684 ni-

260 2705 294 2723 ne
311 2705 367 2722 rem
389 2697 468 2722 ctiam
489 2695 707 2731 quemadmodum
727 2695 784 2728 hic,
802 2701 829 2722 et
841 2701 936 2730 quanta
949 2696 977 2721 in
991 2696 1086 2728 turba,
1105 2702 1252 2731 quantaque
1265 2696 1293 2722 in
1359 2693 1398 2719 hil
1411 2694 1521 2720 attinent
1535 2695 1544 2720 ἶ
1577 2694 1601 2720 h.
1616 2703 1636 2719 e.
1650 2695 1825 2719 Familiariane
1838 2696 1935 2728 negotia
1947 2698 2005 2724 tua,
2023 2699 2120 2718 tantum
2132 2696 2180 2719 tibi
2191 2694 2320 2720 concedunt
2331 2695 2383 2726 otii,

261 2732 414 2758 consutione
427 2740 515 2758 rerum
529 2732 689 2758 viucremus.
782 2731 910 2758 Turbine
922 2740 1010 2759 rerum
1030 2732 1182 2759 miserarum
1201 2732 1295 2758 attoni·
1359 2736 1398 2761 vt,
1415 2736 1460 2755 etc.
1554 2729 1661 2763 Accingi
1681 2729 1711 2754 ad
1731 2737 1787 2754 rem
1806 2729 1936 2763 aliquam,
1961 2728 2013 2753 vid.
2040 2733 2202 2756 ACCINGO.
2295 2729 2382 2763 Agitur

261 2773 302 2793 tus
322 2768 401 2793 Ouid.
417 2768 479 2794 Met.
495 2775 521 2802 7,
535 2770 588 2798 6¹4-
680 2767 798 2793 Varietas
808 2776 895 2794 rerum
918 2767 973 2793 Cic.
988 2768 1059 2793 Fam.
1073 2775 1098 2794 2.
1168 2767 1293 2793 Vilissima
1362 2773 1403 2790 res
1418 2765 1445 2790 in
1459 2765 1555 2797 scenis,
1574 2771 1618 2791 aut
1631 2764 1686 2790 acia
1700 2765 1814 2791 refertur
1840 2765 1906 2790 Hor.
1922 2764 1949 2789 in
1962 2764 2024 2789 Arte
2036 2764 2106 2789 Poe't·
2122 2772 2173 2796 179-
2244 2765 2384 2799 Agererem

261 2811 351 2830 rerum
363 2812 430 2837 aqua
473 2804 539 2830 Hor.
554 2802 635 2829 Serm.
657 2811 677 2835 1,
696 2810 718 2836 ς,
735 2807 771 2835 85.
874 2804 905 2828 In
919 2800 1098 2835 construHione
1109 2812 1164 2829 cum
1179 2804 1293 2829 Genieiuo
1309 2801 1341 2829 75
1361 2800 1429 2834 quasi
1445 2801 1556 2827 alienam
1577 2800 1707 2833 anciii.
1720 2802 1746 2831 6,
1761 2808 1781 2825 2.
1895 2799 1940 2825 Ad
1951 2800 2007 2824 lites
2020 2805 2043 2825 et
2056 2798 2147 2824 iudicia
2161 2802 2292 2835 inprimis
2307 2799 2384 2834 rejer-

260 2838 384 2865 interdum
396 2838 518 2864 abundare
526 2837 591 2874 solet
604 2847 687 2863 nomen
702 2846 750 2863 res.
820 2837 901 2864 Plaut.
916 2838 1010 2872 Amph.
1023 2846 1048 2870 2,
1061 2846 1086 2869 2,
1102 2847 1111 2864 1
1127 2838 1198 2864 Satin
1211 2847 1290 2873 parua
1358 2842 1401 2863 tur
1413 2836 1470 2862 baec
1478 2836 1609 2871 formula,
1629 2845 1654 2861 v.
1668 2845 1692 2871 g.
1718 2836 1798 2861 Plaut.
1812 2834 1872 2861 Aul.
1885 2843 1908 2874 3.
1920 2843 1947 2867 4,
1961 2842 1994 2873 ¹3:
2030 2840 2053 2859 et
2065 2835 2137 2860 Men.
2151 2844 2179 2867 4,
2193 2844 2218 2867 2,
2233 2843 2266 2867 19.
2331 2834 2380 2860 Re-

260 2883 301 2900 τες
313 2873 349 2900 est
362 2874 526 2907 voluptatum
541 2873 568 2899 iu
581 2874 636 2899 vita
651 2883 656 2898 :
692 2880 720 2898 vt
731 2869 841 2905 Graeci,
858 2873 887 2898 τᾰ
900 2875 990 2908 χρῆμα
1003 2875 1044 2903 τῆς
1056 2872 1137 2899 vum-<35
1147 2872 1206 2900 ‘Ao-ov.
1250 2874 1291 2900 Sic
1358 2879 1417 2897 rum
1439 2871 1511 2897 aetus
1540 2871 1607 2897 Suet.
1624 2871 1716 2897 Claud.
1732 2880 1753 2896 c.
1763 2879 1797 2902 ²3-
1833 2877 1856 2896 et
1871 2870 1937 2896 Plin.
1949 2869 2026 2902 Epist.
2041 2877 2065 2901 9,
2078 2877 2108 2902 25
2140 2874 2236 2907 negotia
2247 2869 2377 2895 iudicialia.

252 2909 327 2945 saepe
338 2909 404 2943 apud
416 2909 565 2935 Lucretium
579 2917 619 2935 res
631 2908 759 2940 Veneris,
778 2915 807 2934 vt
819 2916 840 2938 2,
851 2915 903 2942 173.
940 2912 969 2935 it.
991 2917 1040 2943 473
1057 2915 1080 2935 et
1092 2917 1142 2941 922
1160 2916 1183 2936 et
1202 2918 1223 2943 5,
1231 2911 1289 2942 846.
1356 2907 1463 2940 Agitare
1477 2915 1534 2938 res,
1554 2907 1606 2933 vid.
1630 2913 1745 2933 Affl'ro.
1779 2941 1784 2945 ἡ
1851 2906 1906 2931 Cic.
1921 2906 1997 2930 Verr.
2008 2912 2030 2936 3,
2045 2913 2081 2936 115
2100 2913 2121 2930 c.
2134 2910 2167 2945 48
2202 2904 2276 2937 Qiod
2299 2902 2316 2929 si
2333 2910 2375 2929 res

258 2944 367 2971 Phaedr.
382 2954 410 2977 4,
425 2952 451 2979 7,
465 2953 483 2977 4
504 2944 529 2970 Si
545 2952 595 2977 qua
608 2952 649 2969 res
662 2944 720 2969 esset
733 2943 803 2976 cibi,
822 2950 851 2969 vt
863 2944 942 2976 aliar,
962 2943 980 2971 fi
995 2944 1057 2979 quid
1074 2944 1138 2971 cibi.
1233 2945 1289 2971 Cic.
1357 2948 1401 2968 tua
1415 2951 1467 2968 non
1483 2943 1626 2976 Ageretur,
1651 2951 1666 2968 a
1686 2948 1711 2968 te
1729 2947 1816 2976 potius
1835 2940 2006 2975 postularent,
2027 2949 2059 2965 ne
2072 2941 2190 2974 amplius,
2202 2947 2244 2968 etc·
2308 2937 2377 2977 Adfl-

259 2988 308 3014 pro
323 2980 392 3006 Cael.
406 2988 436 3011 52
457 2980 506 3005 Res
519 2979 584 3005 tanti
598 2979 707 3005 sceleris.
728 2983 746 3005 i.
760 2985 855 3006 tantum
862 2979 959 3014 scelus,
974 2978 1130 3016 rufi-etesia.
1233 2977 1254 3016 q
1276 2989 1291 3006 2
1310 2971 1342 2996 80
1360 2978 1452 3004 Horat.
1468 2977 1545 3011 Epist.
1560 2986 1580 3009 1,
1595 2982 1629 3009 ιε,
1644 2982 1685 3011 84.
1755 2977 1855 3003 Attinct
1867 2976 1898 3002 ad
1911 2984 1965 3001 rem
1986 2976 2052 3001 Hor.
2067 2977 2146 3001 Serm.
2159 2984 2184 3008 2,
2196 2984 2220 3008 2,
2233 2982 2278 3015 27..
2329 2974 2377 2999 His

258 3016 390 3050 Epithcta:
424 3014 540 3041 Absurda
555 3023 605 3047 res,
625 3013 678 3042 vid.
702 3020 899 3042 ABSVRDVS.
969 3014 1069 3042 Acerba
1091 3015 1192 3043 Lucrct.
1200 3024 1227 3048 4,
1235 3017 1292 3048 665.
1360 3014 1440 3040 rebus
1454 3013 1558 3045 Effecit,
1573 3020 1600 3039 vt
1616 3014 1683 3047 Nep.
1699 3021 1733 3045 17,
1748 3021 1769 3044 3,
1784 3020 1805 3044 3.
1875 3010 1943 3038 Add.
1957 3010 2029 3036 Idem
2042 3020 2068 3045 7,
2084 3019 2112 3041 ιι,
2127 3013 2150 3050 6.
2162 3046 2168 3051 ι
2184 3045 2190 3051 .
2229 3008 2329 3043 Qubus
2341 3016 2380 3035 re-

259 3051 434 3084 Amphssimae
449 3059 490 3077 res
508 3051 564 3077 Cic.
577 3051 648 3076 Fam.
663 3057 686 3083 5,
700 3058 720 3076 2.
827 3049 955 3084 Augustae
966 3060 1022 3081 reS,
1044 3052 1165 3086 Exiguae,
1179 3061 1226 3077 non
1240 3061 1289 3076 ma-
1359 3048 1407 3075 bus
1423 3048 1529 3075 Fae‘tum
1542 3049 1578 3074 est
1598 3048 1670 3074 Idem
1685 3055 1711 3082 7,
1724 3056 1751 3082 7,
1766 3056 1786 3086 3:
1823 3046 1879 3072 add.
1894 3055 1911 3076 ι,
1925 3055 1948 3076 2,
1963 3054 1984 3077 3.
2078 3047 2118 3072 Ab
2131 3053 2210 3073 initio
2220 3054 2259 3073 res
2271 3052 2380 3083 quomo·
2407 3061 2409 3070 ‹

259 3089 304 3120 gni
317 3089 446 3117 momenti,
466 3085 570 3118 rusticae
587 3085 661 3119 Virg.
674 3086 771 3119 Georg.
787 3094 875 3118 3‚290·
980 3086 1112 3112 Animales
1127 3094 1166 3113 res
1187 3087 1292 3120 leian.
1359 3084 1394 3110 do
1409 3083 1484 3110 Gesta
1498 3083 1544 3115 fit,
1562 3092 1721 3118 exponemus
1755 3084 1810 3109 Cic.
1827 3090 1873 3115 pro
1892 3082 1915 3107 S.
1930 3082 2004 3107 Rosc.
2019 3081 2107 3108 Amer.
2126 3091 2147 3107 c.
2163 3090 2184 3114 ς.
2283 3082 2313 3107 In
2327 3079 2379 3114 ips!

259 3123 287 3147 iu
302 3121 318 3146 l.
334 3130 347 3147 a
362 3121 437 3153 diuo,
452 3122 483 3147 D.
498 3121 530 3147 de
542 3129 571 3148 re
585 3120 641 3147 iud.
748 3119 787 3146 Ad
822 3120 968 3147 faciendam
1001 3121 1078 3148 fldem
1100 3131 1141 3148 res
1162 3122 1291 3156 appositae
1360 3119 1437 3146 turba
1451 3119 1558 3154 potasti,
1577 3119 1645 3153 quafi
1660 3128 1688 3145 re
1704 3118 1770 3145 bene
1784 3117 1857 3143 Gesta
1883 3117 1950 3143 Ter.
1966 3116 2074 3150 Adelph.
2090 3125 2112 3150 ς,
2126 3126 2145 3149 ι,
2159 3126 2191 3143 ιι.
2303 3115 2380 3142 Gere-

259 3156 392 3189 Qiinffil.
406 3165 428 3189 5,
442 3161 464 3186 8.
557 3157 656 3182 Arcana
687 3156 768 3182 Ouid.
782 3157 846 3182 Met.
861 3167 885 3189 4,
899 3165 953 3189 223.
1041 3157 1143 3187 Ardua,
1162 3158 1214 3183 vtd.
1235 3165 1291 3184 AR·
1310 3151 1338 3179 83
1359 3164 1388 3182 re
1402 3164 1456 3181 rem
1469 3154 1535 3181 male
1556 3155 1621 3181 Hor.
1634 3155 1714 3181 Scrm.
1730 3162 1751 3185 2,
1768 3162 1790 3185 3,
1804 3160 1848 3187 74.
1956 3152 2082 3178 Gerendis
2101 3154 2128 3179 in
2143 3152 2219 3179 rebus
2236 3159 2308 3183 acer,
2327 3149 2383 3189 vid.

262 3198 353 3218 vas.
420 3193 507 3223 Bona,
526 3191 578 3217 vid.
598 3198 708 3218 Bouvs.
788 3192 875 3217 Bonae
888 3201 944 3224 res,
962 3192 1005 3219 vel
1017 3192 1132 3226 optimae
1152 3193 1207 3218 Cic.
1220 3193 1290 3219 Fam.
1358 3196 1456 3223 ACER,
1475 3190 1535 3216 Adi.
1629 3189 1757 3217 Gerendis
1781 3197 1795 3214 a
1817 3187 1893 3227 rebus
1913 3186 2074 3220 abstrahere,
2092 3187 2143 3214 vid.
2163 3192 2378 3214 ABSTRAHO.
2405 3202 2407 3210 .

260 3236 284 3257 4,
299 3236 319 3259 3,
414 3226 587 3253 Calamitosae
599 3235 640 3252 res
659 3226 731 3252 Idem
745 3235 793 3259 pro
802 3227 869 3260 Lege
883 3227 974 3254 Manil.
990 3236 1025 3260 53.
1124 3229 1216 3260 Certa,
1238 3228 1290 3254 vid.
1359 3225 1485 3251 Gerendis
1506 3225 1583 3251 rebus
1596 3226 1681 3251 minus
1692 3230 1750 3258 apta
1775 3222 1856 3249 Ouid.
1871 3221 1903 3248 de
1919 3224 1980 3249 Arte
1993 3224 2050 3249 Am.
2067 3233 2085 3255 1,
2097 3231 2150 3256 415.
2191 3221 2247 3249 Vid.
2267 3227 2311 3260 013
2322 3227 2339 3247 R
2349 3227 2378 3260 q.

259 3267 392 3288 CER'rvs.
482 3262 637 3288 Communis
658 3262 724 3287 Hor.
740 3261 821 3288 Serm.
835 3271 860 3294 2,
872 3264 898 3294 6,
913 3266 951 3294 36.
1057 3264 1293 3297 comperendinata
1356 3261 1463 3288 Interest
1476 3260 1543 3286 nihil
1557 3260 1588 3287 ad
1603 3270 1674 3293 rem,
1694 3259 1745 3286 vid.
1767 3264 1935 3284 lNTEREsT.
2038 3259 2131 3285 Lotutt
2151 3259 2235 3285 sumus
2252 3255 2319 3282 nihil
2337 3264 2379 3296 ne-

259 3305 299 3321 res
318 3296 441 3330 siguificat
454 3296 584 3323 Iudicium
598 3297 626 3323 in
638 3295 708 3323 diem
722 3297 828 3323 tertium
842 3297 1020 3324 constitutum.
1055 3298 1152 3325 Festus.
1223 3300 1292 3325 Con·
1359 3306 1409 3331 que
1420 3302 1477 3323 ante
1490 3305 1559 3327 rem,
1578 3305 1664 3330 neque
1679 3301 1779 3329 praeter
1791 3302 1847 3319 rem
1878 3293 1978 3320 Auctor
1996 3294 2027 3320 ad
2042 3295 2155 3320 Herenn.
2168 3302 2195 3326 4,
2208 3301 2226 3318 ι.
2328 3292 2380 3318 Μι-

261 3330 334 3363 feisa,
354 3332 405 3358 vid.
427 3338 624 3359 CONFITEOR·
696 3333 840 3363 Contorta,
860 3333 912 3358 vid.
932 3338 1168 3370 CONTORQon.
1222 3335 1290 3361 Con·
1302 3333 1337 3358 90
1355 3332 1463 3359 nistrare
1478 3340 1518 3357 res
1532 3332 1625 3358 timide
1637 3331 1773 3366 gelideque
1798 3329 1865 3354 Hor.
1880 3329 1907 3354 in
1921 3330 1983 3355 Arte
1998 3331 2058 3356 Po'ct
2076 3338 2123 3363 171.
2224 3327 2315 3366 Monet
2329 3335 2378 3367 res,

261 3365 374 3397 ίῐὸὅὶῡθ,
411 3368 463 3394 uid.
485 3373 705 3395 CONTRACTVS
718 3367 767 3403 suh
788 3373 987 3395 CONTRAHO.
1081 3370 1229 3396 Conuersae
1246 3379 1288 3396 res
1355 3370 1496 3395 Mouentur
1510 3376 1550 3393 res
1562 3375 1687 3401 magnae,
1706 3364 1758 3391 vid.
1776 3364 1816 3390 hh.
1837 3373 1878 3390 υυ.
1972 3365 2055 3392 Natus
2069 3365 2143 3392 rebus
2156 3362 2258 3402 agendis
2276 3363 2376 3404 Homu

260 3400 316 3426 Cic.
331 3402 399 3427 Fam.
416 3409 434 3433 1,
449 3412 466 3428 1.
551 3403 706 3438 Corporales
719 3412 775 3435 res,
790 3402 842 3428 vid.
855 3403 902 3438 sub
925 3409 1059 3430 CORPVS.
1152 3405 1288 3440 Corporea
1353 3405 1416 3431 Arte
1430 3404 1546 3433 Poenssz.
1650 3403 1698 3427 Res
1711 3402 1747 3428 est
1759 3400 1826 3426 mihi
1840 3408 1898 3425 cum
1911 3399 1958 3426 illo
1972 3410 1978 3426 :
2010 3400 2134 3436 agendum,
2143 3406 2200 3425 tran
2213 3398 2322 3437 11‘113115731
2335 3398 2378 3424 ⁰1⁸·

260 3435 364 3461 Lucret.
378 3444 403 3467 2,
418 3442 465 3467 ¹83.
534 3439 646 3465 Credula
660 3447 700 3464 res
714 3447 790 3465 amor
804 3438 839 3464 cst
865 3439 945 3464 Ouid.
958 3438 1037 3473 Epist.
1054 3442 1080 3471 6,
1094 3448 1130 3466 21.
1238 3441 1287 3466 De.
1355 3438 1416 3474 quid
1434 3438 1500 3464 Ter.
1515 3438 1619 3464 Phorm.
1634 3445 1652 3468 1,
1664 3446 1687 3469 3,
1700 3445 1736 3470 19.
1839 3436 1895 3461 Cic.
1909 3436 1979 3462 Fam.
1994 3444 2028 3468 ις,
2042 3444 2075 3469 27
2108 3434 2132 3460 Si
2149 3434 2194 3468 qui
2215 3445 2222 3459 ι
2235 3432 2374 3459 ιῆιειΙιοτςι

260 3472 411 3497 clamatoria
424 3480 463 3498 res
501 3474 630 3506 Quinctil.
646 3483 674 3507 4,
688 3482 709 3500 2.
816 3473 969 3506 Desperatae
986 3483 1027 3500 res
1063 3476 1117 3501 Cic.
1131 3476 1202 3502 Fam.
1216 3484 1240 3507 ς,
1254 3484 1288 3502 21.
1356 3480 1448 3506 erunt,
1468 3479 1494 3499 vt
1508 3483 1563 3499 rem
1578 3473 1629 3498 sine
1643 3471 1819 3498 controuersia
1839 3470 1933 3497 confici
1946 3471 2045 3502 nolint,
2057 3469 2074 3496 ti
2087 3477 2140 3500 σος,
2154 3470 2256 3502 quando
2271 3468 2376 3508 cums?-

261 3506 438 3532 Disi'ociabilcs
452 3515 506 3539 reu,
527 3510 684 3544 principatus
697 3517 726 3535 ac
739 3508 844 3534 libertas
864 3508 930 3536 Tac.
940 3511 1000 3544 Agr.
1015 3518 1036 3541 3.
1129 3511 1245 3537 Cic.Att.
1262 3521 1288 3543 4,
1302 3510 1334 3536 95
1355 3516 1445 3536 natore
1457 3517 1497 3535 res
1512 3509 1563 3541 est,
1581 3509 1693 3534 Romam
1707 3507 1837 3534 reieceris.
1929 3505 2011 3541 Affine
2023 3503 2055 3538 <fl
2072 3505 2137 3530 Rem
2150 3503 2246 3530 habere
2258 3513 2315 3530 cum
2330 3503 2377 3530 alt-

262 3549 287 3573 ις
307 3542 389 3567 Senex
404 3541 435 3567 ad
448 3550 503 3568 rem
519 3543 641 3571 Diuinam
656 3544 719 3571 dicit
731 3545 755 3570 se
770 3544 838 3570 velle
850 3543 991 3571 discedere.
1021 3545 1217 3581 Lfircrtjficium,
1234 3546 1287 3572 uid.
1354 3555 1424 3580 quo,
1443 3547 1461 3569 i.
1475 3543 1680 3580 Consuetudinem,
1692 3552 1794 3569 amorem
1815 3543 1881 3568 Ter.
1896 3542 1960 3568 Eun.
1975 3551 1995 3574 1,
2006 3550 2027 3574 2,
2036 3547 2076 3578 59·
2142 3539 2248 3573 Honesta
2255 3539 2376 3575 formula,
2401 3552 2402 3555 ¹

262 3583 404 3603 mvist.
494 3578 600 3604 Euersae
614 3589 653 3607 res
669 3581 724 3607 Cic.
739 3580 808 3606 Fam.
822 3582 848 3610 6,
862 3588 898 3606 21.
968 3580 1061 3607 Facilis
1079 3582 1287 3614 Lucret.2‚1025.
1354 3590 1400 3616 qua
1413 3579 1476 3615 dese
1492 3584 1573 3606 utitur
1590 3579 1678 3605 Thais.
1787 3579 1841 3603 Huc
1848 3581 1959 3612 pertinet
1980 3575 2073 3613 Bellica
2083 3582 2125 3614 res
2135 3575 2211 3615 ,Ηοιπ
2225 3576 2342 3607 Carm-q,
2353 3581 2375 3606 3,

260 3613 370 3638 F¹¹s¹i1¹³
387 3611 515 3645 Qlinffil·
530 3620 550 3645 5,
565 3621 598 3645 ¹3-
680 3615 796 3642 Furtiuis
809 3614 885 3641 rebus
898 3624 1006 3649 operam
1020 3616 1081 3642 dare
1100 3617 1180 3642 Plaut.
1194 3618 1289 3651 Amph.
1356 3618 1381 3642 6.
1418 3644 1421 3647 .
1473 3613 1652 3641 Frumentaria
1688 3613 1759 3639 Caes.
1774 3613 1802 3639 B.
1816 3614 1845 3639 C.
1864 3622 1886 3645 3,
1901 3615 1936 3639 16.
1966 3645 1972 3651 ⁵
1993 3645 1999 3650 ⁴
2030 3609 2154 3649 Mllltaris
2193 3611 2261 3645 Nep.
2275 3619 2300 3642 ι,
2313 3614 2336 3641 8,
2348 3616 2374 3641 4-

260 3654 280 3677 1,
296 3657 313 3678 3,
328 3656 363 3673 12.
381 3651 399 3673 i.
418 3649 538 3673 Venereis.
607 3650 655 3675 Con
673 3670 680 3676 .
713 3651 815 3677 Tauhm.
836 3649 870 3677 ad
889 3650 913 3676 h.
928 3652 945 3676 Ι.
1052 3651 1191 3678 Horrenda
1205 3653 1288 3679 relatu
1356 3651 1402 3678 Cic
1425 3659 1473 3684 pro
1486 3651 1555 3676 Mur.
1568 3659 1590 3675 c.
1598 3657 1623 3681 9.
1725 3649 1850 3675 Militaris
1867 3657 1906 3675 res
1918 3647 2041 3673 diuinitus
2055 3645 2208 3677 constituta,
2224 3646 2277 3672 md.
2294 3650 2374 3671 CON-

259 3682 338 3707 Ollid-
354 3684 458 3715 ΜΕΜΞ,
471 3687 527 3714 298-
632 3685 652 3710 Il
666 3685 772 3712 iberalis
784 3685 815 3712 ad
836 3686 1041 3720 cognoscendum
1051 3706 1058 3719 ,
1097 3687 1150 3713 vid.
1173 3694 1288 3715 ILLIBE-
1299 3692 1346 3710 100
1356 3692 1484 3712 s‘rl'rvo.
1600 3683 1725 3710 Militaris
1739 3684 1777 3710 rei
1792 3685 1897 3710 scientia
1914 3682 1968 3708 Cic.
1982 3688 2030 3713 pro
2042 3679 2110 3714 Lege
2124 3681 2216 3707 Manil.
2230 3686 2268 3711 28.
2323 3680 2373 3706 Na-

259 3722 360 3743 RAms.
468 3717 640 3744 Immoderata
668 3729 707 3746 res
736 3721 771 3746 est
803 3720 909 3755 Cupido
944 3721 1025 3748 Ouid.
1039 3730 1070 3748 ex
1083 3723 1156 3748 Pont.
1169 3732 1196 3756 4,
1212 3731 1243 3756 ις,
1257 3733 1288 3755 3¹-
1355 3721 1420 3747 valis
1435 3729 1475 3746 res
1494 3720 1549 3746 Cic.
1563 3721 1638 3746 Verr.
1653 3728 1676 3751 ς,
1690 3727 1733 3751 42.
1828 3718 1939 3746 Nautica
1959 3716 2014 3742 Cic.
2027 3715 2059 3740 de
2073 3715 2107 3741 N.
2123 3716 2154 3741 D.
2166 3725 2181 3742 2
2195 3726 2217 3743 c.
2229 3720 2271 3744 60.
2317 3715 2372 3742 Nu-

258 3752 392 3785 ῙῐΠΡῙὶῖὃΐδ
406 3761 446 3781 ¹⁸⁶⁵
461 3753 662 3789 ‘³0¹¹ss'01101'fii!‚
680 3755 732 3781 vid-
757 3762 897 3784 ¹MPL1CO.
1000 3758 1133 3791 Incognita
1147 3767 1187 3784 res
1201 3759 1287 3786 turbat
1354 3756 1436 3783 maria
1450 3763 1507 3787 res,
1531 3755 1583 3781 vid.
1610 3761 1730 3781 NVMVS.
1833 3753 1961 3783 Pastoria,
1979 3751 2031 3777 vid.
2050 3757 2200 3778 PASTOR!
2301 3752 2372 3777 Pecu-

256 3787 359 3813 animos
379 3788 453 3821 Virg.
467 3789 530 3814 Aen.
546 3797 567 3819 1,
580 3796 629 3821 519.
725 3791 909 3818 Incommodae
922 3800 963 3818 res
984 3792 1039 3818 Cic.
1056 3793 1127 3819 Fam.
1143 3796 1170 3825 6,
1182 3803 1207 3826 4.
1230 3795 1283 3820 vid.
1354 3791 1452 3822 niaria,
1470 3790 1522 3817 vid.
1543 3796 1699 3816 PECVNIA.
1805 3793 1834 3818 In
1848 3791 1910 3816 Rem
1923 3788 2097 3818 Praesentem,
2113 3786 2166 3812 vid.
2186 3793 2220 3813 ΙΝ
2241 3793 2264 3813 et
2283 3790 2370 3813 PRAE-

260 3828 486 3849 1Ncommonvs.
556 3824 735 3857 Incorporalcs
750 3834 803 3856 res,
822 3829 873 3853 vid.
896 3834 1027 3855 coRva.
1115 3829 1283 3856 Incredibilis
1352 3833 1437 3854 SENS.
1633 3823 1652 3861 Ἴ
1674 3833 1686 3858 3
1721 3827 1881 3853 Peculiariter
1893 3823 2014 3857 obstr-uari
2027 3829 2129 3848 meretur
2136 3822 2250 3857 jormuta
2262 3823 2310 3848 Res
2315 3827 2370 3855 pro-

255 3856 328 3884 dictu
341 3867 381 3885 res
407 3858 534 3891 Quinelil.
551 3859 579 3885 in
593 3859 756 3892 Gladiatore‚
771 3869 825 3887 non
839 3863 929 3896 procul
943 3872 958 3890 a
972 3862 1033 3889 fine.
1138 3864 1245 3891 Infirma
1257 3870 1282 3892 et
1300 3868 1343 3895 105
1353 3863 1434 3893 latae,
1454 3867 1477 3887 et
1496 3861 1593 3888 Rerum
1610 3861 1742 3895 prolatio,
1761 3870 1822 3898 quae
1834 3859 1963 3896 fignrficar
1979 3859 2084 3895 Tempus
2095 3857 2172 3890 illud,
2189 3867 2259 3893 quum
2270 3858 2370 3884 homines

2232 3893 2367 3929 feriantur.
