2434 4156
319 119 388 159 395
662 104 835 145 SE
950 104 978 143 Ρ

353 198 367 218 s
375 198 391 218 Ε
400 196 423 217 N
433 197 453 218 Τ
464 197 483 218 ο
491 197 504 219 s
514 199 535 219 v
543 199 565 224 s,
590 202 616 226 a,
635 202 689 221 um.
709 194 827 229 Fulgent.
835 191 949 225 Mythol.
957 190 1060 225 prolog.
1067 190 1176 217 Paullin.
1184 190 1211 221 6,
1219 196 1271 220 310.

353 234 366 253 s
375 234 392 253 E
403 233 426 252 N
438 234 459 253 Τ
470 234 478 252 1
489 233 506 254 c
517 229 535 254 ἒ
545 235 565 254 Τ
575 235 596 254 ν
607 236 641 255 Μ.
668 230 686 256 i.
708 239 733 256 n.
776 226 926 262 [dzoeiffw'v]
983 227 1076 257 Locus,
1098 230 1124 252 in
1138 234 1183 260 quo
1191 225 1277 259 sentes
1285 221 1357 258 fient.

315 261 493 324 {latinpclapn
511 272 539 296 4,
553 273 578 297 2,
590 269 621 294 80
643 265 706 292 Non
721 265 792 291 enim
806 272 831 289 es
844 263 872 288 in
887 261 1028 294 senticeto,
1053 270 1086 288 eo
1107 270 1161 287 non
1174 259 1261 285 sentis.
1288 257 1356 294 conf.

359 306 375 323 u
388 318 394 323 .
436 307 476 325 or.
485 307 500 325 2
527 320 533 326 .
543 308 553 316 .
591 320 597 326 .

340 306 366 359 Ps
377 339 392 358 Ε
404 339 426 358 Ν
437 341 459 360 Τ
468 340 487 359 V
497 308 524 365 S?
539 307 636 367 sifgum.
657 334 717 359 Adi.
753 334 766 366 [
774 331 863 362 λάσιος,
877 329 957 362 daconis,
977 328 1092 366 ἒνριῦδης]
1131 329 1264 361 Horridus,
1275 331 1358 364 inquit
1383 338 1398 364 ς

316 367 447 395 Donatus:
480 371 549 403 quasi
569 370 700 403 spinosus,
725 369 832 394 Laceras
846 366 928 393 vestes
944 366 1051 393 habens.
1107 366 1176 391 Ter.
1190 366 1255 391 Eun.
1269 373 1294 394 2,
1307 373 1330 396 2,
1343 373 1356 395 5

315 403 405 430 Video
420 405 536 437 sentum,
551 403 723 438 squallidum,
743 412 868 436 aegrum,
897 404 988 436 pannis
1008 401 1134 434 annisque
1146 400 1267 428 oblitum.
1288 401 1357 426 Loca

319 439 389 465 senta
405 439 453 466 situ
484 441 558 473 Virg.
572 441 636 465 Aen.
651 441 677 470 6,
689 440 748 470 462.
772 438 826 464 vid.
840 438 914 464 Seru.
950 437 1127 471 Exstirpamus
1141 437 1213 462 enim
1226 438 1311 463 sentos
1324 435 1357 461 de

313 473 422 509 pe&ore
434 484 525 509 vepres
538 474 659 501 Prudent.
674 474 732 500 adu.
746 473 891 505 Symmach.
905 481 1002 506 2,1ο39.

353 517 366 536 S
376 517 392 536 Ε
402 517 420 537 0
431 518 449 537 R
459 516 471 536 s
481 517 543 537 vm.
564 509 631 534 Adu.
667 508 778 542 [χωρὶς]
813 509 968 544 δερ-ιναιὶιη,·
988 517 1003 533 a
1021 507 1052 533 Se
1063 513 1088 533 et
1104 507 1221 534 vorsum.
1272 506 1355 533 Plaut.
1376 519 1406 538 10
1416 507 1521 532 Petron.
1535 507 1676 548 Fragmzp.
1690 510 1747 540 676.
1873 506 1964 533 Tacit.
1979 506 2046 532 Hist.
2060 515 2083 539 3,
2097 515 2123 539 35
2149 509 2289 534 Caeterum
2303 505 2392 534 affide

315 545 393 579 Epid,
406 555 426 577 3,
440 554 460 578 3,
473 554 488 572 2
508 546 536 570 In
548 543 693 570 aediculam
708 544 823 570 seorsum
836 544 932 570 isthaec
945 549 986 569 eat
999 542 1070 568 iube.
1106 543 1165 569 Liu.
1177 550 1254 575 22‚52
1271 542 1302 568 In
1317 550 1355 567 ca-

315 580 366 607 stra
379 580 463 606 hostes
475 585 643 613 aeceperunt:
669 579 815 613 traditique
828 580 856 606 in
869 578 1012 606 custodiam
1026 586 1118 604 omnes
1132 579 1204 608 sunt,
1226 578 1268 604 sed
1284 579 1355 604 seor·

315 616 372 642 suin
391 615 477 647 ciues,
497 615 624 647 sociique.
755 614 875 641 Seorsum
893 624 907 641 a
925 620 997 648 patre
1018 613 1035 639 si
1055 613 1240 640 filiusfamilias
1254 613 1356 639 habitet

314 651 395 677 Caius
410 651 437 676 in
451 651 466 675 l.
481 658 513 676 ex
529 649 669 676 maleficio.
688 647 713 685 §.
728 651 827 683 penult.
843 651 875 677 D.
890 650 922 676 de
935 648 1085 676 actionibus
1097 656 1122 675 et
1132 649 1352 683 obligationibus.

314 687 435 712 Seorsum
450 694 464 711 a
479 684 589 711 domino
602 685 651 711 rati
674 693 734 710 nem
748 685 843 712 habere
869 687 996 719 Pompon.
1011 684 1039 711 in
1058 684 1076 710 l.
1089 694 1115 718 4.
1130 685 1159 711 in
1169 686 1252 719 princ.
1274 685 1304 711 D.
1320 684 1352 709 de
1373 694 1399 721 ις

314 721 398 756 pecul.
433 721 489 747 Cic.
500 721 569 746 Fam.
579 725 626 752 8‚9
675 728 706 746 oc
722 721 905 747 vehementius
917 720 1012 746 laboro
1027 729 1110 753 nunc,
1124 720 1196 756 quod
1211 721 1325 747 scorsum
1338 728 1354 745 a

314 757 423 789 Collega
439 761 502 789 puto
518 754 585 781 mihi
597 755 688 781 omnia
705 756 826 790 paranda.
863 756 930 782 Ter.
945 755 1020 782 Adel.
1035 765 1131 790 5,9,14
1157 756 1289 783 Omnibus
1297 763 1354 790 gra·

314 793 379 818 tiam
395 791 497 822 habeo,
516 796 542 816 et
562 791 678 817 seorsum
699 791 750 818 tibi
770 797 903 826 praeterea
918 791 1022 818 Demea.
1060 792 1141 818 Plaut.
1156 792 1230 825 Capt.
1245 800 1268 826 3,
1282 799 1305 824 5,
1319 799 1354 823 52.

313 827 361 853 Sed
376 826 476 852 malene
491 825 518 852 id
530 825 631 852 factum
643 826 791 853 arbitrare?
817 833 867 853 ΑΒ.
892 827 1012 862 pessume.
1033 833 1063 854 T.
1077 833 1102 853 at
1118 836 1168 862 ego
1180 828 1224 854 aio
1238 847 1247 859 ,
1267 826 1354 854 reete:

312 862 360 897 qui
373 861 417 887 abs
430 867 456 887 te
471 862 586 888 seorsum
599 862 694 888 sentio.
707 862 731 888 h.
746 871 765 888 e.
778 862 859 888 Aliud
862 862 955 898 sentio,
968 872 1039 898 quam
1052 869 1088 888 tu.
1366 876 1402 895 20

349 903 362 923 s
371 904 387 924 Ε
397 903 416 923 Ο
426 904 444 923 R
454 903 467 923 s
476 903 496 922 V
507 904 530 923 S.
564 897 631 923 Idem
650 897 715 932 quod
732 898 852 924 Seorsum
862 917 870 930 ‚
896 894 1012 934 antique.'
1063 898 1147 924 Plaut.
1167 896 1233 924 Rud.
1248 904 1271 929 5,
1285 905 1310 929 2,
1324 904 1356 931 27

312 933 448 959 Praeterea
463 938 567 958 centum
584 933 671 958 minae
686 932 848 967 Philippicae
861 934 889 959 in
902 934 1023 968 pasceolo
1037 934 1162 960 seorsum.
1208 933 1312 959 Lucret.
1327 941 1355 965 4,

312 976 364 1001 497
382 968 488 995 Seorsus
501 968 564 994 item
578 969 654 1002 sapor
666 968 722 995 oris
736 968 816 995 habet
829 969 899 995 vim:
927 970 1026 997 seorsus
1039 970 1145 1001 odores,
1196 968 1357 1000 Nascuntur,

312 1004 430 1030 seorsum
449 1004 566 1036 sonitus,
584 1010 630 1031 etc.
690 1004 739 1031 Vbi
757 1005 868 1032 notanda
881 1005 1020 1040 Synizqfis,
1040 1014 1087 1041 qua
1103 1011 1119 1031 Ε
1134 1006 1231 1040 primae
1245 1003 1356 1038 syllabae

310 1037 485 1073 dffmiilntur.
1373 1052 1405 1079 25
1419 1045 1504 1066 catum
1519 1047 1547 1065 30
1563 1039 1654 1072 situm,
1674 1039 1743 1073 quasi
1758 1040 1924 1074 operimento
1938 1040 2029 1067 matris
2047 1040 2204 1066 obducitur:
2237 1039 2385 1072 eodemque

349 1080 361 1099 s
371 1081 387 1100 E
398 1080 416 1100 o
426 1081 444 1100 R
454 1081 467 1101 s
476 1081 496 1101 v
506 1081 529 1107 s,
537 1083 622 1107 a,um.
630 1073 690 1101 Adi.
699 1074 840 1110 Separatus.
861 1074 1119 1110 Aiison.Eidyll.17‚5
1134 1090 1181 1095 —
1195 1073 1284 1101 seorfis
1300 1074 1355 1100 Ob-

312 1108 503 1136 fistuntstudiis
539 1110 619 1137 Nunc
626 1111 698 1143 quia,
706 1119 772 1144 quae
779 1111 967 1145 potui,videor
980 1111 1095 1138 11,-36131Γο
1110 1112 1193 1137 seorsa
1200 1110 1357 1137 Terentian.

310 1144 398 1171 Maur.
413 1145 444 1171 de
457 1146 546 1172 Carm.
560 1145 641 1172 lamb.
655 1152 720 1172 extr.
729 1156 753 1181 p.
763 1155 820 1179 2⁴39
834 1154 899 1175 exer.
934 1145 1130 1182 Id.p.2398post
1139 1146 1200 1172 med.
1228 1145 1276 1172 Sed
1290 1145 1356 1171 duae

311 1179 376 1207 fient
396 1180 500 1208 Seorsae
519 1181 637 1214 Syllabae
657 1191 704 1216 per
721 1183 746 1208 se
764 1181 866 1211 breues.
920 1183 952 1210 Ec
971 1191 996 1217 p.
1011 1191 1076 1216 ²40⁴
1089 1188 1153 1209 extr.
1209 1182 1267 1209 Nec
1282 1180 1356 1208 dabit

310 1224 358 1251 per
370 1217 396 1243 se
410 1217 523 1244 seorsam
542 1225 571 1244 ac
584 1216 714 1244 residuam
733 1224 780 1244 etc.
1375 1229 1409 1254 30
1423 1218 1470 1243 ciis
1478 1217 1610 1244 Corneliis
1624 1218 1680 1251 igni
1694 1219 1780 1245 voluit
1796 1219 1906 1245 cremari
1921 1226 1965 1246 etc.
2060 1218 2206 1245 Cic.Tusc.
2220 1227 2290 1247 1,102
2313 1217 2380 1243 Cuiu

702 1291 723 1322 S
819 1292 847 1323 E
941 1292 963 1323 P

346 1363 361 1385 s·
372 1363 388 1384 Ε
401 1364 418 1385 Ρ
430 1364 462 1394 Α,
481 1367 520 1386 30.
541 1359 562 1386 f.
582 1359 686 1386 Lacerti
702 1367 782 1394 genus
795 1359 905 1392 Plin.32‚
913 1368 939 1393 4.

346 1400 360 1420 s
369 1400 385 1419 Ε
395 1400 410 1419 Ρ
419 1401 440 1420 A
452 1400 484 1427 R,
505 1394 567 1421 aris.
603 1394 664 1421 Adi.
684 1396 826 1430 separatus.
867 1395 951 1421 Flacc.
965 1402 988 1428 5,
1001 1399 1029 1428 58
1065 1397 1177 1430 Ossaque
1189 1405 1236 1422 nee
1250 1395 1353 1422 tumulo
1372 1403 1401 1430 33

307 1436 356 1455 nec
370 1430 458 1464 separe
472 1435 592 1464 contegat
605 1439 679 1457 vrna.
717 1431 765 1457 Tu
779 1431 867 1464 separe
881 1436 958 1456 coctu
972 1430 1034 1456 Stat.
1047 1431 1140 1458 Theb.
1153 1441 1181 1464 4,
1189 1437 1246 1464 482.
1292 1432 1353 1457 Duo

308 1465 338 1490 in
352 1465 460 1492 Boeotia
472 1466 598 1498 flumina,
613 1472 705 1492 natura
719 1466 803 1501 separi
817 1466 899 1492 Solin.
913 1475 935 1492 c.
945 1474 981 1492 12.
998 1469 1016 1492 i.
1025 1465 1131 1502 diuerfiz.
1227 1465 1268 1492 Est
1283 1466 1353 1492 ratio

306 1500 397 1534 separ,
409 1501 454 1531 ait,
472 1510 501 1528 ac
515 1501 650 1528 diuersum
663 1510 743 1536 genus
764 1501 873 1528 Phaedr.
887 1510 907 1534 1,
922 1510 958 1533 31,
970 1509 996 1536 7.
1032 1501 1085 1529 >Sed
1097 1505 1124 1527 in
1138 1502 1265 1537 plerisque·
1277 1501 1353 1528 Codd.

304 1536 416 1572 legitur,
437 1536 477 1563 Est
490 1538 560 1563 ratio
572 1537 703 1572 separata3
730 1538 814 1564 Burm.
829 1537 906 1564 statio
921 1538 1043 1571 separata.

344 1578 357 1598 s
370 1577 385 1597 Ε
396 1578 411 1597 Ρ
421 1571 439 1598 λ’
451 1579 467 1598 R
480 1579 510 1605 Ο,
531 1577 585 1599 are.
621 1572 752 1608 [doeoplg‘ffi
771 1572 895 1608 οἷποκρίνω,
914 1571 1028 1607 χωρίζω]
1065 1570 1353 1604 Diuidere‚distrahere;
1368 1584 1408 1610 40
1416 1572 1493 1599 Auel.
1507 1572 1539 1600 de
1553 1572 1645 1599 Limit.
1657 1581 1682 1608 p.
1693 1574 1745 1602 296
1766 1572 1836 1608 Goes.

305 1616 321 1633 α
334 1606 365 1632 Se
384 1613 407 1633 et
422 1608 487 1634 Paro
501 1607 668 1643 Compofienm.
737 1608 802 1634 Plin.
818 1617 853 1640 13,
867 1615 895 1642 17
916 1609 980 1634 Mox
992 1609 1110 1642 separant
1123 1607 1251 1639 lamando,
1271 1613 1296 1633 et
1309 1607 1353 1633 lic-

306 1649 363 1668 0313
377 1642 499 1670 tundunt.
556 1644 577 1669 A
591 1644 724 1678 perpetuis
736 1644 788 1670 suis
803 1643 921 1669 historiis
939 1652 983 1675 ea,
1003 1652 1069 1678 quae
1083 1643 1152 1676 dixi,
1170 1642 1238 1669 bella
1251 1643 1351 1677 separa-

306 1684 404 1704 verunt
416 1678 472 1705 Cic.
486 1680 557 1705 Fam.
571 1687 633 1712 52¹²·
743 1680 765 1706 A
780 1679 888 1705 domina
903 1679 1016 1714 separari
1036 1678 1118 1706 Ouid.
1132 1680 1224 1705 Amor.
1240 1687 1259 1710 1,
1272 1687 1298 1711 4,
1307 1680 1350 1705 60.

305 1713 364 1740 Cic.
380 1713 459 1739 Acad.
472 1724 500 1748 4,
516 1723 552 1741 rii
580 1714 717 1747 Qioniam
734 1723 797 1742 vera
817 1724 831 1741 a
848 1714 917 1740 salsis
934 1714 1009 1741 nullo
1023 1714 1176 1741 discrimine
1190 1715 1351 1748 separantur.

305 1748 348 1780 Ab
361 1748 447 1775 studio
460 1749 603 1783 sapientiae
617 1749 783 1783 disciplinam
799 1750 864 1776 hanc
885 1750 1033 1784 (medendi)
1054 1751 1183 1784 separauit
1191 1750 1258 1776 Cels.
1268 1750 1351 1784 praef.
1366 1763 1400 1789 43

303 1784 474 1818 Cogitatione
487 1785 568 1819 magis
580 1793 659 1819 quam
672 1794 701 1811 re
715 1785 747 1811 ab
761 1786 853 1820 aliquo
873 1786 987 1820 separari
1006 1786 1062 1812 Cic.
1075 1785 1126 1812 Off.
1142 1795 1150 1811 1
1166 1795 1186 1811 c.
1200 1795 1238 1817 27.
1276 1784 1350 1811 idem

305 1819 337 1846 de
350 1821 452 1847 Inuent.
468 1829 475 1846 1
498 1829 520 1846 c.
535 1828 571 1855 74
598 1821 750 1855 Separatum
770 1820 895 1855 quiddam
916 1821 950 1846 est
969 1827 1042 1847 extra
1061 1821 1243 1847 affiimtionem
1257 1829 1350 1855 appro-

303 1855 388 1882 batio.
445 1856 506 1883 Duo
519 1857 603 1883 tnaria
617 1857 738 1891 pertenui
751 1856 904 1883 discrimine
920 1857 1072 1890 separantur
1090 1856 1147 1882 Cic.
1163 1857 1225 1890 Agr.
1242 1865 1257 1882 2
1277 1867 1297 1881 c.
1310 1864 1347 1887 32.

303 1891 371 1918 Lato
383 1900 437 1918 non
456 1893 562 1925 separor
574 1900 690 1926 aequore
708 1892 791 1918 Ouid.
807 1890 918 1918 Heroid.
935 1897 969 1924 18,
983 1899 1035 1926 173.

341 1933 460 1953 SEPAR
472 1929 518 1953 ᾹΤ
527 1934 547 1952 V
556 1934 580 1959 s,
599 1936 623 1957 3,
642 1936 696 1953 uin.
717 1927 812 1954 Partic.
848 1927 1045 1963 [κεχωριμένος]
1101 1927 1157 1953 Cic.
1178 1926 1261 1952 Tusc.
1277 1934 1305 1959 4,
1320 1934 1351 1959 34
1364 1937 1397 1963 50

299 1971 324 1988 c.
339 1970 363 1994 15
381 1961 496 1994 Quando
509 1962 592 1996 igitur
605 1963 690 1989 virtus
703 1963 739 1989 est
753 1963 859 1989 affefitio
872 1963 974 1996 animi,
995 1969 1041 1989 etc.
1062 1968 1088 1988 et
1101 1963 1186 1989 virtus
1201 1962 1254 1996 ipsa
1269 1962 1349 1996 perse

303 1998 348 2024 sua
363 1998 452 2032 sponte
467 1998 580 2032 separata
594 1998 674 2024 etiam
689 1998 805 2024 vtilitate
823 1998 973 2024 laudabilis,
1028 1997 1103 2024 Idem
1125 2001 1178 2024 Att.
1201 2006 1240 2030 14,
1255 2003 1280 2026 18
1298 1996 1348 2023 Ista

301 2042 378 2066 vero,
395 2041 462 2067 quae
476 2040 504 2059 tu
519 2034 625 2060 contexi
645 2034 696 2066 vis,
715 2034 787 2060 aliud
809 2032 942 2068 quoddam
958 2034 1103 2067 separatum
1116 2034 1244 2059 volumen
1260 2033 1347 2067 exspe-

302 2068 381 2095 Etant.
418 2069 546 2101 Separatis
559 2069 588 2095 in
596 2069 664 2103 iugis
677 2069 772 2096 Horat.
786 2070 837 2096 Od.
853 2078 875 2100 2,
886 2077 921 2101 19,
934 2075 968 2098 18.
1007 2070 1120 2104 Compar.
1141 2067 1290 2097 intelleti‘tus
1310 2068 1347 2093 se-

300 2104 420 2140 paratior
439 2105 558 2131 Tertull.
572 2105 604 2131 de
617 2104 714 2131 Anima
730 2114 751 2131 c.
767 2110 798 2134 18.
852 2105 938 2138 Origo
953 2104 1070 2130 inferior
1081 2110 1108 2131 01
1120 2104 1188 2131 ordo
1201 2103 1347 2138 separatior
1368 2110 1397 2137 ςς

299 2140 437 2175 Augustin.
451 2140 484 2166 de
498 2142 620 2167 Immort.
633 2140 736 2167 animae
751 2149 772 2166 c.
787 2142 812 2166 6.

337 2182 351 2203 s
362 2183 378 2203 Ε
387 2183 402 2202 1>
411 2183 459 2202 AR
468 2177 491 2202 Ᾱ
500 2183 520 2201 T
529 2184 538 2202 1
550 2183 584 2202 M.
603 2176 670 2203 Adu.
708 2175 816 2212 [χωρὶς]
854 2175 929 2202 Caes.
944 2174 1008 2201 Bell.
1024 2174 1092 2200 Gall.
1108 2183 1130 2206 7,
1139 2176 1169 2205 36
1189 2174 1223 2199 At
1236 2174 1345 2200 Vercin-

299 2212 421 2246 getorix,
441 2212 528 2238 castris
548 2221 597 2246 pro
615 2211 716 2246 oppido
736 2212 764 2238 in
778 2217 868 2238 monte
883 2210 987 2245 positis,
1011 2209 1192 2236 mediocribus
1206 2210 1306 2235 circum
1320 2210 1345 2234 se

298 2247 448 2274 interuallis
460 2248 599 2280 separatim
620 2248 779 2282 singularum
793 2247 934 2273 ciuitatum
947 2246 1036 2280 copias
1048 2245 1233 2272 collocauerat.
1269 2246 1344 2278 Quae

299 2282 439 2317 separatim
451 2283 563 2316 quisque
577 2283 609 2308 de
624 2292 673 2314 eo,
700 2283 767 2317 apud
789 2284 813 2308 se
828 2282 925 2309 dixerit
943 2282 1016 2308 Caes.
1028 2282 1056 2308 Β.
1073 2282 1104 2308 G.
1122 2290 1142 2313 1,
1158 2287 1194 2313 19.
1302 2280 1345 2306 Se·
1364 2284 1400 2310 60

300 2319 413 2353 paratim
436 2318 530 2352 pueri,
557 2317 628 2343 senes
650 2318 828 2350 mulieresque
841 2318 913 2344 Caes.
929 2318 956 2343 Β.
968 2318 1001 2343 G.
1016 2326 1085 2349 ¹³29·
1141 2317 1197 2343 Cic.
1210 2315 1243 2342 de
1256 2315 1344 2342 Finib.

299 2362 324 2386 3,
337 2362 374 2386 44
387 2361 442 2385 c.13
462 2353 566 2380 Etenim
582 2352 599 2379 si
613 2352 702 2378 valere
715 2358 740 2379 et
753 2353 826 2385 saepe
839 2358 864 2377 et
880 2353 961 2385 magis
973 2351 1148 2385 expetendum
1162 2352 1207 2382 sit,
1222 2360 1299 2384 quam
1308 2353 1344 2378 sa-

301 2398 363 2424 pere
376 2388 473 2414 solum:
491 2397 575 2422 neque
589 2394 676 2414 tamen
691 2387 708 2414 fi
724 2393 867 2421 Vtrumque
880 2386 909 2412 sit
921 2387 1102 2413 aestimatione
1115 2386 1242 2419 dignum,
1260 2386 1344 2419 pluris

300 2425 332 2452 fit
347 2423 510 2450 coniune'tim
520 2443 526 2454 ,
540 2431 619 2455 quam
634 2424 721 2457 sapere
735 2424 820 2457 ipsum
833 2422 981 2456 separatim.
1016 2423 1120 2455 Legitur
1134 2427 1156 2446 et
1164 2420 1346 2446 coniunctum

303 2468 327 2487 et
341 2461 500 2493 Separatum.
538 2459 594 2485 Cic.
610 2459 681 2485 Fam.
699 2467 731 2489 13,
747 2467 771 2484 12
791 2457 893 2484 Videor
906 2457 975 2483 mihi
988 2465 1069 2490 quum
1085 2456 1222 2490 separatim
1237 2454 1271 2481 de
1286 2463 1346 2488 pro·
1360 2458 1393 2489 65

301 2496 385 2524 bitate
399 2496 454 2522 eius
468 2501 494 2521 et
508 2494 628 2521 moribus
641 2493 759 2520 dicturus
774 2493 895 2525 fuissem,
915 2491 932 2518 si
945 2492 1018 2525 prius
1033 2493 1146 2522 eausam,
1160 2500 1206 2517 cur
1219 2499 1277 2516 eam
1291 2496 1347 2515 tan-

303 2539 396 2565 topere
416 2531 573 2565 diligerem,
606 2529 658 2556 tibi
676 2528 864 2564 exposuissem,
897 2527 926 2553 in
945 2527 1000 2561 ipsa
1021 2527 1096 2553 causa
1113 2526 1267 2560 'exponenda
1287 2525 1347 2565 satis

303 2568 384 2594 etiam
397 2566 429 2593 de
444 2566 576 2600 probitate
590 2565 719 2600 scripsisse.
755 2563 823 2590 ibid.
841 2572 897 2596 ¹5⁷2
917 2563 975 2589 Alia
986 2562 1093 2596 epistola
1106 2562 1284 2587 communiter
1296 2560 1348 2600 tibi

304 2602 489 2629 commendaui
503 2602 596 2636 ligatos
610 2600 789 2636 Arpinatium,
810 2606 838 2626 vt
852 2599 929 2634 potui
943 2597 1153 2633 diligentissime,
1168 2606 1196 2623 ac
1210 2598 1347 2630 separatim

304 2640 343 2672 Q
360 2638 510 2668 Fufidium,
539 2646 654 2671 quocum
675 2636 743 2664 mihi
762 2645 855 2661 omnes
878 2634 1074 2661 necessitudines
1094 2635 1168 2665 sunt,
1194 2631 1349 2666 diligentius
1370 2632 1535 2671 70designet,
1549 2639 1603 2666 quo
1616 2632 1722 2657 Seruius
1736 2631 1868 2666 Sulpicius
1884 2632 2020 2658 inferatur.
2058 2632 2137 2665 Quod
2153 2632 2299 2666 sepulcrum
2317 2633 2343 2666 ip

304 2673 472 2701 commendo.
509 2673 564 2699 Cic.
573 2674 644 2700 Fam.
655 2681 677 2704 z,
685 2675 713 2699 16
723 2671 800 2699 Nihil
809 2670 909 2697 accidet
916 2671 942 2696 ei
949 2670 1087 2704 separatim
1095 2678 1109 2696 a
1118 2669 1229 2703 reliquis
1238 2667 1350 2695 ciuibus.

341 2715 463 2735 SEPAR
474 2715 560 2735 ΑΤΕ.
587 2709 653 2735 Adu.
690 2709 803 2743 Compar.
840 2707 896 2733 Cic.
914 2706 947 2732 de
968 2707 1072 2732 Inuent.
1097 2713 1123 2737 2,
1139 2707 1181 2738 156
1209 2713 1231 2730 c.
1247 2712 1270 2737 51
1284 2710 1349 2729 extr.

304 2745 442 2780 Qiaedam
460 2744 602 2778 separatius
616 2744 647 2771 ad
660 2743 739 2770 finem
750 2742 935 2776 adiungentur.
1272 2774 1278 2779 ·

341 2787 354 2806 S
363 2788 379 2807 E
388 2786 402 2805 P
411 2787 432 2807 Α
441 2787 459 2807 R
470 2787 490 2806 A
502 2786 540 2805 TI
554 2787 574 2807 O
585 2800 593 2811 ‚
623 2780 689 2806 sinis.
716 2780 734 2805 f.
773 2776 955 2812 [ὧσιχωρισμὸς
975 2776 1056 2803 Gloss.
1070 2777 1129 2803 Lat.
1145 2776 1210 2810 Gn]
1247 2775 1304 2801 Cle.
1318 2774 1351 2800 de

302 2817 408 2844 Inuent.
421 2825 444 2849 ε,
457 2824 485 2849 55
496 2825 518 2843 0.
533 2821 558 2846 18
577 2815 648 2842 Facti
665 2816 698 2842 ab
711 2815 757 2841 illa
773 2813 928 2840 definitione
943 2813 1080 2847 separatio.
1129 2811 1197 2838 Gell.
1212 2816 1258 2842 2,8
1277 2811 1352 2845 Sepa-
1370 2817 1402 2846 75
1413 2810 1505 2837 Theb.
1518 2819 1542 2844 p.
1559 2814 1621 2842 1¹89·
1759 2810 1835 2836 Sacra
1844 2809 1924 2846 fuzffe
1941 2812 2059 2837 Romanis
2072 2814 2129 2837 iura
2141 2810 2324 2846 sepulcrorum,
2344 2803 2396 2844 coiijl

304 2852 376 2879 ratio
389 2852 472 2878 animi
485 2858 510 2877 et
525 2852 655 2886 corporis.
689 2850 760 2879 Adde
774 2849 907 2883 Qiinffil.
921 2856 948 2884 7,
966 2857 976 2874 1
995 2855 1018 2875 et
1031 2857 1056 2881 9,
1071 2857 1091 2880 3.
1111 2854 1134 2875 et
1149 2846 1351 2879 Columel.3,21.

303 2887 425 2915 Frontin.
440 2887 470 2913 de
484 2887 579 2914 Colon.
602 2897 624 2922 p.
640 2895 687 2918 335.

344 2930 357 2950 s
369 2930 386 2950 Ε
399 2929 414 2948 P
427 2929 449 2949 Α
462 2928 481 2947 R
493 2925 514 2948 A*
525 2929 546 2947 Τ
557 2930 609 2953 vs,
629 2921 666 2948 us.
687 2931 722 2947 ni.
759 2920 838 2955 Apul.
854 2919 925 2946 Flor.
939 2929 964 2954 p.
978 2927 1032 2952 350.

340 2965 353 2984 S
362 2965 400 2985 ΕΡ
410 2965 432 2984 Α
441 2964 458 2983 R
471 2959 493 2984 Ᾰ
504 2964 524 2983 Τ
534 2965 552 2984 O
562 2964 580 2984 R
590 2978 598 2990 ‚
629 2957 694 2984 bris.
715 2966 751 2982 m.
794 2954 928 2990 [χωρις-ἢι,
946 2953 1089 2990 &nixus-pinis·
1106 2953 1184 2980 Gloss'.
1205 2954 1262 2981 Lat.
1285 2953 1353 2987 Gn]

304 2993 426 3024 Tertull.
441 2993 474 3020 de
496 2993 649 3027 Praescript.
682 3001 711 3024 30
748 2992 858 3018 1336111111
876 2992 1021 3025 separatum
1036 2989 1150 3017 ostendit
1165 2990 1352 3024 separatorem.
1370 2992 1403 3018 80
1415 2996 1486 3016 tanta
1500 2988 1595 3022 religio
1608 2987 1643 3013 est
1664 2988 1859 3020 sepulcrorum,
1879 2995 1908 3015 vt
1920 2995 1992 3015 extra
2005 2989 2074 3015 sacra
2091 2995 2116 3016 et
2130 2995 2233 3023 gentem
2248 2989 2344 3016 inferri
2358 2988 2373 3016 f

343 3036 356 3056 s
367 3035 407 3056 ΕΡ
416 3037 437 3056 Α
448 3036 467 3056 R
476 3031 498 3055 Ᾰ
508 3035 529 3055 T
539 3035 556 3054 R
568 3036 576 3054 1
587 3037 615 3059 x,
634 3028 691 3055 scis.
708 3028 728 3053 f.
763 3027 900 3061 Augustin.
915 3026 945 3052 de
962 3026 1046 3053 Trin.
1063 3034 1096 3057 11,
1111 3034 1137 3051 io
1157 3026 1283 3052 Voluntas
1292 3034 1352 3052 con-

305 3065 424 3092 iunctrix
438 3074 467 3091 ac
480 3065 623 3099 separatrix
637 3063 822 3090 huiuscemodi
838 3071 937 3090 rerum.

339 3107 400 3128 δεῖ)
410 3108 458 3127 AR
468 3106 519 3127 AT
530 3102 541 3126 i
551 3107 571 3126 v
582 3107 601 3126 v
613 3107 642 3133 s,
662 3109 687 3132 a,
707 3108 761 3125 11111.
783 3098 843 3125 Adi.
880 3095 1041 3132 διαξευκτικός
1072 3095 1152 3121 Glon‘.
1169 3096 1214 3122 Gr.
1228 3096 1285 3123 Lat.
1416 3103 1460 3123 tur
1475 3096 1512 3128 ii,
1529 3094 1574 3130 qui
1588 3094 1688 3119 conditi
1702 3095 1773 3134 sunt:
1797 3105 1844 3122 nec
1863 3102 1949 3122 tamen
1963 3105 2056 3123 corum
2071 3102 2130 3122 ante
2144 3096 2288 3130 sepulcrum
2304 3096 2353 3129 est,
2370 3104 2384 3136 q

338 3143 350 3162 S
360 3142 399 3163 ΕΡ
413 3144 434 3162 Α
448 3142 464 3161 R
479 3136 567 3163 Assi'l.
578 3143 586 3161 1
596 3143 627 3169 s,
653 3144 675 3163 e.
712 3135 774 3162 Adi.
812 3135 868 3161 Cic.
877 3134 961 3161 Tusc.
969 3142 989 3165 1,
1004 3140 1032 3159 21
1046 3141 1067 3158 c.
1077 3140 1102 3157 10
1119 3133 1141 3157 Α
1154 3140 1268 3166 corpore
1285 3133 1353 3167 sepa·
1415 3132 1481 3158 iusta
1495 3130 1578 3162 facta,
1595 3135 1620 3155 et
1633 3138 1727 3164 corpus
1739 3133 1873 3158 incensum
1886 3132 1930 3158 est.
1950 3147 2040 3152 ———
2074 3132 2230 3166 Priusquam
2251 3132 2278 3158 in
2298 3141 2342 3159 eos
2354 3131 2385 3158 ini

301 3171 416 3199 rabilem
438 3172 494 3198 ess'e.
1373 3169 1402 3199 85
1415 3167 1492 3203 gleba
1506 3166 1555 3197 est,
1578 3164 1650 3190 locus
1664 3165 1727 3198 ille,
1746 3166 1793 3193 vbi
1807 3174 1950 3194 crematum
1971 3168 2006 3194 est
2027 3177 2135 3202 corpus,
2157 3167 2225 3194 nihil
2245 3167 2323 3194 habet
2343 3166 2383 3195 rell'

338 3214 350 3233 S
362 3205 520 3238 131’131,10,
539 3206 660 3240 sepeliui,
681 3206 821 3239 sepultum,
841 3207 889 3231 Ire.
926 3203 1044 3237 [filim-w,
1061 3201 1228 3237 ἔνταφιοέζωε]
1272 3204 1354 3229 Humo

301 3242 396 3269 iniec‘la
411 3250 537 3277 contegere
547 3262 554 3274 ,
569 3251 594 3267 in
603 3242 744 3277 sepulcrum
757 3241 854 3276 inferre*
865 3260 872 3271 ‚
892 3240 983 3266 tumulo
998 3238 1116 3265 mandare
1128 3245 1257 3265 mortuum.
1295 3239 1354 3265 Nec

303 3279 437 3304 tumulum
452 3287 532 3304 curo:
560 3277 651 3311 sepelit
669 3282 759 3302 natura
779 3275 886 3302 reliftos
900 3276 1035 3302 Maecenas
1050 3281 1090 3309 ap.
1104 3274 1161 3299 Sen.
1174 3275 1219 3308 Ep.
1236 3282 1269 3306 92
1288 3281 1352 3300 extr.

303 3314 359 3339 Cic.
373 3314 405 3340 dc
419 3314 510 3347 Legib.
526 3322 550 3346 ι,
564 3320 595 3347 75
608 3322 629 3340 c.
646 3320 673 3344 23
692 3311 839 3337 Hominem
854 3310 1084 3344 mortuuminquit
1100 3310 1141 3335 lex
1158 3310 1185 3335 in
1200 3316 1248 3336 xil
1258 3309 1350 3336 Tabb.

303 3348 332 3374 in
346 3350 410 3374 vrbe
425 3359 457 3374 ne
472 3349 597 3382 sepelito,
616 3356 683 3374 neue
697 3348 778 3374 vrito.
836 3348 866 3372 Et
876 3347 960 3381 paullo
971 3345 1043 3381 post,
1068 3345 1133 3372 Non
1146 3345 1192 3379 qui
1207 3350 1299 3372 vratnr
1313 3346 1349 3371 se·
1360 3353 1398 3379 90

304 3383 398 3417 peliri,
416 3386 456 3411 sed
471 3386 517 3419 qui
532 3385 665 3410 humetur.
788 3381 853 3409 Plin.
868 3390 898 3413 ¹7,
913 3390 941 3413 54
967 3381 1087 3416 Sepultus
1107 3381 1269 3415 intelligitur
1282 3389 1347 3414 quo-

304 3427 358 3453 quo
373 3420 454 3446 modo
468 3420 604 3446 conditus:
620 3419 742 3446 humatus
754 3426 830 3450 vero,
850 3417 933 3443 humo
947 3416 1039 3443 teetus.
1057 3416 1126 3452 conf.
1140 3417 1290 3451 Cuper.Obfi
1303 3424 1349 3451 1,7.

303 3454 347 3480 vbi
359 3452 464 3483 ostendit
478 3455 602 3489 sepelire,
616 3455 762 3490 sepulcrum
776 3460 821 3480 etc.
839 3452 873 3479 ad
884 3461 975 3478 omnem
987 3455 1107 3478 rationem
1120 3459 1143 3478 et
1157 3455 1234 3478 ritum
1243 3453 1350 3487 funeris

302 3489 424 3516 condendi
433 3497 568 3525 pei-tmere.
680 3490 798 3524 Sepelire
813 3488 951 3519 dolorem,
968 3494 1011 3521 per
1023 3488 1224 3521 translationem,
1239 3495 1288 3522 pro
1301 3489 1349 3513 Dc-
1410 3497 1470 3523 quis
1478 3496 1505 3514 111
1518 3486 1637 3521 sepulcro
1649 3485 1712 3511 dolo
1731 3487 1803 3513 malo
1815 3487 1992 3520 habitauerit‚
2005 3488 2190 3514 aedificiumue
2198 3486 2280 3518 aliud,
2294 3493 2369 3520 quaml

298 3531 407 3560 ponere,
428 3526 521 3551 abolere
540 3527 595 3552 Cic.
609 3526 691 3553 Tusc.
705 3535 729 3558 2,
739 3534 772 3559 43
785 3534 806 3551 0.
819 3533 852 3556 ¹3·
946 3522 1099 3549 Amittenda
1116 3522 1198 3556 igitur
1215 3522 1348 3549 fortitudo
1365 3529 1399 3555 95
1410 3523 1521 3558 sepulcri
1529 3523 1602 3549 causa
1618 3520 1716 3547 facium
1732 3521 1769 3553 sit,
1783 3522 1922 3554 habuerit3
1939 3523 1968 3550 in
1981 3532 2051 3557 eum,
2066 3523 2150 3558 siquis
2162 3530 2195 3548 eo
2202 3523 2310 3548 nomine
2317 3527 2381 3557 agere
2397 3530 2400 3536 ·

305 3560 357 3592 est,
376 3567 420 3587 aut
432 3560 592 3594 sepeliendus
605 3562 691 3588 dolor.
799 3559 857 3586 Illic
871 3559 888 3586 si
904 3567 956 3593 qua
971 3567 1060 3584 meum
1080 3557 1223 3591 sepelin'ent
1237 3558 1289 3584 fata
1302 3557 1347 3584 do·
1409 3559 1456 3591 let,
1472 3573 1517 3578 —
1528 3557 1656 3585 iudicium
1671 3556 1749 3583 dabo.
2394 3566 2395 3569 ¹

304 3595 391 3622 lorcin
414 3597 529 3631 Propert⁴
548 3605 556 3621 1
566 3616 573 3627 ,
593 3605 629 3630 17,
644 3606 680 3629 19.
770 3595 872 3622 Cune’ta
890 3601 950 3621 tuus
967 3592 1089 3628 sepeliuit
1101 3601 1177 3619 amor
1193 3594 1310 3627 Propert.
1325 3603 1346 3626 3,
1445 3603 1458 3622 s
1468 3600 1484 3620 Ε
1494 3600 1508 3619 Ρ
1518 3601 1538 3619 ν
1552 3600 1567 3619 1.
1577 3599 1593 3619 c
1604 3598 1621 3617 R
1632 3594 1676 3617 Ᾱι,
1686 3599 1694 3618 1
1705 3599 1729 3624 S,
1738 3602 1760 3618 e.
1769 3592 1828 3618 Adi.
1841 3593 1976 3629 [ἔντοίφιος]
1990 3592 2063 3628 and
2073 3591 2254 3627 adfipulcrum
2261 3595 2376 3629 pertinet-¹
2393 3590 2395 3612 ἱ

305 3639 339 3663 15,
354 3640 378 3663 9.
486 3631 568 3657 Plaut.
583 3632 658 3658 Most.
674 3640 697 3665 ς,
710 3640 736 3664 2,
751 3640 781 3657 20
800 3631 853 3657 Vbi
867 3631 987 3656 somnum
1003 3628 1113 3663 sepeliui
1133 3637 1250 3662 omnem,
1268 3636 1348 3664 atque
1408 3630 1478 3656 Arae
1486 3626 1637 3664 sepulcrales
1651 3627 1731 3654 Ouid.
1742 3629 1806 3655 Met.
1815 3634 1836 3658 8,
1849 3635 1910 3662 480.
2014 3627 2131 3655 Fauillae
2139 3626 2264 3654 Prudent.
2277 3627 2336 3654 adu.
2347 3625 2395 3658 Sym!

304 3666 460 3693 obdormiui
476 3667 619 3701 crapulam.
742 3666 774 3693 Se
787 3667 853 3693 vino
866 3672 892 3692 et
909 3666 994 3700 epulis
1013 3664 1124 3699 sepelire
1143 3664 1200 3689 Sen.
1215 3665 1294 3699 Epist.
1312 3674 1348 3692 η.
1408 3673 1428 3696 1,
1443 3673 1486 3700 97.
1590 3663 1643 3689 Fax
1657 3663 1806 3698 sepulcralis
1820 3665 1902 3692 Ouid.
1917 3664 1996 3699 Epist.
2008 3673 2034 3696 2,
2052 3671 2105 3690 120.
2212 3664 2308 3690 Honor
2320 3655 2395 3690 Seduhl

342 3707 354 3726 S
367 3708 381 3727 E
393 3708 407 3726 P
417 3708 436 3726 v
446 3710 461 3728 1,
472 3709 495 3728 Τ
506 3708 525 3727 ν
535 3709 559 3735 S,
578 3711 602 3734 a,
623 3711 676 3728 um.
702 3702 796 3729 Partic.
832 3702 977 3735 [ἕν-ταφείς]
1015 3701 1071 3727 Cic.
1084 3700 1112 3726 in
1125 3700 1210 3726 Pison.
1227 3709 1255 3727 10
1276 3701 1348 3727 Haec
1357 3700 1466 3727 10010h.
1480 3708 1502 3725 c.
1522 3707 1554 3725 11.

305 3736 364 3762 sunt
377 3736 394 3762 ὁ
409 3738 526 3764 carnifex
542 3738 570 3764 in
585 3738 688 3773 gremio
701 3738 798 3771 sepulta
810 3737 966 3763 Consulatus
980 3735 1029 3762 tui.
1155 3735 1225 3762 Bella
1239 3736 1349 3770 sepulta,

303 3772 357 3796 vid.
375 3777 510 3799 BELLVM.
614 3773 738 3807 Templis
754 3779 780 3799 et
793 3781 858 3799 auro
875 3772 990 3807 sepultus
1001 3772 1099 3798 Lucan.
1113 3777 1136 3803 8,
1150 3776 1204 3803 859.
1295 3773 1347 3798 Cu-

302 3805 355 3832 stos
368 3807 490 3840 sepultus,
506 3809 623 3835 Cerberus
633 3809 732 3844 sopitus
747 3809 822 3842 Virg.
838 3809 1003 3841 Aen.6,424.
1073 3807 1256 3840 Lucret.1,i34
1276 3807 1348 3835 Nam

302 3840 379 3868 fimul
395 3843 511 3876 expletus
525 3844 651 3878 dapibus,
664 3844 782 3877 vinoque
796 3843 921 3876 sepultus,
962 3841 1102 3869 Ceruicem
1118 3842 1240 3870 inflexam
1252 3842 1350 3879 posuit.

306 3876 439 3904 Inuadunt
452 3878 543 3905 vrbem
555 3882 663 3913 somno,
677 3879 796 3913 vinoque
808 3878 936 3913 sepultam
955 3879 1031 3913 Virg.
1046 3878 1111 3905 Aen.
1125 3886 1148 3911 2,
1155 3881 1212 3909 265.
1317 3878 1426 3914 Et1051,
1438 3884 1458 3911 1,
1472 3877 1510 3910 64
1528 3873 1662 3909 Indidem,
1679 3875 1750 3903 vnde
1764 3876 1946 3912 oritur-facito
1965 3880 1994 3901 vt
2015 3873 2095 3901 facias
2115 3872 2254 3904 stultitiam
2272 3869 2390 3909 sepelibile

1404 3813 1473 3840 rogo
1489 3812 1609 3830 coenam.

1756 97 1783 138 S
1903 98 1938 138 E
2065 99 2094 139 P
2341 114 2427 154 ,³6

1416 188 1533 223 stupeant
1546 190 1630 216 multo
1642 188 1721 215 eorda
1733 187 1832 222 sepulta
1844 194 1921 214 mero
1932 188 2013 216 Ouid.
2027 188 2060 215 de
2073 189 2148 216 Rem.
2162 188 2253 216 Amor.
2266 190 2324 219 806.
2386 196 2409 224 [11,
2431 212 2432 215 ,

1418 224 1471 250 duo
1484 225 1573 259 lingua
1586 225 1682 260 sepulta
1696 232 1769 250 mero
1783 224 1900 257 Propert.
1914 232 1935 255 3,
1945 231 1976 257 11,
1983 226 2022 256 56.
2113 223 2233 258 Sepultus
2248 225 2312 255 sum,
2320 230 2366 260 pro
2380 202 2409 262 ht.
2427 220 2433 250 ἶ

1417 259 1487 286 Ter.
1502 261 1606 287 Phorm.
1622 268 1643 293 5,
1657 268 1683 295 7,
1697 268 1728 292 50
1748 259 1842 284 Lemni
1856 257 1948 284 habuit
1961 259 2049 286 aliam.
2067 266 2094 287 c.
2115 259 2201 285 nullus
2212 260 2278 285 sum.
2305 266 2330 285 Ρ.
2354 269 2407 296 01111

1418 294 1501 321 filiam
1518 297 1637 330 suscepit,
1657 302 1683 322 et
1697 304 1753 321 eam
1771 294 1838 320 clain
1854 293 1952 320 educat.
1972 301 1997 321 c.
2018 295 2134 330 sepultus
2149 295 2214 321 sum.
2258 294 2314 321 Vbi
2326 295 2388 324 Ι)01”

1418 328 1530 363 αὔξησις,
1548 332 1604 365 plus
1615 331 1650 357 est
1664 331 1735 356 0111111
1748 338 1827 364 quam
1842 329 1940 355 Nullus
1959 330 2023 356 sum.
2147 330 2202 357 Cic.
2217 338 2265 364 pro
2279 330 2347 364 Lege
2357 329 2390 357 Ν

1417 373 1449 397 30
1463 374 1484 391 0.
1499 374 1520 392 11
1538 367 1617 400 Qiod
1632 367 1733 393 Bellum
1747 365 1940 399 exspectatione
1957 365 2075 399 Pompeii
2093 371 2256 393 attenuatum
2274 366 2372 398 atquei
2390 369 2410 400 1³4

1417 405 1512 427 nutum
1525 402 1569 432 est,
1577 402 1691 428 aduentu
1703 401 1831 427 sublatum
1839 409 1868 426 ac
1876 399 2012 433 sepultum.
2033 399 2101 427 Add.
2115 401 2184 429 Vell.
2201 410 2222 430 2,
2236 410 2278 434 90,
2292 409 2311 426 1.
2363 402 2375 428 (
2387 398 2403 429 h

1419 438 1462 466 66,
1471 445 1501 468 94
1508 436 1616 463 Tecum
1627 447 1678 464 vna
1690 443 1745 463 tota
1758 436 1794 462 est
1802 435 1888 462 nostra
1903 435 2000 469 sepulta
2009 435 2109 463 domus.
2180 437 2259 463 Fama
2267 435 2376 469 sepulta(
2384 455 2395 462 η

1417 471 1495 504 Epist.
1509 479 1536 504 7,
1550 480 1592 505 92.
1705 473 1803 499 Inertia
1817 471 1914 506 sepulta
1929 472 1996 497 Hor.
2010 471 2098 498 Carm.
2112 483 2134 504 4,
2146 481 2173 504 9,
2186 481 2228 505 29.
2253 471 2365 507 conf.Bu

1418 541 1505 575 pultae
1518 542 1591 569 vrbis
1604 551 1688 570 ruinis
1700 544 1781 569 noxia
1795 542 1858 569 tabo
1872 542 1966 568 humus
1979 541 2048 568 haud
2068 543 2191 576 permisit.
2243 544 2281 569 De
2296 541 2354 569 vrbe
2365 552 2376 569 e
2388 541 2395 570 ³ss

1416 577 1546 611 Sepelitus
1559 587 1606 612 pro
1621 578 1748 613 Sepultus,
1763 579 1830 605 Cato
1845 578 1903 604 vsus
1917 577 1968 609 est,
1986 577 2044 610 telle
2057 577 2188 605 Prisciano
2201 587 2226 612 p.
2241 586 2301 610 909.
2388 574 2392 587 ³
2428 611 2429 615 Ἰ

1435 619 1466 652 ’8
1481 619 1498 639 E
1513 618 1528 638 Ρ
1546 618 1569 639 ν’
1584 620 1600 639 L
1616 621 1637 640 Τ
1655 620 1692 645 0,
1727 619 1781 641 are.
1823 615 1935 640 Venant.
1954 613 2091 639 Fortunat.
2110 613 2128 640 1.
2145 620 2159 644 8
2181 614 2281 646 hymno
2301 611 2332 638 de
2352 621 2393 648 gns

1413 653 1485 674 vitae
1503 654 1551 674 aet.
2364 651 2368 655 ⁴

1452 689 1465 708 s
1475 689 1515 708 ΕΡ
1525 689 1545 707 ν
1557 690 1573 709 L
1583 690 1605 710 Τ
1614 685 1661 711 VR
1670 691 1691 712 Α
1702 705 1711 718 ,
1737 694 1776 712 ae.
1797 685 1816 711 f.
1853 681 1954 717 [ταφὴ
1979 682 2161 718 ἓνταφιασμδς]
2199 684 2282 710 Funus
2295 690 2318 710 et
2330 684 2383 719 exs'

1410 722 1515 754 proprie
1527 717 1635 745 denotat.
1762 721 1817 747 Cic.
1830 720 1942 754 Philipp.
1956 728 1975 750 1,
1989 727 2001 751 5
2017 719 2071 751 Qui
2084 718 2157 746 illam
2173 719 2329 754 insepultam
2343 720 2379 746 se·

1415 763 1473 781 ram
1488 753 1632 781 refecerant
1652 758 1670 781 i.
1684 754 1854 791 illegitimam,
1882 764 1943 791 quae
1957 754 1985 780 id
1999 764 2083 781 nomen
2098 763 2146 780 non
2158 762 2297 781 mercretur.
2319 752 2362 781 Gr]
2375 767 2379 773 ·
2424 751 2434 784 ¹,

1417 788 1522 820 ἄταφος.
1612 791 1643 816 Et
1657 790 1690 817 de
1700 791 1791 825 Legib.
1802 800 1826 821 2,
1839 794 1869 823 65
1889 792 1951 820 ‚Nec
1972 791 2003 816 de
2017 791 2119 816 mortui
2133 790 2226 823 laude,
2239 790 2286 816 nisi
2300 790 2329 815 in
2343 790 2378 824 pu'
2392 788 2393 792 ’
2424 820 2427 825 .

1417 824 1573 859 sepulturis,
1598 834 1645 851 nec
1658 826 1691 852 ab
1705 828 1775 858 alio,
1795 826 1843 852 nisi
1856 828 1903 860 qui
1923 826 2027 860 publice
2039 826 2070 851 ad
2085 834 2141 852 eam
2154 835 2209 852 rem
2224 826 2383 852 constitutus·
2424 842 2428 861 1

1418 861 1472 888 dici
1486 860 1590 887 licebat.
1654 862 1797 897 Aliquando
1812 862 1963 896 Sepulcrum
1971 861 2109 897 significat.
2178 861 2272 896 Sulpie.
2282 862 2313 888 ad
2320 861 2374 887 Cic.
2387 888 2388 891 ,
2428 878 2429 881 =

1418 906 1446 930 4,
1457 906 1484 924 12
1515 898 1548 922 At
1562 895 1761 924 Atheniensibus
1774 898 1863 924 locum
1878 898 2024 932 sepulturae
2039 898 2107 923 intra
2120 895 2212 924 vrbem
2232 902 2260 924 vt
2280 896 2379 928 clarent.

1417 938 1519 967 peti-are
1533 940 1586 958 non
1601 933 1685 966 potui.
1814 933 1860 960 Sed
1867 940 1915 968 pro
1923 933 2060 969 sepeliendi
2072 931 2129 959 abiu
2142 940 2166 959 et
2177 936 2229 959 ritu
2249 933 2303 959 Cic.
2318 932 2349 958 de
2362 932 2379 958 1.

1421 977 1442 998 2,
1450 970 1479 1001 56
1494 977 1515 994 c.
1524 976 1562 1001 2⁶2
1582 967 1795 1002 Antiquiffimum
1810 970 1955 1003 sepulturae
1967 978 2047 1003 genus
2062 968 2088 994 id
2103 968 2178 994 fuisse
2190 968 2315 1000 videtur,
2327 975 2380 1002 quo
2428 985 2431 992 .

1418 1003 1622 1038 Xenophontem
1636 1003 1720 1036 Cyrus
1732 1005 1825 1031 vtitur.
1874 1004 2004 1031 Redditur
2017 1004 2089 1031 enim
2103 1011 2188 1030 terrae
2202 1013 2297 1038 corpus
2306 1023 2314 1036 ,
2328 1009 2353 1029 et
2365 1003 2376 1029 i

1418 1089 1463 1095 ·-—
1483 1083 1571 1109 regem
1586 1074 1703 1101 nostrum
1717 1075 1835 1102 Numam
1849 1075 1986 1102 conditum
2000 1075 2161 1110 accepimus:
2186 1081 2343 1109 gentemque
2357 1075 2380 1101 C=

1416 1110 1479 1136 liam
1494 1119 1577 1144 vsque
1589 1111 1620 1137 ad
1634 1111 1791 1138 memoriam
1806 1111 1920 1138 nostram
1934 1111 1980 1138 hac
1995 1112 2126 1145 sepultura
2141 1111 2236 1137 scimus
2249 1111 2298 1137 esse
2312 1110 2383 1136 vsam

1417 1146 1500 1173 Marii
1514 1146 1570 1172 sitas
1585 1147 1708 1180 reliquias
1721 1147 1789 1181 apud
1804 1148 1933 1173 Anienem
1947 1147 2061 1183 dissipari
2074 1147 2140 1173 iuffit
2171 1146 2253 1173 Sulla'
2263 1145 2352 1172 vietor
2367 1160 2380 1165 -

1420 1181 1501 1214 Qiod
1516 1181 1584 1208 haud
1599 1182 1651 1208 scio
1666 1191 1698 1208 an
1712 1183 1808 1208 timens
1824 1184 1871 1209 suo
1885 1183 1992 1217 corpori
2006 1184 2073 1218 posse
2087 1182 2222 1215 accidere,
2235 1182 2336 1216 primus
2350 1190 2364 1207 e
2376 1190 2391 1216 1

1422 1252 1495 1279 111ἂο
1514 1252 1675 1286 admoneor,
1709 1260 1738 1279 vt
1758 1254 1860 1288 aliquid
1880 1254 1960 1280 etiam
1972 1254 2004 1280 de
2018 1254 2173 1280 humatione
2187 1261 2211 1280 et
2228 1251 2382 1287 sepulturad
2425 1252 2427 1257 '

1419 1288 1482 1314 dum
1497 1288 1655 1316 existimem.
1767 1290 1860 1316 Otium
1878 1289 1930 1316 fine
1943 1289 2028 1317 literis
2041 1299 2114 1316 mors
2127 1290 2174 1322 est,
2186 1294 2211 1316 et
2225 1289 2284 1316 viui
2292 1287 2367 1315 homi
2388 1314 2391 1324 ¹

1418 1324 1524 1358 pultura
1539 1323 1596 1350 Sen.
1612 1324 1655 1357 Ep.
1669 1327 1708 1352 82.
1825 1325 1964 1351 Honorem
1977 1326 2124 1359 sepulturae
2141 1325 2280 1351 decernere
2294 1325 2349 1351 Cic.
2371 1326 2376 1335 '

1419 1369 1441 1387 c.
1457 1362 1483 1386 6.
1587 1358 1728 1385 Tribuere
1741 1358 1810 1385 Suet.
1825 1360 1890 1394 Aug.
1904 1368 1970 1395 c.17.
2074 1362 2133 1387 Mos
2153 1361 2299 1395 sepulturae
2319 1360 2382 1387 Luca
2428 1390 2429 1393 Ἴ

1418 1398 1487 1429 1276.
1559 1393 1670 1422 Afficere
1683 1393 1822 1428 sepultura,
1835 1396 1888 1422 vid.
1905 1402 2044 1422 AFr1c1o.
2148 1397 2210 1422 Fata
2231 1396 2376 1430 sepultura·
2390 1427 2392 1433 y

1418 1438 1483 1465 pert.
1498 1440 1521 1463 2,
1535 1436 1572 1462 28,
1585 1434 1626 1457 26.
1740 1430 1864 1457 Martian.
1885 1431 1913 1456 in
1927 1431 1944 1456 l.
1959 1430 2023 1457 Diui
2036 1431 2138 1457 fratres.
2157 1432 2190 1458 D.
2208 1431 2241 1457 de
2254 1431 2329 1464 relig.
2342 1436 2379 1465 et*

1417 1467 1504 1493 funer.
1562 1466 1627 1493 Diui
1642 1465 1735 1492 fratres
1753 1465 1842 1492 edicio
1855 1466 2064 1497 admonuerunt,
2075 1476 2108 1493 ne
2122 1467 2204 1493 iustae
2217 1466 2366 1502 sepulturae
2375 1464 2391 1496 ll

1416 1507 1481 1532 tum,
1495 1501 1566 1527 idest
1579 1509 1649 1528 terra
1664 1500 1813 1534 conditum,
1826 1511 1919 1537 corpus
1933 1503 2106 1537 inquietetur.

1453 1544 1466 1564 s
1476 1544 1493 1563 E
1504 1543 1519 1562 Ρ
1530 1544 1550 1563 ν
1562 1544 1578 1562 1.
1590 1544 1610 1563 T
1620 1544 1638 1563 v
1649 1543 1668 1562 R
1677 1543 1699 1562 A
1711 1542 1730 1562 R
1741 1544 1750 1563 1
1761 1544 1780 1562 ν
1790 1545 1803 1564 s
1812 1557 1820 1569 ,
1840 1547 1869 1571 a,
1889 1547 1943 1565 um.
1975 1538 2053 1565 Fines
2074 1537 2242 1573 sepulturarii
2263 1537 2318 1565 siue
2333 1537 2374 1564 eiu

1451 1616 1464 1635 s
1474 1615 1490 1633 Ε
1502 1615 1517 1634 Ρ
1530 1614 1550 1634 ν
1563 1615 1579 1633 L
1589 1615 1611 1634 T
1623 1613 1642 1633 ο
1654 1614 1672 1633 R
1681 1627 1689 1639 ,
1710 1607 1772 1635 oris.
1799 1617 1834 1635 m.
1872 1610 1923 1644 Qui
1935 1609 2034 1645 sepelit.
2060 1609 2167 1644 August.
2186 1608 2218 1636 de
2230 1609 2312 1637 Trin.
2325 1618 2351 1643 4.
2358 1617 2377 1642 3.

1414 1644 1533 1678 pultores
1546 1643 1666 1677 corporis
1679 1643 1789 1669 mortui.
1846 1644 1873 1671 Si
1888 1645 2066 1676 libitinarius,
2086 1654 2153 1680 quos
2172 1646 2271 1672 Graece
2285 1643 2380 1679 11111113·οέ

1414 1680 1441 1705 id
1455 1679 1501 1710 est,
1515 1685 1686 1705 mortuorum
1702 1679 1846 1713 sepultores
1860 1687 1952 1707 vocant
1959 1687 2004 1707 etc.
2018 1681 2034 1707 l.
2049 1681 2186 1714 59‚8D.de
2193 1681 2306 1709 institor.
2316 1681 2362 1706 361.
2377 1688 2380 1699 ¹

1412 1715 1479 1742 lium
1486 1714 1623 1741 turbinum
1631 1714 1756 1748 sepultor,
1765 1714 1920 1742 offanianus
1927 1717 2016 1751 Caesar
2023 1716 2117 1752 dicitur
2124 1716 2243 1743 Tertull.
2252 1717 2283 1743 de
2290 1717 2379 1743 Anima

1451 1758 1463 1777 s
1473 1757 1489 1777 E
1498 1756 1513 1775 Ρ
1523 1758 1543 1776 ν
1553 1757 1569 1776 1.
1581 1756 1602 1776 Τ
1613 1756 1632 1776 0
1642 1756 1660 1775 R
1670 1757 1679 1775 1
1688 1756 1708 1774 v
1718 1757 1742 1782 s,
1761 1758 1786 1782 a,
1800 1759 1854 1777 um.
1877 1752 1938 1778 Adi.
1957 1751 2088 1786 θαπτηριδς
2098 1753 2177 1778 Gloff.
2191 1753 2238 1779 Gr.
2252 1753 2309 1779 Lat.
2413 1784 2414 1787 Ἰ

1450 1791 1727 1818 SEPVLCHRVM,
1747 1788 1788 1811 vel
1807 1793 1978 1814 sEPvrciz
1990 1795 2063 1820 VM,
2091 1788 2110 1814 i.
2131 1797 2156 1813 n.
2216 1787 2326 1822 [riom
2347 1785 2380 1819 τό,
2399 1787 2418 1823 ϊζ

1414 1822 1483 1853 σῆμα
1491 1842 1500 1855 ,
1518 1820 1602 1854 θήκη]
1639 1821 1730 1851 Locus,
1743 1824 1770 1847 in
1782 1830 1829 1856 quo
1842 1829 1946 1858 corpus,
1966 1822 2059 1858 ostiique
2072 1831 2222 1850 mortuorum
2234 1831 2356 1860 corporum
2365 1832 2378 1848 r
2400 1826 2419 1841 ν’

1412 1856 1515 1882 duntur.
1569 1857 1673 1882 Dicitur
1683 1866 1698 1883 a
1711 1857 1884 1891 Sepeliend03
1912 1865 1940 1883 vt
1958 1858 2134 1885 Simulacrum
2149 1866 2172 1885 et
2185 1860 2351 1886 Lauacruma
2363 1857 2376 1883 S
2397 1853 2418 1882 111

1413 1891 1493 1918 lando
1504 1898 1527 1918 et
1542 1891 1677 1918 Lauando.
1801 1892 1951 1928 Adspiratio
1967 1897 1994 1919 in
2015 1895 2159 1927 Sepulchro
2175 1897 2225 1921 iam
2238 1895 2354 1922 veteribus
2364 1893 2380 1918 C
2394 1889 2402 1917 1

1411 1927 1504 1960 usitata
1518 1936 1540 1959 ε,
1554 1935 1576 1958 3.
1595 1927 1648 1953 vid.
1663 1933 1857 1955 LACHRYMA.
1913 1930 1954 1955 Ita
1973 1939 2000 1955 ue
2013 1929 2167 1964 Sepulcrum
2176 1930 2319 1965 probamus,
2329 1928 2379 1955 dam
2395 1933 2424 1960 'es

1412 1972 1461 1988 non
1471 1962 1770 1997 audemusSepulchrum.
1842 1963 1882 1990 Ad
1895 1938 2042 1999 sepuicrum
2054 1972 2162 1993 mortuo
2175 1966 2262 1993 dicere
2273 1962 2380 1992 iocumPl
2394 1967 2409 1987 t.
2425 1981 2428 1989 .

1411 1998 1502 2024 Bacch.
1517 2008 1538 2030 3,
1547 2007 1574 2031 4,
1589 2007 1623 2025 21.
1730 1998 1853 2029 Clausum
1866 2001 2013 2035 sepulcrum
2033 2001 2116 2029 Ouid.
2126 2003 2190 2029 Met.
2207 2006 2299 2034 15‚389.·
2316 2003 2317 2006 ’
2353 1996 2380 2036 Q
2395 2003 2405 2014 ’-

1411 2042 1491 2059 mune
1504 2034 1655 2069 sepulcrum
1665 2042 1753 2060 rerum
1769 2040 1840 2062 terra
1858 2036 1962 2063 Lucret.
1976 2047 1998 2072 ς,
2011 2040 2069 2064 260.
2177 2038 2206 2064 L.
2219 2046 2232 2069 5
2243 2038 2270 2064 D.
2280 2033 2308 2060 de
2317 2031 2379 2064 tehg

1411 2069 1565 2097 Familiaria
1578 2070 1695 2104 sepulcra
1708 2070 1849 2104 dicuntur,
1876 2081 1943 2106 quae
1959 2073 2018 2106 quis
2037 2072 2086 2099 fibi
2100 2072 2260 2106 familiaeque
2272 2070 2327 2095 suae
2341 2073 2381 2106 cor
2397 2077 2407 2105 ‘.

1410 2106 1469 2132 tuit.
1561 2105 1590 2131 L.
1612 2113 1625 2138 5
1640 2111 1664 2131 et
1677 2107 1693 2130 6
1719 2106 1750 2132 D.
1773 2106 1805 2133 de
1825 2106 1900 2142 relig.
1922 2108 2092 2135 Hereditaria
2112 2115 2208 2140 autem,
2230 2113 2292 2139 quae
2312 2109 2368 2136 quis
2399 2107 2410 2126 ¹

1410 2140 1607 2174 heredibusque
1629 2141 1681 2166 suis
1702 2141 1852 2168 constituit:
1889 2144 1932 2169 vel
1945 2144 2017 2178 quod
2032 2144 2217 2178 paterfamilias
2239 2142 2296 2168 iure
2312 2137 2412 2170 1101011.

1409 2177 1452 2203 rio
1465 2175 1613 2210 acquisiuit.
1707 2178 1788 2202 Inane
1803 2177 1950 2210 sepulcrum
1969 2180 2050 2205 Ouid.
2065 2181 2129 2206 Met.
2139 2181 2225 2212 6‚658·
2326 2171 2382 2201 Pan
2397 2176 2413 2206 ”s

1409 2212 1558 2246 sepulcrum
1577 2210 1651 2237 Idem
1663 2211 1727 2237 Met.
1740 2220 1774 2243 15,
1788 2219 1848 2244 405.
1974 2214 2095 2240 Adsterni
2111 2215 2248 2247 sepulcro,
2264 2208 2315 2236 uid.
2330 2211 2383 2233 As'l
2397 2212 2417 2242 t...

1410 2253 1466 2273 No.
1538 2245 1660 2272 Condere
1672 2255 1765 2280 corpus
1780 2247 1899 2280 sepulcro
1916 2247 1997 2273 Ouid.
2013 2248 2074 2273 Met.
2081 2254 2164 2278 82234·
2268 2242 2383 2271 Condere

1408 2290 1478 2308 mam
1492 2281 1613 2314 sepulcro
1637 2282 1712 2314 Virg.
1729 2282 1794 2307 Aen.
1809 2290 1832 2313 3,
1844 2284 1887 2316 67.
1991 2283 2098 2310 Donate
2118 2283 2234 2307 cinerem
2251 2278 2368 2313 sepulcro

1409 2317 1474 2343 Silu.
1488 2325 1537 2348 3,3,
1546 2317 1595 2341 216.
1701 2315 1797 2341 Effoffis
1810 2316 1953 2343 mirabitur
1964 2319 2016 2344 offa
2030 2317 2153 2351 sepulcris
2174 2317 2249 2348 Virg.
2262 2315 2361 2346 Georg.
2369 2321 2384 2342 1,

1408 2353 1502 2380 Excire
1518 2351 1618 2378 animas
1632 2350 1766 2384 sepulcris,
1784 2351 1837 2377 vid.
1852 2356 1960 2377 Exclo.
2088 2352 2181 2376 Latere
2194 2349 2251 2382 post
2267 2356 2357 2381 magna
2370 2348 2384 2373 s·

1410 2397 1455 2414 cra
1472 2389 1540 2414 Hor.
1553 2387 1633 2413 Serm.
1652 2396 1671 2418 1,
1687 2392 1710 2418 8,
1727 2388 1767 2418 36.
1879 2385 2000 2411 Reddere
2019 2393 2114 2419 corpus
2128 2384 2246 2418 sepulcro
2266 2383 2384 2417 Virg.Ae

1411 2431 1468 2455 542.
1541 2423 1617 2448 Neue
1631 2430 1734 2448 merere
1747 2430 1807 2448 meo
1822 2420 1951 2448 subscribi
1965 2421 2038 2446 causa
2053 2420 2171 2454 sepulcro
2191 2417 2272 2451 Ouid.
2286 2419 2347 2445 Met.
2362 2427 2385 2452 9,

1412 2456 1531 2489 Sepulcri
1544 2456 1735 2489 appellatione,
1760 2458 1855 2482 Omnis
1875 2456 2022 2489 sepulturae
2039 2456 2113 2482 locus
2125 2455 2289 2484 continetur,
2313 2461 2340 2480 oc
2353 2457 2385 2480 aii

1409 2491 1503 2525 pianus
1519 2491 1558 2516 De
1572 2491 1691 2524 sepulcro
1708 2491 1820 2522 violato,
1839 2491 1855 2517 1,
1871 2492 1978 2517 Praetor
1986 2492 2031 2516 ait.
2068 2492 2141 2517 Idem
2156 2490 2187 2516 de
2196 2489 2333 2524 Religiofis
2343 2491 2394 2522 etsi

1410 2527 1467 2552 fun.
1482 2526 1499 2553 l.
1520 2526 1637 2557 Locum,
1652 2525 1805 2559 Sepulcrum
1820 2526 1918 2556 est,vbi
1933 2535 2027 2560 corpus
2040 2527 2125 2552 offane
2138 2525 2256 2552 hominis
2269 2524 2388 2552 conditas

1409 2562 1465 2588 Cic.
1481 2561 1593 2595 Philipp.
1610 2569 1636 2593 9,
1651 2568 1680 2594 17
1702 2562 1800 2594 Vtique
1814 2562 1901 2587 locum
1920 2562 2039 2595 sepulcro
2053 2562 2081 2587 in
2095 2570 2186 2595 campo
2202 2561 2340 2596 Esquilino

1412 2598 1437 2623 sa
1452 2596 1567 2628 Consul,
1588 2596 1632 2621 seu
1646 2604 1700 2629 quo
1712 2596 1767 2621 alio
1778 2597 1805 2622 in
1820 2597 1880 2622 loco
1893 2597 2016 2627 videtur,
2036 2597 2113 2631 pedes
2124 2597 2233 2631 triginta
2247 2606 2333 2631 quaqu
2372 2599 2375 2601 ’

1410 2667 1554 2698 berorum,
1569 2666 1786 2701 posterorumque
1799 2668 1854 2694 eius
1868 2667 1908 2699 sit,
1927 2668 1967 2693 vti
1981 2668 2051 2701 quod
2068 2668 2172 2702 optimo
2186 2669 2244 2694 iure
2259 2668 2342 2702 sepulc

1412 2703 1483 2730 blice
1496 2702 1586 2728 datum
1600 2702 1644 2728 est.
1735 2703 1807 2728 Idem
1829 2703 1861 2729 de
1881 2704 1982 2729 Seneet.
2006 2712 2028 2729 21
2045 2713 2087 2736 c.7
2108 2704 2166 2731 Nec
2180 2704 2294 2737 sepulcra
2311 2704 2350 2738 leg
2375 2735 2377 2738 Α

1412 2748 1475 2766 reor
1490 2738 1580 2772 (quod
1592 2737 1687 2770 aiunt)
1706 2747 1738 2763 ne
1753 2738 1861 2772 perdam
1875 2739 2041 2766 memoriam.
2177 2740 2236 2766 Hoc
2255 2740 2349 2766 misera
2364 2751 2373 2764 ‘a

1413 2774 1495 2801 stabat
1509 2781 1649 2800 commune
1664 2773 1810 2808 sepulcrum
1833 2775 1900 2800 Hor.
1917 2775 1998 2801 Serm.
2014 2785 2032 2805 1,
2045 2780 2068 2807 8,
2080 2784 2117 2802 10.
2158 2775 2212 2802 vid.
2232 2776 2321 2802 Barth.
2341 2784 2355 2802 a
2376 2794 2379 2799 ⁴

1413 2855 1509 2882 eamque
1521 2845 1606 2872 bonam
1616 2850 1714 2880 partem
1722 2844 1800 2880 fuiffi
1814 2848 1878 2872 iuris
1892 2846 2030 2881 Pontificii.
2085 2846 2209 2874 Tabulae
2228 2853 2282 2874 xii.
2299 2849 2390 2874 mussat.

1414 2891 1456 2909 re:
1478 2888 1502 2907 et
1516 2884 1560 2916 qui
1574 2890 1613 2907 ear
1632 2878 1791 2912 illustrarim!
1813 2889 1858 2908 etc.
1916 2883 1971 2908 Nos
1988 2885 2162 2918 antiquitatem
2181 2883 2222 2910 hic
2241 2892 2289 2909 non
2309 2879 2383 2915 trab}

1415 2917 1536 2952 Sedsatis
1548 2916 1659 2943 hahemus
1670 2916 1723 2941 lom
1737 2917 1853 2952 quaedam
1865 2917 1994 2949 indicare,
2016 2918 2085 2944 vnde
2106 2916 2175 2945 refsa
2194 2917 2309 2954 loquendi
2326 2916 2385 2958 ratio

1409 2953 1493 2990 Postil-
1549 2953 1579 2992 173
1593 2954 1686 2987 primis
1705 2952 1753 2977 hui:
1767 2956 1882 2987 pertinet
1895 2954 1950 2980 Cic.
1964 2953 1996 2979 de
2010 2953 2101 2988 Legib.
2114 2962 2138 2984 2,
2151 2961 2179 2986 55
2193 2963 2214 2979 c.
2230 2963 2255 2979 22
2269 2954 2323 2988 sqq.
2367 2973 2397 3095 ..a

1414 3031 1475 3060 gent
1487 3025 1544 3050 esse.
1688 3023 1782 3058 Neque
1798 3025 1895 3050 necesse
1908 3024 1944 3050 est
1959 3025 2060 3051 cdiss'eri
2074 3034 2088 3050 a
2102 3024 2180 3051 nobis
2324 3025 2374 3059 qud

1415 3070 1481 3095 pore
1498 3058 1606 3093 incipiat
1621 3058 1767 3092 sepulcrum
1782 3060 1846 3092 effe,
1865 3066 1891 3086 et
1903 3060 2033 3095 religione
2047 3065 2174 3087 teneatur.
2193 3075 2283 3080 --—
2302 3061 2350 3087 Siti
2363 3059 2385 3086 di

1415 3204 1466 3230 uis.
1520 3201 1566 3230 Sed
1583 3199 1669 3226 debent
1689 3208 1769 3227 totum
1786 3204 1864 3229 locum
1882 3202 1988 3236 studiosi
2011 3203 2140 3239 inspicere.
2198 3204 2229 3230 In
2250 3207 2309 3240 agri
2333 3212 2360 3230 ve

1414 3249 1459 3266 ne:
1493 3241 1537 3274 qui
1553 3236 1683 3275 venderet,
1698 3236 1751 3270 fibi
1767 3244 1862 3263 tantum
1883 3242 1941 3273 agri
1964 3239 2100 3274 excipiebat
2113 3259 2122 3271 ,
2147 3245 2264 3274 quantum
2285 3239 2354 3266 edem

1407 3276 1498 3310 pulcro
1505 3274 1572 3310 satis
1585 3270 1654 3304 estet:
1727 3272 1783 3299 Cic.
1799 3282 1847 3307 pro
1862 3274 1937 3300 Rosc.
1948 3275 2076 3307 Amcr.24
2095 3274 2146 3301 Cui
2160 3274 2193 3300 de
2206 3282 2279 3301 tanto
2290 3274 2356 3309 patri

1414 3320 1448 3337 ne
1470 3311 1522 3337 iter
1541 3308 1648 3342 quidem
1668 3307 1700 3333 ad
1716 3308 1861 3342 sepulcrum
1883 3310 1996 3343 patrium
2017 3310 2140 3336 relietum
2156 3309 2200 3336 est.
2233 3309 2279 3336 hac
2299 3316 2354 3337 arcte

1412 3346 1441 3372 dc
1462 3355 1489 3372 re
1509 3343 1667 3378 Pomponius
1691 3344 1894 3371 iurisconsultus
1914 3346 1931 3372 l.
1953 3354 1965 3379 5
1991 3345 2023 3372 de
2041 3345 2158 3380 sepulcro
2178 3344 2292 3371 violato:
2330 3346 2363 3371 D*

1411 3381 1564 3411 fundorum,
1578 3380 1604 3405 in
1619 3378 1714 3413 quibus
1723 3380 1840 3413 scpulcra
1855 3381 1982 3413 fecerint,
1995 3382 2075 3408 etiam
2090 3381 2146 3416 post
2158 3380 2280 3407 venditos
2299 3379 2360 3407 fund

1411 3416 1559 3443 eundorum
1585 3415 1762 3448 sepulcrorum
1782 3416 1822 3442 ius
1843 3416 1888 3443 est.
1925 3417 1972 3443 scd
1985 3423 2051 3443 totus
2065 3417 2105 3443 ille
2119 3417 2207 3443 titulus
2220 3416 2355 3449 Digestoru
2375 3431 2381 3446 ‚

1411 3452 1445 3486 gli
1458 3460 1504 3486 47,
1521 3460 1546 3478 12
1560 3451 1737 3485 hucpertinet:
1759 3452 1874 3478 Ponimus
1890 3452 1958 3478 modo
1972 3461 2001 3478 cx
2021 3452 2110 3479 edicito
2124 3451 2250 3486 praetoris
2266 3451 2282 3477 l.
2297 3460 2309 3483 3
2322 3449 2386 3492 ιζΙὶαῖγ

1442 3741 1455 3760 s
1464 3741 1481 3761 Ε
1489 3739 1504 3759 Ρ
1512 3740 1533 3759 ν
1542 3740 1558 3760 1.
1567 3739 1583 3760 c
1590 3739 1610 3759 R
1620 3734 1639 3760 ᾗ
1648 3738 1668 3758 Τ
1677 3739 1698 3759 ν
1706 3740 1742 3766 M,
1756 3734 1774 3760 i.
1789 3743 1814 3762 n.
1828 3736 1916 3765 Locux,
1930 3734 1972 3761 vbi
1979 3733 2055 3760 multa
2062 3732 2125 3769 fitne
2145 3735 2250 3768 epulcro.
2271 3731 2351 3760 Catul.
2359 3730 2395 3756 ·60‘

1408 3770 1483 3797 onr
1496 3768 1621 3800 Meneni,
1638 3769 1713 3804 saepe
1726 3778 1805 3804 quam
1824 3771 1853 3797 in
1870 3769 2019 3805 sepulcretis
2152 3769 2236 3796 idistis
2250 3769 2306 3804 ipso
2320 3770 2393 3802 rapet‘

1407 3855 1410 3857 ,
1442 3848 1456 3867 s
1466 3847 1481 3867 Ε
1490 3846 1505 3865 P
1514 3846 1531 3866 Ε
1544 3846 1559 3865 1.
1573 3845 1608 3866 111
1618 3836 1631 3865 1ν
1637 3846 1655 3866 1.
1664 3845 1674 3865 1
1685 3846 1710 3872 s,
1724 3849 1747 3866 e.
1756 3840 1814 3868 Adi.
1833 3836 2001 3874 [ἕνταφιαςὸς]
2017 3838 2273 3874 Qodsepeliridebee.
2295 3833 2392 3865 plaut-C

2371 3911 2392 3939 qs·
