2434 4156
101 114 142 151 33

104 185 215 224 querelis
229 183 338 211 iniustos
357 183 419 208 Stat.
431 181 497 207 Silu.
511 187 534 213 ς,
551 188 570 211 1,
584 187 619 206 iz.

683 175 772 210 Scalpe
784 173 919 210 querelam
936 174 1018 201 nostri
1036 183 1137 201 memo-

103 231 158 252 rem
170 221 288 257 sepulcro
308 220 374 245 l-lor.
394 219 481 245 Carm.
497 224 518 248 3,
533 225 565 248 ιι,
577 223 620 255 52..
729 211 823 238 sistere
836 209 955 246 querelas
976 210 1056 236 Ouid.
1071 211 1136 236 Met.

102 265 191 293 7,›7ii.
284 256 361 282 Sum:

395 261 440 286 vt,
460 253 558 279 Eoi-um
579 257 650 276 enim
668 247 705 274 est
723 247 786 273 haec
810 247 926 282 querela,
946 246 993 281 qui
1013 245 1062 272 sibi
1080 254 1134 272 cari

101 295 160 321 sunt
176 293 232 319 Cic.
246 291 278 318 de
292 290 380 317 Finib.
395 297 418 323 ς,
431 297 470 321 29.
575 286 646 313 Idem
660 293 709 319 pro
721 283 788 309 Sext.
802 286 838 315 64
859 283 908 308 His
923 282 955 308 de
967 289 1023 314 tot,
1046 282 1137 308 tantis-

98 337 152 364 que
164 327 270 354 iniuriis
282 327 309 353 in
322 326 484 355 socios‚,‹·tc.
521 321 662 350 Consulum
676 318 784 355 querela
803 319 851 344 effe
865 317 965 344 debuit.
1068 317 1138 343 Tol·
1161 327 1175 352 5

101 364 159 391 lunt
171 363 299 399 liquidam
313 361 420 396 lugubri
433 369 496 387 voce
510 357 641 395 querelam
662 356 766 382 Lucret.
780 363 808 388 4,
823 362 873 387 532.
893 354 921 380 tle
933 356 1031 390 cygnis.
1068 353 1138 379 Tou.

99 400 124 427 le
137 399 256 435 querelas
275 399 342 425 Hor.
356 396 434 431 Epist.
449 406 466 427 i,
483 403 517 427 12,
530 403 551 427 3.
736 388 767 453 ἓ
788 398 800 422 3
838 389 895 424 ObJI
931 389 1060 423 Querela,
1073 389 1140 424 apud

101 435 280 470 Iureconfidtos
296 435 417 469 peculiari
430 430 629 468 Jigiificati'm1e‚
648 435 698 453 eam
720 436 734 452 α
763 429 840 452 ionem
862 429 976 457 denotat,
996 433 1044 460 qua
1068 427 1140 451 tibin*

99 470 227 506 aduersum
234 475 365 505 parentum
371 469 474 504 suorum
485 465 578 494 iudicia
590 461 741 498 iuofficu’efiz,
761 467 784 487 et
799 466 851 487 vice
871 469 940 497 vcayii
950 468 1069 497 parentes
1085 470 1142 487 con-

99 513 142 533 tm
153 507 241 541 insinua
259 505 390 531 liberorum
408 503 561 537 tqllamenta,
580 500 717 525 naturalem
734 500 890 533 portionem,
909 497 938 523 nl
960 496 993 530 est
1017 504 1144 528 trmztem,
1161 506 1189 524 ιο

101 540 269 577 eutsemisthm
283 548 307 566 rt
317 538 443 576 postulant
455 545 478 565 et
487 536 605 564 obtinent.
682 535 746 560 Toto
764 533 845 559 titulo
859 532 891 558 de
904 531 1054 559 inofficioso
1068 532 1142 559 tella-

101 583 192 605 mento
206 579 233 603 in
247 575 324 603 l’and.
337 575 487 605 Ciuilibus,
503 578 529 597 et
552 569 618 610 Cod.
639 569 778 596 Iustiniani
802 568 849 594 lib.
863 577 884 600 3.
1082 565 1102 604 q
1121 576 1142 608 4

102 612 226 646 Querella
244 612 318 648 saepe
332 612 454 647 scribitur
474 611 501 634 in
522 607 652 640 Inscriptt.
671 612 712 641 ap.
725 605 839 631 Fabrett.
851 613 879 644 p.
892 606 937 637 236
946 603 1000 640 seq.
1070 606 1100 630 it.
1115 612 1142 628 m

101 648 210 675 Phaedr.
239 649 298 680 (ed.
313 649 392 674 l’lant.
404 646 476 676 1610)
509 652 529 675 u,
544 644 569 673 6,
584 644 609 668 6.
648 649 703 673 u,9,
712 649 748 666 uo.
786 648 801 666 2
815 640 930 680 epil.⁴1†.
966 648 989 672 3,
1004 646 1081 672 18‚13.
1119 646 1143 671 5,

102 686 129 716 6,
142 691 168 718 7.
277 684 349 709 Sci-u.
372 682 406 709 ad
424 681 488 706 Aen.
507 687 536 712 4,
553 680 601 710 360
628 677 721 703 Deuine
734 684 831 711 meque
845 683 898 702 tuis
912 676 1051 702 incendere
1065 680 1144 708 teque
1163 685 1189 713 ¹⁵

104 718 236 754 querelis,
257 716 514 745 ()u.·r·-llistliterain
528 713 607 740 metri
621 713 694 739 cansa
707 712 809 738 addidit
825 723 831 738 z
867 720 927 738 naui
948 711 1056 747 querela
1079 709 1144 736 dici-

101 761 159 787 tur,
180 755 243 790 quia
257 746 381 790 (Tuci-ulus
394 750 456 778 facit
471 761 477 777 ε
513 749 562 776 hoe
575 748 657 775 modo
669 754 695 775 et
708 747 813 783 loquela
832 754 858 774 et
892 747 1003 774 suadela.
1061 747 1143 773 Notat

99 793 173 817 etiam
187 792 273 826 Heius.
289 791 322 817 acl
333 790 356 817 b.
368 789 385 815 1.
398 791 425 813 in
438 784 611 818 vetustioribus
624 785 698 811 libris
712 783 756 817 este
777 783 912 819 querellis.

138 832 242 866 QVER
255 833 323 853 121.0
347 824 387 851 ve!
411 828 462 858 Qv
476 827 647 855 Baeton,
670 822 723 847 vid.
746 825 994 859 QvusuziiisiNs.
1031 817 1103 843 Seru.
1117 819 1143 842 i'n

100 861 175 895 Virg.
190 862 243 888 Ecl.
260 868 378 896 iargum.
414 857 485 884 hinc
499 857 552 890 est,
572 858 646 892 quod
685 871 732 877 ·——
775 855 862 891 postea
882 864 944 882 euni
963 853 1144 890 querelantem
1159 864 1194 883 20
1210 854 1343 881 Parthicus
1358 855 1428 879 canus
1441 853 1579 880 exstiterit,

96 905 257 970 uulQeri'nui-*liisi
267 937 282 958 Β
290 937 309 957 ν
318 936 340 955 N
351 936 369 956 1)
377 935 398 955 v
406 935 419 956 s
428 948 437 962 ,
477 936 490 954 a
505 948 513 961 ,
549 936 604 954 uum.
655 927 714 955 Adi.
771 925 951 962 [μεμπτικᾶς]
1007 924 1144 950 Lamenta-

102 968 174 995 bilis.
209 968 265 996 Cic.
279 974 326 1001 pro
339 965 410 992 Sulla
417 974 446 996 30
460 973 519 993 edo
541 964 580 990 Dc
593 963 723 998 supplicio
738 964 764 989 P.
779 963 899 993 Lentuli,
918 961 950 987 de
963 969 1077 992 carcere,
1091 968 1146 985 ma-

103 1013 153 1040 gna
165 1011 191 1031 et
203 1001 365 1040 queribunda
378 1009 444 1027 voce
458 999 570 1026 dicebat.
640 998 763 1026 Seneftus
778 998 945 1033 queribunda
962 996 1008 1023 Siu.
1019 1005 1049 1029 13,
1059 1001 1109 1028 583.

1202 819 1281 855 finito
1296 817 1400 851 Aliquis
1417 817 1449 851 ‹st
1471 819 1528 844 Cic.
1542 819 1594 844 Att.
1610 827 1626 854 7
1641 825 1724 851 extr„
1742 828 1769 844 m

1611 82 1868 141 ἐνὶ
2200 97 2249 138 34

1203 174 1328 210 pedibus,
1368 173 1415 208 qui
1447 173 1682 205 incommodiffime
1717 172 1915 208 nauigaffcmus.
2018 175 2166 202 Cic,Verr.
2181 182 2209 209 4,
2221 182 2248 206 33

1203 211 1281 237 Pueri
1294 210 1429 243 Sisennae,
1450 210 1544 242 credo,
1564 210 1611 244 qui
1624 209 1798 244 audinus-ent,
1818 217 1884 243 quae
1900 208 1927 234 in
1942 208 2020 235 istum
2039 211 2190 238 testimonia
2211 211 2249 236 es·

1203 247 1258 273 sent
1272 246 1356 278 dicta,
1375 245 1407 272 de
1420 246 1469 272 isto
1483 254 1613 280 nusquam
1625 245 1716 271 oculos
1730 244 1863 276 deiicere,
1882 245 1915 271 ab
1934 252 2043 278 argento
2063 247 2176 280 digitum
2194 254 2251 272 noia

1203 282 1343 309 discedere.
1456 282 1530 315 Virg.
1549 283 1612 307 Aen.
1634 289 1654 313 u,
1667 289 1714 314 392
1752 280 1882 315 Quisquis
1901 288 1944 312 es,
1962 280 2028 306 haud
2050 282 2128 308 credo
2148 282 2251 309 inuisus

1205 317 1357 344 cacucunbus
1370 325 1445 344 auras
1459 318 1557 343 Vitales
1570 318 1669 352 carpis,
1686 316 1803 348 'l'yriam
1817 317 1863 350 qui
1876 316 2016 342 aduencris
2037 316 2138 343 vrbem.
2215 319 2250 344 Vt

1203 356 1230 379 in
1257 355 1297 379 his
1313 361 1361 389 pro
1381 353 1427 388 qui
1445 351 1565 389 substitui
1578 352 1659 388 potest
1680 351 1752 387 quod
1763 354 1869 387 cau-salis
1889 353 1982 385 (cuius
1995 350 2069 386 ipsius
2083 355 2148 377 ratio
2160 359 2183 378 et
2195 363 2251 379 con·

1196 387 1309 422 struc'lw
1331 390 1360 416 ab
1384 391 1428 416 hoc
1448 395 1492 425 ψη
1502 399 1506 402 ’
1516 390 1673 415 Pronomi'uu's
1685 390 1788 415 relatiui
1799 387 1930 423 repetenda
1942 385 1996 421 ist)
2011 391 2049 412 ita
2060 397 2086 412 in
2101 388 2160 412 aliis
2174 391 2250 414 vicem

1202 426 1341 460 particular
1356 424 1468 461 vtsubit.
1543 425 1573 451 1⁷.
1588 435 1614 461 g.
1636 425 1692 451 Cic.
1706 424 1776 450 Fam.
1792 435 1819 457 4,
1835 432 1847 455 3
1884 424 1929 449 Me
1943 423 2069 456 quidem,
2090 422 2134 448 eui
2149 424 2253 450 nemini.

1206 461 1340 492 concedo,
1363 462 1407 494 qui
1427 461 1555 487 maiorem
1570 469 1601 487 cx
1615 460 1732 494 pernicie
1746 466 1771 485 et
1786 459 1855 493 peste
1871 459 1945 493 Reip.
1966 458 2112 484 molestiam
2133 459 2254 491 traxerit,

1206 503 1292 522 tamen
1306 497 1387 522 multa
1403 498 1454 524 iam
1468 497 1647 523 consolantur.
1764 495 1805 522 stc
1820 494 1915 521 Balbus
1929 492 1960 521 ad
1974 495 2029 521 Cic.
2050 493 2097 520 sub
2118 494 2171 520 Att.
2186 500 2215 526 8,
2229 502 2254 527 ις

1206 532 1286 557 ΙΙΙιιιιι
1298 533 1362 557 tanti
1377 533 1447 559 sario
1457 553 1465 565 ,
1484 533 1530 566 qui
1545 541 1598 558 non
1612 532 1750 558 Caesarem
1764 533 1847 566 inagis
1861 530 1980 564 diligam.
2076 531 2106 556 Ει
2120 529 2194 565 forta·
2215 530 2256 556 bie

1205 566 1305 600 dii-istc!
1319 568 1418 599 Cicero,
1439 575 1466 595 vt
1486 577 1548 595 non.
1747 564 1767 604 ff
1789 575 1804 592 2
1839 566 1893 599 Qui
1907 567 2171 601 iuterrogatiuumpro
2179 565 2258 597 Quis?

1209 604 1277 630 Ter.
1294 602 1400 628 Phorm.
1417 610 1472 636 ᾖε,
1488 609 1511 634 18
1539 604 1610 630 Nam
1638 602 1685 636 qui
1706 600 1757 628 crit
1790 611 1883 629 rumor
1910 601 2022 635 Populi,
2041 600 2059 626 su
2086 599 2113 626 id
2152 600 2258 628 feceris.

1208 640 1267 665 Liu.
1286 647 1307 671 2,
1323 641 1357 673 67
1386 641 1439 671 Qui
1456 641 1514 666 linis
1528 640 1579 667 erit
1592 638 1784 665 discordiarum
1800 639 1809 664 3
1903 636 1976 663 idem
1992 645 2011 667 i,
2025 644 2042 670 7
2069 636 2191 670 Rogitat,
2210 635 2259 669 qui

1208 675 1251 702 vir
1265 674 1323 700 esset
1340 676 1349 700 ’ἔ
1392 675 1450 702 ιίἰΙ.
1466 675 1591 702 Dmleenb.
1675 675 1731 701 Cic.
1746 683 1794 708 pro
1810 673 1903 706 Quint.
1917 682 1954 706 94
1975 673 2030 705 Qui
2045 672 2114 699 Deus
2128 671 2260 706 appellan-

1209 712 1255 737 dus
1270 710 1304 736 est
1321 712 1329 736 3
1438 711 1509 736 idem
1525 720 1572 745 pro
1586 712 1703 745 Doni.27
1724 710 1779 742 Q-ui
1793 715 1877 736 tantus
1892 709 1943 735 fuit
1957 708 2032 734 labor
2047 708 2055 733 ἒ
2092 717 2158 741 quae
2171 707 2259 734 stmul-

1210 754 1247 774 tas
1263 748 1271 772 ἰ
1367 745 1409 773 Sic
1427 746 1534 779 Quinc‘t.
1553 756 1575 779 ς,
1591 755 1627 780 iz,
1643 755 1674 773 ιι.
1712 749 1737 777 6,
1752 755 1772 777 ι,
1786 754 1831 779 40.
1916 743 1998 770 Add-
2012 743 2115 770 Taubm.
2134 743 2167 770 aci
2184 744 2258 779 us'trg.

1205 791 1232 819 p.
1248 791 1284 809 20.
1324 782 1430 809 Gronou.
1445 780 1510 815 Om-
1524 784 1557 808 od
1566 784 1671 819 Scriptt.
1685 782 1773 818 EccchI
1788 780 1873 816 Heius
1886 782 1920 806 od
1933 780 1978 806 Sil.
1993 788 2018 812 9,
2032 783 2084 811 ⁶5¹-
2160 780 2209 806 Pro
2221 783 2259 805 iiz-

1783 821 1792 841 ι·
1823 817 1910 852 osiae,
1938 815 1996 842 Nifi
2016 815 2079 849 qui,
2104 820 2133 841 vt
2152 821 2179 841 tu
2201 815 2260 846 scis,

1647 855 1688 882 Sic
1708 824 1838 888 Quineiil.
1853 862 1873 883 s,
1887 860 1918 883 iu,
1931 860 1952 884 3.
2025 852 2086 878 Item
2094 857 2144 886 pro
2157 850 2262 884 Qualis,

1210 891 1265 917 Cic.
1279 890 1310 916 de
1325 889 1416 915 Diuin.
1432 898 1451 922 ι,
1465 898 1492 922 52
1506 899 1526 915 c.
1540 897 1570 922 23
1594 889 1742 924 Xenophon
1755 889 1915 919 Socraticus,
1935 887 1981 922 qui
2005 887 2066 919 vir,
2087 893 2112 913 ct
2135 885 2261 920 quantus!

1211 928 1241 953 Et
1256 925 1322 952 Phil.
1337 934 1363 958 2,
1378 933 1412 958 90
1427 935 1448 951 c.
1465 928 1494 957 36
1532 925 1585 958 Qui
1600 931 1628 951 tu
1643 926 1701 957 vir,
1717 932 1741 952 et
1757 931 1868 959 quantus
1881 924 1985 954 fuisses,
2002 923 2020 948 si
2035 923 2107 949 illius
2121 922 2175 949 duci
2190 930 2263 948 men-

1211 969 1265 989 teni
1289 963 1392 987 seruare
1427 961 1558 996 potuisses.
1667 961 1736 988 Ter.
1760 960 1809 987 Ad.
1832 969 1854 993 3,
1877 967 1904 994 7,
1919 967 1932 992 5
1962 959 2069 989 Nescis,
2090 958 2136 992 qui
2151 958 2194 985 vir
2206 958 2262 984 siet.

1210 996 1231 1035 ff
1250 1006 1262 1030 3
1297 998 1436 1023 Curiiulatio
1466 997 1539 1023 huius
1565 997 1722 1022 Pronomini's
1740 996 1831 1031 suauis
1853 994 1894 1028 1.st-
1931 995 1987 1022 Cic.
2000 1003 2049 1029 pro
2061 994 2119 1021 Mil.
2135 1003 2156 1020 c.
2171 1003 2183 1026 3
2197 1000 2264 1020 extr.

137 1045 314 1079 QVERIMO
327 1043 347 1063 Ν
361 1043 415 1067 lA,
429 1045 468 1063 ae.
488 1036 508 1062 f.
545 1034 679 1070 [μέμψις]
714 1036 846 1075 ἐξάψῃ.
859 1035 1012 1060 lamentatio.
1049 1030 1146 1071 Q15ri-
1164 1041 1195 1067 25
1211 1034 1279 1066 Quis
1294 1033 1345 1066 cst,
1366 1033 1412 1066 qui
1436 1041 1545 1066 quoquo
1568 1031 1650 1058 modo
1672 1032 1732 1065 quis
1751 1031 1907 1057 interfeeius
1932 1030 1977 1063 fit,
1996 1029 2157 1064 puniendum
2182 1034 2264 1064 putet.

103 1084 194 1102 titonia
212 1080 293 1101 certae
313 1073 352 1099 rei
372 1072 426 1105 est,
446 1071 556 1107 querela
575 1071 733 1105 superuacua
747 1070 782 1096 est
798 1081 803 1096 :
839 1076 930 1105 itaque
944 1069 1019 1103 prior
1032 1074 1147 1102 grauita-

103 1112 136 1138 tis
148 1111 193 1142 est,
211 1109 341 1144 posterior
354 1108 471 1135 leuitatis
490 1108 570 1134 Corn.
584 1107 685 1133 Fronto
701 1106 732 1132 de
745 1105 800 1132 diff.
816 1114 874 1132 voc.
946 1105 1002 1131 Cic.
1011 1105 1049 1138 Q
1061 1105 1144 1130 Fratr.

102 1155 126 1178 a,
139 1154 148 1172 ι
165 1146 202 1172 Eo
216 1151 287 1172 metu
302 1144 402 1171 iniecto
414 1150 522 1178 repente
539 1151 631 1177 magna
650 1142 821 1178 querimonia
840 1141 960 1168 omnium
982 1139 1146 1166 disceffimus.

100 1182 166 1208 Hor.
179 1181 207 1207 in
220 1182 282 1207 Arte
296 1181 367 1207 Po'et.
381 1188 412 1214 7,-
432 1178 555 1206 Versibus
567 1180 705 1213 impariter
718 1178 816 1205 iunctis
834 1176 1005 1213 querimonia
1020 1176 1147 1210 primum,

100 1216 157 1244 l’ost
176 1217 255 1243 etiam
279 1216 378 1243 inclusa
397 1215 434 1242 est
454 1215 512 1242 voti
526 1215 655 1241 sententia
669 1223 786 1249 compos.
882 1214 951 1240 Cuunu
970 1211 1148 1247 qucrimonia,
1162 1224 1193 1248 30

98 1252 151 1279 vid.
172 1259 189 1280 c
201 1260 220 1279 v
231 1260 254 1279 Μ
275 1250 486 1288 Praepositioncm.
591 1251 755 1284 Quotidiana
773 1249 945 1285 qucrimonia
961 1247 1054 1282 populi
1091 1247 1147 1273 Cic.

98 1289 174 1314 Verr.
211 1297 231 1322 u,
261 1296 277 1322 9
365 1287 442 1314 Malis
470 1287 649 1322 querimoniis
681 1286 799 1312 diuulsus
835 1285 903 1311 Hor.
918 1285 1005 1311 Carnu.
1023 1291 1042 1315 ι,
1059 1291 1094 1315 13,
1111 1287 1145 1312 18.

100 1323 182 1351 Nulla
200 1325 269 1351 inter
288 1332 334 1350 eos
353 1323 492 1350 intercessit
505 1322 676 1358 querimonia
696 1322 764 1356 Nep.
779 1329 819 1354 25,
833 1328 870 1354 ¹7,
884 1329 908 1346 2.
1002 1320 1146 1353 Querinio-

99 1360 154 1386 nias
167 1360 238 1387 vltro
251 1360 373 1394 citroque
385 1359 483 1384 iactare
509 1358 567 1383 Liu.
581 1365 606 1392 7,
619 1366 643 1390 9.
737 1357 792 1383 Cic.
807 1357 882 1382 verr.
897 1363 918 1388 ς,
932 1362 960 1390 71
975 1364 996 1381 c.
1011 1359 1042 1384 28
1078 1355 1112 1381 Vt
1126 1353 1144 1380 fi

99 1404 143 1421 mc
157 1395 185 1421 in
198 1404 228 1422 ea
242 1394 507 1429 querimonia‚quuani
521 1393 576 1418 sum
590 1393 727 1418 habiturus
746 1392 779 1418 de
794 1391 866 1418 istius
882 1391 1038 1418 crudelitate
1048 1409 1057 1422 ,
1075 1396 1100 1416 et
1115 1389 1147 1415 de
1164 1401 1192 1426 35

100 1431 201 1456 eiuium
215 1431 394 1456 Romanorum
408 1427 580 1463 indigniffinia
593 1434 694 1459 morte,
719 1436 774 1453 non
793 1427 875 1453 modo
890 1427 962 1453 vires
971 1447 979 1459 ,
1000 1434 1093 1452 verum
1107 1431 1145 1450 et-

103 1466 154 1491 iam
167 1466 223 1492 vita
235 1465 345 1492 deficiat.
537 1462 558 1500 ff
585 1472 602 1490 2
636 1463 831 1497 Querimoniae
849 1463 983 1489 vocabulo
1005 1469 1053 1495 pro
1068 1467 1147 1495 quae·

101 1501 184 1527 itione
208 1501 364 1536 usurpantem
388 1497 521 1526 Ruffinum
545 1499 651 1536 castigat
671 1499 785 1526 Hieron.
805 1498 884 1532 Apol.
904 1497 965 1524 adu.
986 1495 1057 1523 Rull'.
1078 1498 1148 1530 Opp.

112 1536 141 1561 Γ.
193 1536 212 1561 s.
227 1544 237 1557 ‹
256 1545 266 1561 ’.

146 1542 366 1608 {vuisera-s,
387 1579 417 1603 a,
435 1579 489 1597 um.
530 1570 591 1597 Adi.
626 1569 822 1604 [μεμψίμοιροῃ
842 1566 1041 1599 {ymnum-andr]
1097 1564 1150 1599 Q?
1157 1574 1194 1599 40

99 1606 201 1631 multum
213 1608 325 1640 queritur
336 1625 343 1637 ‚
356 1606 413 1638 Jiue
426 1610 469 1641 qui
482 1608 586 1642 querelis
596 1607 683 1640 plenus
696 1604 737 1637 cst.
794 1602 934 1634 Difficilis,
954 1601 1082 1640 querulus
1096 1600 1149 1626 lau-

100 1641 177 1666 dator
190 1641 316 1675 temporis
330 1641 383 1666 aeli
421 1643 451 1666 Sc
466 1640 629 1675 pucroscncx
650 1641 718 1671 Hor.
734 1640 763 1668 A,
777 1640 803 1664 P.
820 1646 872 1672 173.
945 1636 1062 1664 Martial.
1078 1645 1100 1669 2,
1117 1637 1149 1661 26

101 1676 180 1710 Quod
193 1676 334 1711 querulum
349 1675 442 1709 spirat,
463 1676 534 1710 quod
547 1675 670 1701 acerbum
685 1675 789 1701 Naeuia
801 1673 879 1700 tullit.
965 1673 1040 1699 Ideni
1054 1682 1089 1706 4,
1110 1680 1149 1705 44

101 1712 175 1739 Miffa
188 1721 234 1738 nec
247 1721 262 1738 a
274 1712 387 1747 querulo
399 1719 491 1745 mappa
505 1711 600 1737 cliente
613 1711 674 1737 fuit.
781 1709 924 1737 Calamitas
939 1708 1051 1744 querula
1071 1709 1148 1734 Curt.

103 1756 124 1780 5,
138 1755 160 1780 ς,
176 1756 212 1774 12.
327 1747 410 1781 Caput
423 1747 564 1782 querulum
584 1747 670 1772 Senec.
683 1745 796 1778 Thyest.
812 1747 829 1772 s.
845 1751 868 1774 8.
964 1745 1073 1771 Doloris
1087 1752 1149 1779 que-
1159 1755 1194 1782 45

103 1784 156 1810 ruli
170 1784 243 1810 causa
257 1791 390 1817 nuunquam
403 1782 472 1809 abest
510 1782 592 1810 Ouid.
610 1782 697 1809 Trist.
716 1791 740 1815 3,
752 1787 776 1814 8,
791 1791 828 1814 32.
936 1781 1016 1807 Fores
1029 1779 1076 1806 sub
1091 1788 1150 1806 ver-

102 1819 166 1846 bum
181 1819 302 1854 querulas
316 1818 421 1852 impulit
435 1827 512 1849 aura,
526 1823 543 1844 i.
554 1817 692 1852 stridentes
712 1818 794 1844 Ouid.
809 1816 875 1843 Fast.
892 1825 912 1849 3,
928 1819 988 1850 642.
1074 1816 1149 1842 Mur-

102 1863 178 1882 mure
190 1854 302 1890 querulo
316 1855 432 1881 referens
445 1855 549 1890 questus
566 1855 654 1881 Senec.
668 1855 746 1881 Herc.
759 1855 819 1880 Oet.
830 1862 902 1885 1204.
998 1852 1069 1878 Sono
1087 1859 1151 1887 que-

103 1890 164 1917 rulo
186 1891 286 1917 referre
307 1890 412 1926 aliquid
443 1891 562 1925 Propert.
577 1899 599 1922 3,
613 1894 640 1922 6,
654 1895 688 1919 18·
797 1889 919 1915 Vlulatus
931 1889 1040 1924 queruli
1064 1887 1148 1914 Ouid.

103 1926 180 1961 Epist.
195 1936 216 1959 5,
230 1934 269 1960 73.
385 1927 502 1959 Querula
524 1928 597 1952 Voce
615 1926 710 1960 gaudia
728 1931 821 1952 notare
852 1925 934 1951 Ouid.
950 1926 980 1950 A.
994 1925 1026 1950 A.
1042 1933 1073 1956 2,
1093 1928 1149 1956 308.
1160 1937 1192 1961 50

102 1965 120 1988 i.
128 1961 222 1997 frafl'a
232 1969 294 1997 prae
305 1962 429 1997 voluptate
440 1970 512 1998 eoque
525 1972 551 1989 re
565 1963 678 1997 querulae
681 1960 764 1995 Jimili
779 1972 785 1986 :
815 1960 926 1996 Jummus
940 1961 1078 1996 voluptatis
1091 1969 1151 1995 grau-

103 1998 149 2024 τίω
163 1996 244 2032 affinis
259 1998 346 2024 dolori.
591 2007 604 2024 2
640 1997 791 2030 Querulum,
811 1998 924 2023 Canorm
936 1996 1070 2031 aliquando
1090 1996 1153 2021 dici·-

103 2040 146 2060 tur
157 2044 173 2060 u
188 2036 280 2060 Poetis.
333 2033 405 2067 Virg.
420 2033 518 2067 Georg.
534 2042 557 2065 3,
569 2038 614 2065 328
634 2034 663 2059 Et
677 2040 752 2059 cantu
767 2033 894 2068 querulae
909 2039 1032 2066 rumpent
1047 2031 1153 2058 arbusta

105 2068 219 2095 cicadae.
326 2069 392 2095 llor.
407 2070 494 2095 Carnu.
512 2077 535 2101 3,
549 2077 575 2103 7,
589 2077 619 2100 30
640 2069 737 2104 Neque
751 2069 778 2094 in
794 2069 849 2094 vias
887 2068 941 2094 Sub
959 2074 1036 2095 cantu
1056 2075 1152 2102 queru-

106 2104 146 2130 lae
159 2104 260 2138 despice
272 2103 362 2130 tibiae.
429 2106 470 2131 Sic
485 2104 633 2131 Columella
647 2113 686 2136 io,
701 2113 727 2130 iz
753 2104 872 2137 Querula
888 2112 960 2130 rana.

106 2140 170 2165 Met.
185 2149 205 2172 ς,
219 2148 263 2172 339
283 2139 402 2174 Calliope
415 2140 538 2175 querulas
550 2146 696 2174 praetentat
710 2140 806 2174 pollice
825 2139 945 2166 chordas.
1052 2139 1149 2164 Addita

103 2175 136 2200 da
149 2175 263 2209 querulo
277 2176 414 2201 volucrum
427 2175 601 2202 medicamina
615 2175 680 2202 nido
715 2175 796 2202 Ouid.
811 2175 842 2201 de
857 2176 999 2201 Medicam.
1013 2173 1094 2199 faciei
1107 2179 1152 2204 77.

105 2212 198 2245 Nempe
210 2210 239 2236 ιΙε
252 2211 374 2243 Qucror,
394 2211 521 2244 Questus,
545 2212 662 2244 Querela
682 2211 744 2237 idem
764 2211 951 2245 obscruauimus.

139 2251 187 2281 (gv
199 2251 214 2271 F
223 2252 239 2271 R
252 2253 272 2271 v
282 2253 297 2272 L
310 2252 329 2272 Ο
341 2253 353 2272 s
363 2253 381 2272 v
391 2254 419 2278 s,
438 2255 468 2278 a,
489 2256 543 2273 uun.
566 2247 626 2273 Adi.
664 2248 875 2272 Murmurauores
890 2240 1023 2275 querulosi
1046 2239 1152 2272 Vulgat-

100 2281 178 2316 Epist.
193 2281 272 2308 Iudae
290 2291 316 2308 v.
333 2284 368 2307 u6.
1024 2307 1029 2312 ,
1097 2305 1103 2311 ,
1160 2282 1196 2306 60

139 2323 189 2356 ἣν
200 2324 216 2343 Ε
225 2325 239 2343 11
252 2324 272 2342 ν
282 2324 297 2344 1,
309 2324 328 2343 0
340 2323 368 2346 ut,
377 2317 425 2343 Eri.
447 2317 512 2347 Dep.
547 2315 616 2338 Cum
631 2311 710 2337 index
727 2311 811 2337 solum
827 2310 876 2336 hoc
889 2307 1077 2344 querulabitur
1096 2307 1150 2339 ipse

103 2353 206 2380 futurus
221 2354 302 2378 Vetus
318 2353 405 2383 Epigr.
421 2351 448 2373 in
463 2350 618 2373 Hottoncni.
653 2348 687 2372 al.
707 2345 897 2379 querelabitur.
968 2342 1067 2368 Iniuste
1088 2349 1151 2375 que-

103 2389 194 2418 mlor,
214 2388 278 2413 luite
296 2392 384 2410 autem
403 2383 491 2416 patior
511 2382 612 2407 Thoni.
633 2379 666 2405 de
685 2380 791 2414 Kempis
811 2379 842 2405 de
865 2378 929 2405 trib.
944 2377 1076 2404 tabernac.
1091 2386 1113 2403 c.
1125 2385 1151 2410 9.

103 2424 163 2450 adil.
177 2425 230 2447 Pet.
245 2419 354 2446 Blcscns.
368 2419 412 2451 Ep.
426 2424 478 2449 129.
511 2422 536 2441 et
548 2426 590 2449 14¹
603 2416 685 2450 etseq.

153 2463 188 2479 >v
200 2461 216 2481 F
226 2462 242 2481 R
254 2460 302 2489 Qu*
312 2460 328 2479 Ε
339 2458 357 2477 D
369 2450 440 2477 ΰιΑ
450 2470 458 2482 ,
481 2459 520 2477 ae.
558 2451 578 2477 f.
614 2454 680 2477 Auis
692 2450 788 2486 semper
802 2453 829 2476 in
848 2451 921 2485 aquis
932 2455 1033 2475 natans.
1071 2449 1148 2475 Varr.
1163 2454 1194 2486 65

103 2467 178 2518 ἀεὶ(
193 2491 222 2516 R.
236 2497 258 2520 3,
270 2496 290 2520 3,
304 2496 316 2519 3
337 2487 424 2512 Altera
438 2486 533 2521 species
545 2494 651 2518 eorum,
663 2494 730 2520 quae
744 2495 798 2512 non
813 2487 872 2512 sunt
886 2490 1009 2511 contenta
1023 2491 1093 2510 terra
1109 2486 1148 2510 so-

108 2528 175 2557 lum,
191 2523 233 2550 sed
248 2525 327 2550 etiam
341 2530 434 2558 aquam
448 2522 604 2558 requirunt,
624 2529 653 2548 vt
666 2524 723 2548 suut
737 2524 849 2554 auisereS,
868 2520 1075 2557 querquedulae,
1089 2529 1148 2547 ana-

102 2568 149 2588 tes.
220 2559 287 2586 Add.
302 2567 324 2590 3,
339 2567 370 2590 uu,
382 2567 409 2591 4.
454 2565 476 2584 et
491 2558 595 2584 Colum.
609 2563 632 2589 8,
647 2566 680 2591 ις,
696 2566 714 2584 u.
805 2559 894 2584 Varro
908 2557 939 2583 de
955 2558 985 2583 L.
1000 2557 1030 2583 L.
1043 2566 1071 2590 4,
1087 2565 1108 2589 13
1123 2565 1148 2591 p.

102 2605 139 2628 αι,
155 2599 184 2628 36
203 2596 246 2622 vbi
258 2595 287 2621 de
299 2595 447 2630 amphibiis,
467 2594 541 2619 Aliae
555 2594 583 2620 iii
605 2593 655 2620 hoc
674 2602 770 2628 genere
785 2602 800 2620 a
819 2593 942 2623 Graecis,
959 2599 987 2619 vt
1008 2594 1150 2628 Querque-

102 2632 177 2662 dula,
197 2630 324 2658 Cerceris.
358 2630 468 2666 Scaliger
481 2637 559 2656 monet
573 2629 689 2665 quoidam
703 2630 790 2656 habere
807 2630 946 2661 Cei-curis,
964 2629 1084 2665 κερκκρίς,
1097 2628 1149 2664 ipse
1158 2641 1194 2668 70

101 2675 180 2696 audem
194 2666 353 2702 reponendum
367 2672 445 2691 monet
459 2665 632 2700 κερκιθαλλίς,
654 2665 718 2701 quod
727 2668 821 2701 recepit
842 2667 971 2700 Scioppius
985 2673 1013 2700 p.
1031 2673 1063 2699 37
1084 2671 1149 2690 extr.

104 2702 201 2730 Laudat
210 2711 286 2738 porro
299 2702 409 2737 Scaliger
421 2701 506 2736 versus
520 2702 646 2728 Varronis
661 2701 739 2737 tufi-io
750 2701 814 2727 vnde
827 2712 834 2726 .·
869 2703 922 2727 Aut
948 2699 1062 2735 frigidos
1081 2701 1149 2726 nim-

105 2740 154 2767 bos
182 2746 265 2773 aquae
295 2737 426 2763 caducitcr
455 2738 556 2764 ruentis
593 2738 770 2764 Praeinnuere
796 2737 926 2772 aquatiles
950 2735 1151 2772 querquedulae

102 2780 224 2802 natantes.

138 2814 424 2847 qvizuzquRVS.
444 2807 500 2834 visi.
524 2814 758 2847 ermcnnvs
772 2808 821 2843 sub
838 2813 945 2846 Qvizut
958 2814 1007 2835 cv
1020 2814 1042 2834 S.

155 2852 205 2884 Qv
218 2846 260 2871 rsa
270 2850 317 2883 Qv
327 2850 343 2870 12·
353 2849 374 2869 'r
389 2850 407 2869 v
421 2851 437 2870 ι
446 2851 468 2870 Α
480 2851 500 2869 Ν
513 2850 534 2870 Α
566 2845 642 2871 Porta
655 2845 757 2870 Romae
770 2844 822 2870 tuit
839 2844 875 2870 ita
891 2843 962 2870 dicia
975 2852 990 2870 a
1001 2845 1149 2876 Quen-ceto,

104 2882 175 2917 quod
195 2881 264 2907 intra
276 2888 367 2906 muros
379 2879 451 2906 iuxta
467 2880 492 2906 se
508 2879 628 2907 habebat.
665 2879 763 2906 Festus.
858 2879 973 2913 Plin.3,5
1010 2881 1148 2915 Qierquc-

103 2918 205 2944 tulanos
219 2922 357 2942 memorat.
393 2916 436 2942 Al.
456 2915 689 2951 Querquetularia.
715 2917 757 2943 AI.
771 2915 956 2947 Querculana,
974 2915 1028 2941 uid.
1048 2922 1148 2953 QER-

106 2959 177 2980 cvs.
283 2950 492 2985 Querquetulani
507 2952 585 2978 Lares
598 2961 630 2977 an
644 2951 889 2986 Querquetulanum
905 2950 1049 2978 Sacellum?
1071 2953 1147 2978 Varr.

1163 2819 1195 2848 75

1067 2102 1151 2129 Ouid·
1170 2114 1198 2140 55
1218 2106 1306 2131 omnis
1321 2104 1408 2136 grauis
1420 2104 1455 2127 est
1475 2108 1552 2127 actas.

1205 2704 1320 2745 formcim
1334 2709 1446 2731 reuocari
1457 2704 1532 2741 poJJct
1545 2706 1692 2745 consuetudo
1707 2709 1757 2732 iam
1769 2709 1845 2731 nimis
1857 2706 1915 2732 robu
1939 2716 1964 2732 α.

1212 1070 1286 1096 Idem
1301 1077 1349 1103 pro
1363 1069 1445 1095 flacc.
1461 1079 1482 1095 c.
1498 1077 1519 1094 ιι
1531 1075 1574 1103 pr.
1595 1068 1679 1093 Cuius
1703 1077 1734 1094 ex
1757 1067 1861 1093 familia
1887 1065 1933 1100 qui
1949 1067 2049 1100 primus
2070 1065 2159 1092 consul
2179 1065 2265 1092 sacius

1212 1106 1263 1136 eut,
1283 1105 1383 1139 primus
1398 1105 1425 1130 in
1440 1104 1487 1130 hac
1502 1104 1610 1130 ciuitate
1623 1103 1711 1129 consul
1726 1103 1787 1129 fuit.
1895 1102 1952 1128 Cic.
1968 1102 2039 1127 Fam.
2054 1110 2078 1132 2,
2091 1100 2166 1135 4fin.
2195 1104 2266 1133 Qua-

1212 1150 1271 1168 rum
1285 1140 1390 1166 laudum
1405 1141 1520 1175 gloriam
1542 1140 1687 1171 adamatis,
1704 1139 1801 1173 quibus
1820 1136 1921 1164 artibus
1939 1145 1984 1163 eae
2004 1137 2090 1164 laudes
2113 1145 2267 1171 comparan—

1210 1183 1270 1209 tur,
1290 1177 1318 1202 in
1331 1177 1364 1203 iis
1378 1177 1426 1203 ess'e
1443 1176 1627 1203 laborandum.
1719 1176 1774 1201 Huc
1789 1177 1918 1209 pertinent
1939 1173 2098 1209 Periphrases
2107 1172 2266 1208 frequentes,

1211 1221 1240 1239 vt
1254 1212 1313 1239 Liu.
1328 1221 1349 1244 3,
1364 1223 1401 1246 44
1423 1212 1599 1245 Ancum-ibus,
1624 1211 1671 1244 qui
1684 1210 1807 1242 aderant,
1827 1213 1845 1235 ι’.
1859 1209 1996 1236 aduocatis.
2106 1208 2177 1234 ldcm
2191 1216 2218 1239 i,
2232 1213 2267 1241 48

1212 1250 1256 1284 Is,¹
1279 1249 1323 1282 qui
1338 1249 1455 1275 iumenta
1469 1248 1576 1283 agebat,
1593 1250 1692 1283 auriga.
1784 1245 1852 1272 Tac.
1869 1247 1936 1271 Ann.
1951 1253 1976 1277 2,
1989 1251 2023 1278 27
2050 1243 2203 1278 Adhibitus,
2219 1244 2268 1278 qui

1211 1284 1388 1319 obsignarent.
1497 1285 1553 1310 Cic.
1569 1283 1652 1309 Tusc.
1667 1292 1686 1315 4
1701 1292 1722 1308 c.
1737 1291 1749 1314 7
1767 1283 1842 1314 Quae
1856 1279 2023 1312 efficiuntur,
2049 1283 2066 1306 i.
2082 1279 2181 1313 fffia.
2238 1280 2266 1306 Si

1206 1321 1312 1357 paflu'm,
1333 1320 1388 1354 Qui
1402 1319 1531 1352 audiunt,
1553 1320 1599 1353 qui
1615 1328 1656 1346 res
1671 1318 1804 1347 iudicant,
1824 1320 1843 1342 i.
1864 1316 2008 1347 auditores,
2031 1315 2133 1341 iudices.
2225 1315 2267 1342 Sic

1212 1356 1344 1390 Quinciil.
1359 1366 1379 1387 7,
1395 1365 1406 1381 ,τ
1421 1365 1485 1382 mer.
1519 1355 1592 1388 Quid
1617 1355 1660 1380 cui
1682 1352 1870 1383 conne61atur,
1892 1351 1956 1385 quid
1987 1350 2030 1377 cui
2051 1351 2197 1377 consentiat
2217 1358 2264 1376 etc.

1212 1393 1304 1418 Contra
1318 1400 1344 1417 ea
1357 1394 1483 1417 omittitur
1495 1394 1520 1416 in
1536 1391 1628 1416 talibus
1638 1410 1645 1421 ,
1668 1389 1708 1415 Est
1723 1388 1811 1419 locius,
1831 1386 1988 1420 Hesperiam
2010 1386 2086 1411 Graii
2106 1386 2267 1420 cognomine

1211 1427 1311 1453 dicunt.
1510 1424 1530 1463 ‘J
1558 1435 1576 1457 4
1614 1425 1742 1451 Notabii'is
1762 1420 1795 1454 ⁶³st
1815 1419 1966 1453 coifiruflio
1979 1430 2032 1447 cum
2039 1423 2138 1461 primae
2151 1425 2269 1456 etjecun-

1210 1463 1254 1488 dac
1266 1461 1381 1496 personae
1403 1461 1498 1487 Verbis.
1554 1460 1622 1485 Auin.
1639 1458 1724 1484 Pollio
1739 1457 1770 1484 ad
1786 1457 1841 1483 Cic.
1857 1457 1928 1483 Fam.
1943 1465 1979 1487 ιο,
1993 1458 2079 1492 3ij171.
2100 1457 2191 1489 Qiare
2206 1465 2268 1482 eum

1214 1506 1258 1522 nie
1282 1496 1402 1521 existima
1426 1497 1490 1527 effe,
1512 1495 1558 1528 qui
1583 1495 1698 1528 primum
1718 1493 1787 1528 pacis
1803 1491 1980 1527 cupidissimus
1993 1492 2054 1523 fim,
2090 1507 2135 1512 —
2170 1492 2269 1519 deinde

1213 1531 1259 1565 qui
1276 1537 1301 1557 et
1314 1540 1372 1563 mc,
1393 1538 1417 1555 et
1433 1532 1525 1564 Rcmp.
1543 1530 1681 1556 vindicare
1701 1530 1730 1555 in
1751 1528 1903 1555 libertatem
1918 1530 2029 1562 sparatus
2052 1527 2107 1554 sim.
2190 1536 2194 1539 ¹
2212 1529 2271 1555 Cic.

1214 1568 1287 1594 Fam.
1305 1575 1342 1598 ιο,
1356 1570 1372 1592 6
1391 1566 1490 1592 Talem
1505 1572 1529 1592 te
1541 1566 1590 1591 effe
1605 1571 1722 1600 oportet,
1742 1565 1788 1598 qui
1803 1565 1919 1598 priunum
1932 1570 1957 1590 te
1971 1570 1996 1590 et
2010 1564 2155 1598 impiorum
2168 1564 2272 1591 ciuium

1214 1603 1338 1629 socictate
1373 1603 1507 1636 seiungas,
1527 1601 1623 1628 deinde
1659 1616 1705 1621 —
1743 1600 1866 1635 praebeas
1902 1614 1947 1619 —
1983 1599 2093 1626 iudices.
2188 1601 2273 1627 Etiam

1214 1639 1258 1665 illa
1281 1638 1431 1674 obsti-nanda
1452 1641 1520 1665 ratio
1549 1638 1606 1664 Cic.
1622 1638 1705 1664 Bruto
1720 1642 1765 1669 258
1779 1646 1800 1663 c.
1816 1644 1853 1671 74
1882 1634 1930 1662 Sed
1950 1644 2041 1662 ornnes
2061 1642 2118 1662 tum
2130 1636 2203 1668 fere,
2223 1636 2273 1670 qui

1213 1684 1261 1700 nee
1287 1681 1360 1700 extra
1382 1674 1447 1700 hant
1469 1674 1563 1700 vrbem
1584 1673 1723 1704 vixerant,
1746 1681 1793 1699 nec
1816 1681 1861 1698 eos
1876 1672 1965 1706 aliqua
1979 1672 2114 1698 barbaries
2128 1671 2274 1698 domestica

1214 1710 1406 1742 infuscauerat,
1426 1709 1496 1736 recle
1518 1709 1705 1744 loquebantur.
1801 1710 1863 1735 mm
1876 1708 1935 1734 illo:
1976 1708 2036 1734 Liu.
2050 1713 2088 1743 38,
2100 1709 2143 1741 43⁸
2161 1707 2213 1734 Cui
2227 1716 2274 1734 na-

1215 1746 1286 1773 tioni
1319 1755 1372 1772 non
1405 1754 1436 1772 ex
1468 1746 1576 1772 Senatus
1608 1745 1768 1772 auctoritate
1804 1744 1904 1770 belluim
1930 1743 2034 1770 illatum
2049 1754 2054 1770 z
2091 1743 2163 1777 quod
2191 1753 2274 1778 quem

1215 1791 1330 1816 vnquam
1344 1781 1376 1808 de
1390 1782 1433 1808 sua
1450 1782 1576 1808 sententia
1591 1781 1677 1808 facere
1697 1782 1789 1807 ausum
1804 1781 1813 1806 ’ἕ
1908 1779 2055 1815 impeditior
2063 1780 2148 1814 paullo
2163 1781 2227 1806 locu«
2239 1777 2273 1812 est

1215 1819 1270 1846 Cic.
1278 1817 1336 1844 Αὲὶ.
1353 1827 1362 1844 1
1377 1817 1405 1843 in
1422 1819 1498 1844 Verr.
1512 1826 1542 1851 25
1555 1827 1577 1844 c.
1592 1826 1608 1850 9
1628 1817 1729 1844 Siculos
1743 1817 1842 1842 sanein
1855 1824 1887 1842 eo
1900 1815 1999 1842 liberos
2014 1816 2100 1849 fuisse,
2117 1816 2275 1850 qui,quam-

1216 1855 1310 1881 obrem
1324 1855 1511 1881 arcesserentur
1526 1863 1586 1880 cum
1600 1853 1780 1887 intelligerent
1790 1873 1797 1884 ,
1818 1861 1871 1878 non
1886 1852 1992 1878 venifl'e.
2076 1852 2179 1878 Monuit
2196 1852 2276 1878 Asco-

1216 1892 1292 1922 nius,
1312 1890 1542 1917 Animaduertitur
1561 1890 1753 1923 inconsequens
1772 1888 1891 1919 locutio,
1909 1887 2054 1921 flmilisque
2072 1887 2235 1919 soloecismi,
2255 1886 2273 1915 fi

1217 1926 1327 1961 quidem
1355 1935 1404 1952 non
1424 1926 1513 1959 venisti
1536 1926 1633 1961 legeris
1650 1937 1655 1952 :
1691 1923 1786 1958 namsi
1800 1933 1848 1950 non
1863 1922 1983 1956 ueniffi’nt
1999 1923 2108 1957 legeris,
2129 1932 2206 1950 error
2219 1931 2275 1949 non

1216 1963 1276 1989 erit.
1351 1963 1458 1988 Gronau.
1473 1961 1539 1996 ΟΜΖ
1554 1973 1575 1994 ι,
1591 1972 1618 1989 12
1637 1960 1799 1988 omittendum
1814 1959 1892 1994 censet
1905 1961 2042 1986 pronomen
2056 1959 2111 1991 quui.
2155 1959 2275 1994 Iungitur

1215 1998 1341 2032 cumipse.
1379 1997 1509 2030 Quinclil.
1521 2006 1592 2032 i,i,7
1613 1998 1671 2024 Nec
1685 2004 1771 2023 tamen
1786 1995 1817 2028 ii,
1829 1993 1924 2027 quibus
1938 1994 2037 2019 discere
2051 1993 2109 2026 ipsus
2122 2002 2178 2019 non
2189 1993 2274 2019 conti-

1217 2035 1271 2069 git,
1290 2034 1424 2060 minorem
1447 2043 1537 2060 curam
1562 2032 1675 2058 docendi
1697 2031 1799 2056 liberos
1823 2029 1945 2054 habeant.
2054 2028 2111 2054 Cic.
2133 2029 2165 2053 de
2179 2028 2237 2054 Seu.
2252 2038 2272 2062 4

1217 2069 1323 2102 Quibus
1346 2069 1419 2095 enim
1442 2070 1510 2094 nihil
1534 2068 1592 2100 opis
1618 2067 1653 2091 est
1667 2066 1694 2090 in
1710 2063 1769 2097 ipfis
1783 2063 1815 2088 ad
1829 2063 1897 2089 bene
1911 2063 2039 2096 beateque
2053 2063 2216 2096 viuuendum,
2233 2064 2274 2090 eis

1625 2102 1684 2126 Non
1702 2098 1772 2125 modo
1792 2097 1958 2130 Quibuscum
1971 2098 2066 2125 dicitur
2080 2105 2110 2124 vt
2122 2099 2274 2132 nobiscum,

1210 2139 1260 2174 sed
1272 2139 1341 2170 Nep.
1359 2142 1393 2167 18,
1408 2146 1445 2168 ic,
1460 2145 1472 2168 3
1498 2137 1567 2162 Cum
1589 2134 1686 2167 quibus
1705 2133 1731 2159 ei
1750 2134 1782 2158 de
1797 2133 1906 2159 suminis
1920 2132 1998 2159 rebus
2013 2139 2068 2160 erat
2081 2133 2273 2163 dimicandum.

1219 2174 1314 2198 Nouoi-1⁴
1329 2178 1433 2197 merctur
1447 2171 1509 2196 illud
1523 2169 1590 2195 Phil.
1605 2177 1637 2200 13,
1650 2177 1683 2194 22
1703 2168 1728 2194 Ο
1740 2168 1859 2201 Spartace
1869 2188 1877 2200 ,
1893 2176 1973 2201 quem
1989 2168 2061 2195 enim
2078 2175 2104 2196 te
2121 2171 2210 2204 potius
2228 2168 2273 2206 ap-'

1216 2207 1312 2240 pellem
1330 2207 1339 2231 3
1372 2209 1390 2230 i.
1413 2213 1458 2238 quo
1474 2207 1578 2229 nornine.
1653 2204 1776 2238 Frequens
1809 2202 1843 2236 ist
1876 2206 1903 2229 in
1927 2204 1972 2230 hoc
1997 2206 2144 2232 Pronomine
2167 2207 2273 2242 Syntfis.

1217 2240 1285 2266 Gell.
1308 2248 1326 2269 1,
1342 2248 1372 2271 14
1391 2238 1546 2265 Memoratis
1559 2238 1650 2265 inultis
1663 2239 1819 2273 magnisque
1831 2238 1920 2271 rebus,
1939 2248 2007 2274 quae
2023 2241 2090 2276 (pro
2103 2246 2182 2275 quas)
2204 2241 2273 2270 bene

1215 2281 1240 2300 et
1256 2274 1388 2300 beneuole
1423 2289 1468 2293 —
1504 2274 1665 2301 Samnitibus
1678 2274 1786 2301 feciffet.
1859 2276 1947 2302 Varro
1962 2276 1993 2302 R.
2008 2276 2039 2303 R.
2054 2289 2072 2309 u,
2091 2287 2112 2309 2,
2127 2286 2155 2313 u7
2174 2279 2218 2306 Ne
2232 2288 2273 2306 ca-

1214 2318 1261 2345 pra
1274 2316 1363 2335 natum
1378 2310 1479 2343 pascat,
1501 2320 1563 2344 quas
1584 2310 1718 2345 (capras)
1739 2310 1882 2346 astrologia
1894 2312 1924 2338 in
1941 2311 2041 2339 caeluni
2063 2314 2170 2347 recepit.
2213 2315 2273 2342 ulid.

1213 2347 1319 2372 Lei-icon
1333 2347 1442 2379 rostrum
1455 2347 1582 2378 Rusticum
1601 2347 1660 2373 Voc.
1676 2353 1815 2374 SYNESIS.
2014 2345 2035 2384 q
2057 2356 2070 2381 ς
2107 2351 2273 2378 &sarmatici

1213 2384 1286 2407 etiam
1300 2379 1348 2412 ista
1361 2381 1489 2417 obstruant
1499 2382 1578 2415 Festi,
1597 2383 1668 2415 Ques
1681 2383 1786 2416 antiqui
1800 2382 1926 2409 dixerunt
1939 2393 1944 2409 :
1980 2383 2042 2410 inde
2056 2384 2215 2412 declinatum
2231 2396 2272 2414 re-

1212 2423 1302 2443 manet
1315 2417 1414 2444 Datiuo
1427 2417 1509 2450 Casu,
1529 2417 1642 2452 Quibus.
1679 2419 1733 2452 Qui
1747 2418 1831 2445 adhuc
1847 2419 1913 2445 item
1926 2419 2009 2452 Queis
2023 2420 2134 2453 facit,vt
2145 2422 2189 2448 Isti
2205 2422 2271 2456 istis,

1213 2453 1255 2480 llli
1272 2452 1335 2479 illis,
1376 2454 1447 2481 Forte
1461 2456 1540 2480 uoluit
1555 2454 1643 2481 Festus
1655 2453 1715 2480 lstei
1731 2454 1802 2480 isteis
1815 2461 1860 2482 etc.
1932 2457 1970 2481 De
1990 2456 2061 2489 Ques
2072 2457 2184 2492 superest
2196 2459 2272 2494 forte

1214 2490 1347 2524 exemplum
1371 2489 1449 2515 Ennii
1471 2490 1539 2524 apud
1562 2491 1676 2517 Varron.
1699 2489 1730 2516 de
1747 2490 1775 2518 L.
1789 2491 1820 2517 L.
1835 2492 1861 2523 6,
1874 2498 1887 2522 3
1902 2499 1926 2524 Ρ.
1941 2498 1985 2526 77,
1998 2500 2014 2518 2
2033 2493 2129 2519 Decem
2144 2494 2260 2521 Coclites

1215 2534 1278 2558 ques
1292 2525 1426 2552 montibu'
1440 2526 1563 2553 summeis
1581 2526 1662 2561 ripcis
1686 2525 1785 2553 sedere.
1877 2527 1917 2553 Sic
1931 2527 1994 2554 scat.
2008 2529 2059 2565 legi
2071 2530 2125 2555 vult
2132 2537 2181 2564 pro
2195 2517 2272 2564 quosf

1214 2560 1287 2600 Ideni
1301 2562 1387 2587 Varro
1403 2569 1429 2596 7,
1444 2569 1478 2596 27
1491 2571 1514 2597 p.
1528 2571 1574 2596 94,
1586 2570 1621 2597 27
1662 2563 1751 2595 Quare
1775 2560 1848 2599 quod
1870 2571 1938 2588 nunc
1958 2562 2057 2591 dicitur
2072 2565 2118 2599 qui
2135 2565 2270 2600 homines,

1214 2596 1269 2635 dici
1284 2598 1403 2630 oportuit
1418 2606 1490 2631 ques.
1564 2597 1766 2634 Nempcjuffum
1780 2598 1813 2630 est
1827 2601 1855 2623 in
1867 2598 1913 2625 hoc
1926 2599 2089 2633 Pronomine,
2107 2601 2173 2637 quod
2189 2605 2216 2628 iii
2231 2611 2271 2628 ne-

1214 2631 1326 2667 cqffariis
1345 2633 1477 2669 quibusque
1496 2635 1533 2660 lin
1553 2643 1640 2661 uarum
1655 2634 1729 2670 sorte
1743 2637 1849 2660 omnium
1862 2634 1979 2667 vocibus,
1996 2636 2099 2671 αι’-[ἳνα
2114 2637 2271 2665 venientibus

1213 2678 1265 2695 cum
1278 2670 1364 2704 regula
1371 2670 1419 2704 suo
1433 2643 1552 2705 quiicndzg
1559 2668 1689 2706 magistris
1701 2680 1750 2696 non
1759 2676 1910 2705 pareretur,
1929 2680 1972 2697 nec
1978 2671 2026 2707 Jub
2041 2682 2114 2699 cnam
2127 2673 2271 2701 declinandi

2026 2709 2091 2743 Ergo
2105 2709 2164 2742 Qua
2179 2716 2203 2736 et
2215 2718 2269 2744 quo

1214 2748 1236 2766 et
1252 2749 1298 2774 qui
1312 2747 1335 2766 ct
1349 2750 1415 2775 quae
1436 2749 1459 2767 et
1473 2750 1535 2775 quas
1549 2749 1570 2768 er
1583 2750 1658 2776 queis
1672 2749 1695 2768 et
1708 2750 1774 2776 quos
1787 2751 1842 2768 cum
1861 2743 1968 2768 articulo
1988 2743 2080 2770 Graeco
2102 2745 2269 2781 consentiunt,

1213 2777 1300 2810 Queun
1315 2783 1339 2803 et
1352 2786 1414 2811 ques
1429 2784 1452 2803 et
1466 2778 1562 2811 quibus
1575 2781 1665 2804 tertiae
1679 2779 1864 2804 Declamationis
1877 2779 2019 2814 analogiam
2026 2779 2142 2815 seruant.
2177 2781 2269 2817 Singu-

1212 2814 1278 2839 lares
1291 2813 1338 2846 qui
1351 2820 1374 2839 et
1393 2821 1460 2847 quae
1475 2818 1549 2849 plane
1556 2814 1619 2849 sum
1633 2814 1773 2840 heterocliti
1786 2823 1795 2842 ‚·
1830 2820 1860 2839 vt
1879 2820 1903 2839 et
1920 2814 2030 2847 quoius,
2051 2815 2117 2848 quoi
2140 2816 2269 2843 comraffl

1211 2852 1239 2874 in
1254 2849 1344 2881 cuius,
1365 2850 1428 2875 cui:
1464 2853 1502 2875 im
1526 2857 1608 2876 tamen
1629 2853 1669 2875 uti
1686 2850 1828 2885 analogiam
1854 2849 1976 2884 quandam
1995 2850 2135 2885 sentiamus
2159 2854 2186 2877 in
2205 2853 2268 2884 Hic,

1212 2883 1275 2910 haec
1285 2903 1292 2915 ,
1312 2884 1405 2917 huius,
1426 2884 1487 2911 huic
1501 2892 1548 2912 etc.
1583 2886 1655 2919 Quei
1668 2886 1708 2912 vel
1719 2886 1766 2919 qui
1774 2893 1824 2920 pro
1837 2886 2008 2921 quo,qua,od
2019 2895 2098 2920 quem
2113 2893 2136 2913 et
2150 2895 2213 2921 ques
2228 2891 2267 2914 vi-

1212 2920 1283 2946 detur
1316 2921 1441 2953 alludere,
1462 2928 1485 2947 et
1509 2927 1627 2956 quatenus
1650 2921 1827 2947 aduerbialiter
1854 2922 2006 2957 usurpatur,
2025 2922 2059 2949 ad
2079 2922 2137 2949 heic
2157 2924 2195 2950 vel
2213 2923 2266 2950 hic.

1211 2956 1259 2983 sed
1287 2955 1315 2982 de
1340 2957 1386 2983 hoc
1418 2966 1476 2983 uoce
1506 2963 1564 2996 Q'I
1587 2957 1727 2994 separatim
1755 2966 1811 2983 mox
1844 2965 1951 2994 agemus.
2122 2955 2143 2992 q
2163 2961 2179 2985 6
2222 2960 2265 2985 1⁷1-

109 2988 138 3014 L.
151 2988 180 3013 L.
194 2996 220 3021 4,
234 2991 247 3017 8
259 2996 282 3021 p.
298 2996 330 3018 ις,
344 2995 371 3013 21
398 2987 464 3012 Item
499 2987 571 3013 lucus
600 2987 697 3014 Larum
707 3007 715 3020 ‚
733 2988 983 3022 Querquetulanum
1008 2987 1147 3021 Sacellum.
1168 2998 1201 3024 80
1210 2994 1297 3018 timum
1313 2991 1415 3028 denique
1428 2994 1505 3019 Iocum
1520 2992 1693 3029 qffignabimus
1706 2992 1870 3028 obfi‘ruau'oni
1885 2994 1921 3019 Io.
1943 2994 2029 3019 Polem'
2041 2994 2178 3028 Prole-gom.
2189 2995 2266 3021 Fron-

106 3024 148 3050 Sic
156 3022 215 3048 edit.
223 3022 345 3048 Durdrac.
381 3022 427 3049 scd
438 3023 565 3056 Tur›1.!2o‚
571 3032 599 3057 35
619 3023 696 3050 Lares
706 3024 938 3057 Querquetulanos
947 3024 1004 3049 hinc
1014 3023 1144 3059 exst-ulpit,

109 3058 242 3092 eosdemque
267 3060 377 3093 urat,qui
388 3058 535 3085 Permarini
543 3060 670 3085 dicuntur.
777 3059 1010 3094 Querquetulanae
1022 3059 1145 3086 diceban-

110 3101 152 3119 tur
166 3092 254 3130 Nyuiip
274 3101 302 3118 ac
315 3100 459 3127 querqueto
471 3095 609 3121 virescenti
623 3094 804 3129 praefidentes.
911 3095 1028 3121 Paullus:
1055 3095 1143 3122 Festus

107 3135 187 3155 amem
204 3128 253 3160 lue,
271 3128 497 3162 Querquietulanae
511 3130 584 3157 virae
597 3136 722 3164 putantur
742 3129 881 3165 significari
896 3130 1051 3165 Nymphae,
1071 3139 1145 3166 prae.

107 3163 219 3190 sidentes
237 3170 380 3198 querqueto
396 3164 552 3198 virescenti,
573 3167 645 3201 quod
665 3175 744 3200 genus
763 3166 841 3193 iiluae
853 3166 971 3193 indicant
984 3167 1060 3193 fuine
1074 3167 1144 3194 intra
1160 3175 1190 3204 85

108 3206 211 3234 portam
222 3218 229 3230 ‚
247 3207 319 3238 quae.
326 3198 357 3225 ab
369 3206 401 3226 co
414 3201 483 3227 dieta
495 3201 524 3228 fit
537 3203 769 3237 Querquetularia.
840 3203 888 3229 Sed
908 3203 1020 3229 feminas
1038 3203 1143 3237 antiqui

107 3243 172 3275 quas
188 3236 255 3273 sagas
268 3233 379 3260 dicimus
391 3236 458 3262 viras
473 3237 649 3271 appellabant,
668 3238 738 3265 vnde
755 3237 840 3264 adhuc
857 3244 1013 3273 permanent
1028 3239 1145 3272 virgines

107 3277 133 3310 et
146 3278 295 3308 vuragunes..
357 3270 578 3310 Querquetulani,
599 3275 692 3309 Populi
705 3275 764 3301 sunt
778 3275 806 3300 iii
820 3275 906 3308 prima
920 3275 1031 3310 regione
1044 3275 1145 3306 Italiae,

107 3313 176 3332 inter
190 3304 345 3345 Pollull‘inos
360 3312 385 3330 et
399 3305 498 3346 Sicanos
514 3309 580 3335 Plin.
596 3317 616 3341 3,
630 3318 652 3343 ς.
755 3310 989 3345 Querquetulanus
1004 3309 1145 3345 collis‚qui

107 3341 195 3385 postea
217 3340 323 3368 Caclius
348 3349 362 3366 a
385 3341 474 3368 Caelio
497 3343 640 3377 Hetrusco,
656 3355 671 3372 a
691 3352 817 3381 querceto
831 3355 939 3381 quoque
954 3345 1144 3380 appellabatur.
1160 3354 1196 3379 90

119 3378 127 3403 l
139 3386 176 3403 ac·
189 3377 256 3402 Arm·
271 3385 297 3408 4,
310 3378 340 3406 ὅς
362 3377 479 3402 Montem
491 3387 549 3407 eum
564 3381 709 3416 antiquitus
723 3383 971 3416 Querquetulanum
986 3390 1144 3416 cognomen-

108 3420 136 3438 to
155 3413 244 3442 fuifl'e,
259 3412 331 3454 quod
349 3412 407 3437 talis
424 3411 505 3451 ‘liluuae
520 3416 642 3451 frequens
659 3417 839 3453 fecundusque
858 3424 930 3451 erat,
950 3426 1012 3445 mox
1025 3417 1145 3445 Caelium

106 3448 263 3483 appellatum
276 3456 290 3474 a
304 3447 382 3474 caele
397 3447 518 3476 Vibenna
534 3458 578 3478 etc.

489 3522 769 3568 Qvi

142 3595 209 3628 QVI
220 3609 238 3632 ,ι
259 3598 344 3632 quae,
375 3590 456 3632 ⁴quod
472 3602 478 3621 ;
515 3592 604 3625 cuiuis,
640 3596 690 3622 tui.
732 3596 746 3630 [
754 3595 796 3631 ὃς]
839 3597 975 3623 Pronomcn
1002 3598 1144 3630 relatiuam,

107 3626 316 3661 ueljumplaciter‚
336 3625 376 3652 uhi
393 3627 533 3653 Indicarum
548 3629 615 3655 modo
627 3633 755 3667 iungitur,
773 3638 816 3659 out
824 3634 969 3667 potentiali,
975 3632 1000 3667 fi
1013 3643 1054 3660 rei·
1063 3632 1145 3669 postu-

107 3661 140 3686 let
148 3680 156 3692 ,
173 3662 213 3703 uel
225 3668 253 3687 vt
266 3661 362 3697 coufizm
369 3660 447 3705 fimul
457 3663 565 3696 indicet,
585 3664 626 3690 vbi
636 3666 813 3694 CoiiiunHiuus
826 3668 931 3705 adiungi
937 3670 1011 3704 solet.
1047 3671 1146 3696 Prioris

108 3704 202 3736 generis
215 3694 247 3729 est
284 3697 365 3723 Plaut.
378 3698 399 3724 'l
409 3707 463 3725 rue.
477 3707 503 3732 2,
511 3707 560 3734 7,2
586 3700 641 3733 Qui
654 3709 734 3734 amat,
754 3704 847 3738 nequit
861 3705 928 3738 quin
941 3704 1023 3732 nihili
1035 3705 1075 3732 fit.
1112 3708 1143 3731 it.
1153 3718 1199 3737 100

109 3733 166 3756 Cic.
179 3732 252 3772 lfam..
262 3740 289 3766 7,
304 3740 332 3764 23
345 3739 384 3768 pr.
398 3734 470 3774 fae,
486 3736 599 3770 quaeso,
620 3737 666 3770 qui
687 3747 736 3772 ego
757 3740 830 3772 sunu,
848 3740 897 3766 ess'e
921 3746 956 3767 te.
1026 3742 1058 3768 Et
1071 3742 1142 3768 Fam.

109 3774 128 3795 1,
143 3766 197 3808 ι’ὃι
210 3776 254 3809 qui
270 3768 341 3809 siu-nt,
359 3777 405 3803 qui
419 3770 519 3803 velint,
539 3772 584 3806 quii
600 3772 676 3806 pauci
696 3774 752 3801 suunt
767 3785 772 3800 :
809 3776 912 3809 (velint
931 3779 1077 3811 potentialis
1098 3775 1142 3809 est,

104 3800 266 3828 dubitationis
289 3802 384 3844 ¹.'²d‘'².')
407 3804 553 3838 Pallet-ioris
574 3827 582 3840 ,
618 3808 687 3834 Ter.
701 3809 794 3838 Heaut.
807 3821 829 3844 ⁴»
842 3820 866 3844 3,
880 3814 897 3838 6
924 3812 1054 3840 Audistin'
1066 3812 1141 3839 obse-

105 3845 152 3862 cro
168 3837 176 3862 3
210 3843 232 3878 s.
251 3837 322 3871 Quid
335 3847 363 3865 ni
377 3841 385 3866 3
421 3842 469 3876 qui
482 3852 564 3877 vsque
578 3852 627 3870 vna
641 3842 780 3872 adfuerim.
873 3848 1047 3884 Perfi·quamur
1056 3851 1140 3883 primo

103 3871 167 3899 banc
179 3879 297 3899 rationem
309 3875 433 3910 causalem.

289 3915 372 3938 voi..
405 3912 455 3941 IV.

1160 3537 1192 3564 9⁵

1205 3746 1255 3769 tiui
1270 3744 1362 3779 causae.

1205 3780 1302 3805 Iumena
1317 3779 1388 3806 detur
1402 3780 1450 3806 tibi
1462 3786 1563 3815 nuptum
1578 3776 1592 3804 ὁ
1605 3778 1720 3804 Charine.

1206 3815 1254 3841 else
1268 3815 1394 3849 sapientia
1411 3818 1418 3841 ἐ
1454 3818 1473 3842 i.
1495 3824 1540 3851 quo
1560 3813 1644 3844 modo,
1664 3823 1711 3849 qua
1724 3816 1830 3840 ratione.

531 3879 534 3882 .
1207 3849 1260 3883 Qui
1276 3851 1357 3884 igitur
1371 3851 1510 3882 conuenit,
1532 3858 1598 3884 quae
1611 3850 1684 3876 causa
1700 3849 1780 3875 fuerit
1792 3869 1800 3881 ‚
1817 3855 1862 3875 ctc.

504 3879 561 3906 Cic.
577 3880 630 3906 Att.
646 3887 669 3913 ς,
681 3887 699 3912 9
734 3880 811 3909 Aetio
830 3883 971 3912 maluimus
984 3884 1036 3912 iter
1049 3885 1189 3921 facere105
1206 3886 1301 3921 Amph.
1314 3894 1332 3919 1,
1348 3895 1368 3921 i,
1382 3895 1422 3913 22.

1208 3030 1259 3053 tini
1268 3034 1296 3062 p.
1309 3037 1338 3059 30
1351 3036 1415 3054 extr.
1468 3030 1584 3055 Relatiua
1604 3029 1665 3063 qui,
1686 3037 1768 3063 quae,
1786 3027 1858 3062 quod
1878 3031 1906 3054 in
1918 3029 2042 3054 codicibus
2054 3027 2204 3064 vetustisque
2216 3030 2266 3056 edi-

1207 3064 1317 3089 tionibus
1331 3065 1474 3099 pli-rumque
1492 3063 1540 3098 dist
1559 3071 1618 3090 nata
1637 3064 1755 3091 videntur
1775 3065 1850 3090 litera
1870 3065 1968 3096 chm
1986 3063 2075 3090 addita
2091 3066 2175 3101 aliquo
2189 3073 2265 3096 nota,-

1208 3108 1270 3135 quoe
1283 3107 1342 3125 nota
1355 3101 1472 3135 pluribus
1485 3099 1534 3134 cast
1550 3111 1578 3126 us
1590 3104 1725 3127 communis
1734 3119 1740 3131 ‚
1759 3109 1833 3135 neque
1845 3100 1916 3135 cajus
1928 3099 1994 3135 ipsos
2007 3099 2166 3133 determinat,
2190 3111 2265 3137 neque

1207 3134 1297 3161 adimit
1310 3135 1448 3162 libertatem
1464 3134 1610 3169 restituendi
1623 3145 1651 3163 ex
1663 3133 1806 3173 conit’H’ura
1819 3144 1874 3168 eos,
1887 3139 1930 3171 qui
1940 3145 1994 3162 cum
2007 3138 2115 3162 veritate
2127 3136 2265 3173 consentire

1207 3174 1312 3197 maxime
1331 3171 1475 3198 videantur.

1245 3213 1371 3245 QVAE,
1392 3214 1504 3246 Qizis
1530 3213 1575 3233 ecc.
1611 3206 1664 3233 vid.
1678 3206 1736 3242 suis
1762 3207 1833 3233 Iocis.

1245 3249 1311 3279 QVI
1321 3263 1330 3275 ,
1350 3241 1383 3276 cst
1409 3243 1545 3270 Ablati'uus
1563 3243 1721 3270 Proriomim's
1740 3243 1794 3276 Qui
1814 3240 1960 3269 contraHus
1976 3251 2006 3268 ex
2023 3247 2116 3280 qvm,
2133 3251 2179 3279 quo
2192 3243 2263 3271 modo

1202 3277 1411 3315 stmptumsaipe
1423 3282 1550 3305 inuenitur
1564 3288 1571 3303 .¹
1609 3285 1632 3304 et
1645 3278 1742 3313 quidem
1758 3289 1805 3304 non
1817 3277 1886 3303 modo
1901 3278 2043 3312 Singularis
2059 3280 2166 3305 Numeri
2184 3284 2263 3306 omni-

1209 3324 1248 3339 um
1259 3323 1390 3350 generum,
1404 3314 1452 3350 fi'd
1472 3318 1545 3342 etiam
1560 3315 1670 3341 Plurolis
1685 3324 1692 3339 ;
1727 3314 1851 3340 interdum
1865 3312 1999 3339 iuutelleclis
2009 3314 2159 3341 Nominibus
2170 3316 2264 3348 modo,

1209 3351 1327 3381 ratione,
1344 3351 1417 3377 causa
1442 3358 1487 3377 cic.
1560 3351 1641 3376 Plaut.
1658 3350 1752 3383 Amph.
1766 3358 1786 3382 i,
1801 3359 1822 3382 i,
1840 3353 1886 3380 263
1906 3350 1997 3375 Patera
2010 3349 2104 3376 donata
2123 3359 2201 3378 aurea
2215 3351 2262 3384 est,

1209 3385 1256 3419 qui
1271 3386 1370 3412 Pterela
1383 3395 1429 3413 rex
1444 3386 1558 3421 potitare
1573 3385 1666 3412 solitus
1682 3386 1726 3412 cst.
1842 3385 1915 3411 Idem
1929 3383 2018 3411 Pseud.
2034 3393 2054 3418 i,
2070 3394 2089 3416 i,
2102 3389 2133 3416 86
2159 3386 2261 3414 Restim

1208 3421 1273 3447 volo
1300 3422 1368 3448 mihi
1395 3431 1499 3454 emere,
1519 3421 1565 3455 qui
1585 3430 1628 3448 me
1647 3422 1745 3448 fat-eain
1767 3419 1899 3454 pensilem.
1972 3420 2041 3447 Ter.
2060 3422 2143 3448 Andr.
2157 3431 2183 3454 2,
2196 3431 2216 3455 3,
2231 3427 2260 3453 28

1208 3457 1282 3483 Hanc
1296 3457 1376 3485 fidem
1389 3458 1438 3485 fibi
1455 3468 1497 3485 uie
1511 3457 1677 3490 obsecrauit,
1695 3456 1741 3491 qui
1756 3457 1780 3482 se
1795 3456 1871 3482 sciret
1884 3464 1938 3482 non
1951 3455 2082 3483 desertum
2096 3457 2149 3490 iri,
2170 3464 2197 3484 vt
2215 3457 2261 3484 da-

1208 3500 1275 3519 rem.
1380 3494 1446 3520 Cato
1460 3494 1491 3520 de
1505 3495 1536 3520 R.
1550 3494 1580 3519 R.
1595 3502 1627 3524 ii,
1642 3502 1658 3519 z
1679 3493 1764 3522 Cola,
1780 3491 1827 3524 qui
1847 3491 1941 3519 florem
1962 3491 2084 3526 demant,
2102 3493 2162 3520 tria.
2218 3495 2261 3521 Sic

1214 3527 1312 3555 Vmor.
1327 3536 1384 3556 ante
1397 3531 1520 3566 lcgcbatur
1535 3529 1594 3563 quis
1608 3531 1648 3555 vel
1658 3529 1741 3562 queis.
1815 3526 1897 3554 Plaut.
1911 3527 1971 3554 Aul.
1985 3536 2008 3560 3,
2022 3537 2045 3561 ς,
2060 3533 2086 3558 28
2118 3528 2260 3561 Vehicuula,

1209 3565 1256 3599 qui
1270 3565 1360 3591 vehar.
1468 3568 1499 3592 Et
1513 3565 1593 3592 Stich.
1607 3574 1630 3597 2,
1647 3574 1664 3598 ι,
1679 3573 1712 3590 20
1733 3561 1897 3597 Quadrigas,
1921 3564 1967 3598 qui
1983 3563 2072 3591 vehar.
2144 3565 2174 3590 E!
2182 3565 2258 3599 Capt.

1209 3609 1232 3633 3,
1247 3609 1268 3632 1,
1281 3609 1309 3632 23
1336 3601 1404 3627 Dico
1428 3610 1509 3627 vnum
1528 3601 1671 3627 ridiculum
1686 3598 1787 3625 dictum
1797 3619 1805 3631 ‚
1821 3598 1853 3625 de
1867 3599 1946 3626 dictis
1959 3599 2133 3631 melioribus,
2151 3600 2206 3633 Qui
2220 3601 2259 3627 so-

1210 3635 1297 3662 lebam
1311 3637 1481 3663 menstruales
1495 3637 1582 3672 epulas
1596 3642 1655 3662 ante
1668 3634 1817 3668 adipiscier.
1888 3636 1930 3663 Sic
1945 3637 2043 3662 Douza.
2116 3636 2162 3661 Sed
2174 3636 2259 3663 editur

1209 3672 1322 3705 Quibus.
1401 3673 1470 3699 Ter.
1486 3673 1566 3699 Andr.
1582 3681 1603 3705 ε,
1618 3681 1637 3702 ι,
1648 3672 1679 3703 36
1698 3671 1802 3702 Facite,
1820 3669 1928 3705 fingite,
1945 3671 2082 3703 inuenire,
2100 3668 2196 3698 efficite
2209 3670 2257 3705 qui

1208 3707 1285 3734 detur
1298 3707 1358 3734 tibi.
1395 3717 1419 3744 q.
1433 3709 1457 3734 d.
1473 3709 1557 3743 facite
1571 3710 1668 3737 omnia,
1689 3706 1802 3740 quibus,
1825 3709 1843 3732 ι“.
1854 3714 1958 3742 propter
1976 3716 2051 3742 quae,
2071 3713 2100 3732 ut
2114 3709 2161 3732 alii
2181 3708 2256 3734 Abla-

1437 3746 1494 3770 Non
1507 3748 1587 3770 minus
1600 3740 1665 3768 recle
1672 3748 1720 3777 per
1732 3743 1783 3774 Vt,
1799 3742 1947 3778 exposueris.
1983 3739 2079 3776 Efficite
2092 3748 2121 3768 vt
2133 3743 2191 3769 haec
2198 3743 2256 3769 Phi-

1816 3777 1873 3804 Cic.
1888 3777 1966 3804 Acad.
1980 3787 2008 3811 4,
2021 3786 2052 3807 24
2089 3776 2141 3811 Qui
2157 3777 2258 3813 poterit

1901 3814 1943 3842 Sic
1963 3813 2035 3840 Idem
2050 3821 2097 3847 pro
2112 3814 2217 3840 Caecin.
2238 3821 2256 3848 7

1959 3847 2014 3882 Qui
2030 3850 2144 3875 vocare?
2172 3849 2254 3875 Plaut.

1965 3885 2041 3912 Idem
2054 3884 2136 3911 Andr.
2149 3892 2172 3918 5,
2184 3894 2212 3917 4,
2228 3891 2256 3916 52

1513 3887 1545 3928 ξε
1565 3886 1634 3913 Ter.
1655 3884 1768 3919 Adelph.
1783 3893 1805 3918 ς,
1820 3887 1845 3917 6,
1858 3893 1878 3916 3.
2174 3920 2198 3946 D

2200 3927 2254 3946 auo

1505 3922 1526 3951 L
