2434 4156
62 107 105 149 31
408 69 722 132 RAT⁴

67 189 120 219 Off.
133 197 152 220 1,
163 194 194 221 ς9
205 195 228 213 e.
242 189 268 215 18
291 183 323 210 Et
336 179 498 209 consuetudo
510 177 717 211 exercitatioque
731 174 869 210 capienda,
889 179 918 200 vt
940 173 1006 200 boni
1019 174 1100 213 ratio-

66 228 194 254 cinatoreo
205 219 353 248 officiorum
367 218 414 244 esse
434 217 578 251 poss'umus:
601 221 626 240 et
640 211 759 239 addendo
768 210 990 250 ‚deducendoque
999 209 1101 241 Videre,

67 268 131 296 quae
149 257 248 291 reliqui
266 256 364 282 sumina
383 253 437 279 fiat.
506 250 712 277 Ratiocinatores
731 247 836 280 magni,
857 255 904 286 qui
925 245 957 271 de
974 245 1100 285 omnibus

66 295 159 326 rebus,
171 301 234 328 quas
247 292 295 318 esse
308 288 443 317 mirabiles
456 288 569 319 constat,
589 284 678 320 poffint
690 282 801 310 reddere
814 289 947 309 rationem
963 281 1101 316 Augustin.

67 331 98 358 C.
110 330 143 356 D.
157 337 194 363 zi,
206 336 228 362 5.
263 326 332 354 Add.
346 325 443 352 Nazar.
459 325 550 357 Paneg.
563 319 696 348 Constant.
708 327 730 345 c.
746 327 780 361 12,
980 354 984 358 Ι
1080 350 1086 356 .

99 372 149 392 RA
158 370 181 390 'r
191 370 226 391 10
236 368 254 390 c
266 369 276 388 1
287 368 308 389 N
321 368 339 387 A
348 367 432 391 Tio,
457 360 525 385 [inis.
549 358 568 383 f.
604 354 807 389 [συλλογισμος]
844 353 1007 387 Comparatio.
1050 352 1099 377 Vi-

64 406 135 428 truu.
154 408 175 432 1,
195 408 205 426 1
237 399 274 425 Ra
331 396 462 423 inationcs
481 393 633 429 cognoscere
651 396 677 417 et
697 389 840 428 percipere.
877 390 939 415 Item
959 386 1104 427 tralatcpald

65 438 156 463 mentis
169 433 259 461 aeliam.
274 397 349 460 zic-
364 432 396 458 de
410 433 510 458 [nuent.
523 437 547 461 2,
562 432 586 457 18
599 436 621 453 c.
634 433 648 459 5
674 426 854 452 Ratiocinatio
872 430 975 454 autem,
989 422 1025 462 est
1041 422 1101 449 dili-

64 480 126 507 gens
143 476 169 497 et
183 468 343 496 considerata
357 467 471 494 faciendi
485 462 599 499 aliquid,
619 468 664 488 aut
677 470 732 487 non
743 459 860 487 faciendi
875 460 1048 494 excogitatio,
1058 465 1103 485 etc.

66 506 140 542 Conf.
161 504 237 531 Au&
250 505 282 531 ad
301 505 399 531 Hert-n.
422 513 430 530 ι
453 512 474 529 c.
487 509 520 533 13.
554 499 628 533 Saepe
647 500 729 524 utitur
748 496 948 536 Qiineiiliauus
961 501 1011 530 pro
1030 504 1103 531 argu-
1120 510 1150 529 ¹0

65 544 220 570 mentatione.
244 549 270 567 v.
284 549 311 576 g.
329 548 361 575 7,
381 545 410 573 8,
429 548 452 572 3.
468 539 498 564 it.
518 543 542 568 3,
561 536 587 566 6,
608 543 632 564 15
651 539 697 559 etc.
750 533 833 558 Etiam
863 535 891 557 in
909 533 1007 567 figuris
1028 534 1103 566 ponit

65 585 152 639 9232
161 581 202 639 ’9181
211 617 230 638 ο
239 617 273 637 ci
286 618 305 637 N
317 616 337 636 A
347 617 368 636 Τ
378 612 389 637 ῑ
400 616 420 636 ν
430 614 469 636 vs
477 626 486 639 ,
505 614 520 632 a
529 625 537 637 ,
562 613 616 631 um.
649 603 710 630 Adi.
745 601 953 642 [συλλογξςικδς]
989 601 1105 629 Ratioci-

65 647 187 676 natiuum
203 655 284 682 genua
297 646 425 672 orationin
441 643 495 669 cic.
507 640 539 667 de
552 642 656 667 Innent.
672 649 691 672 1,
707 648 741 672 17-
811 639 1007 679 Ratiocinaiiua
1025 644 1104 670 atque

66 682 208 712 collectiua
220 682 338 717 quaestio
352 676 599 710 orietur-*Quinetih
613 684 640 711 7,
655 685 675 709 1,
687 678 730 702 60.
787 676 818 702 Et
838 680 1038 701 ratiocinatiuuu
1057 671 1103 699 fla·
1123 685 1151 712 ¹5

65 726 125 751 tun,
144 718 174 745 id
191 718 227 745 est
241 718 402 752 syllogismus
418 713 490 741 Idem
504 721 527 746 3,
541 714 567 746 6,
580 720 624 745 42..
660 711 729 753 (Md.
745 710 785 752 ld.
798 718 825 745 7,
838 716 862 742 8,
875 719 896 742 3.

104 760 233 782 RA'rio
243 759 260 780 c
275 761 281 779 i
294 761 313 779 :x-
327 758 410 782 ivm,
432 750 452 777 i.
481 757 507 775 n.
543 748 596 784 Ipse
616 746 784 774 ratxocinmzdi
802 746 841 772 uel
853 743 1011 785 computandi
1023 742 1106 770 aelus.

66 789 199 818 Columei.
215 799 236 822 ς,
251 798 260 815 1
274 797 338 816 extr.
365 787 434 812 Haec
447 793 502 811 nori
519 783 621 815 aliena,
635 792 682 809 nec
701 781 794 817 procul
815 791 829 808 a
849 781 1010 811 ratiocinio,
1031 777 1105 813 quod

67 825 193 853 tradituri
208 826 310 857 sunnis,
325 822 439 850 breuiter
458 819 573 855 praefari
591 818 720 853 oportuit.
776 818 864 844 Aliter
877 816 1047 844 ratiocinium
1061 823 1106 841 or·

67 861 158 889 dinare
171 860 244 888 Idem
256 859 320 887 ibid.
373 856 522 884 Ratiocinia
536 856 676 891 supputare
689 854 803 881 Hieron.
818 854 864 888 Ep.
877 862 902 886 2,
916 862 938 886 7.
975 851 1050 886 Cous.
1064 851 1105 877 tit.
1113 870 1150 889 20

65 898 97 926 C.
111 897 144 924 de
162 896 317 924 ratiociniis.

104 932 242 965 miris,
262 932 291 958 is.
311 929 330 956 f.
352 929 393 955 vel
415 933 551 955 RATES.
593 924 704 963 [ιχεδία]
747 925 850 952 Festus:
879 925 956 951 Rates
976 927 1106 948 vocantur

67 969 142 1004 tigna
156 969 226 995 inter
238 968 263 994 sc
274 965 409 1000 colligata,
429 972 496 998 quae
514 972 560 997 per
577 972 672 998 aquam
685 969 810 998 agantur:
835 969 890 995 quo
906 958 1016 994 quidem
1028 966 1105 984 voca-

68 1004 135 1032 bulo
155 1002 286 1031 interdum
304 1001 382 1033 etiam
395 1008 474 1026 naues
496 999 567 1034 ipsae
583 998 770 1033 significantur.
824 996 916 1024 liidor.
933 1003 996 1034 ¹9²¹.
1028 994 1107 1020 Ratco

69 1041 187 1076 primum
204 1044 229 1066 et
245 1034 447 1072 antiquissimum
461 1044 542 1070 genus
558 1035 660 1069 nauigii
673 1044 688 1061 e
701 1033 812 1061 rudibus
827 1032 907 1066 tignis
925 1029 1106 1071 asscribi-isque
1118 1049 1135 1068 2

69 1077 225 1104 consertum.
261 1073 301 1100 Ad
318 1071 392 1098 cuius
409 1071 611 1099 similitudinem
628 1070 773 1097 fabricatae
788 1078 867 1095 naues
883 1075 995 1094 ratariae
1009 1064 1106 1091 dic'lae.

70 1112 150 1139 Nunc
162 1112 212 1137 iam
226 1115 291 1136 rates
302 1107 407 1135 abuliue
419 1116 507 1134 naues.
578 1106 665 1133 Festus
679 1116 708 1133 ex
722 1105 836 1132 Afranio
847 1103 932 1130 laudat
949 1104 1037 1128 Vento
1051 1110 1109 1141 per-

67 1147 163 1174 culsam
175 1151 266 1173 ratem.
302 1142 415 1177 1dcm,fi
427 1142 629 1179 reclefiapplctus
641 1141 675 1175 ‘st
686 1151 702 1168 a
715 1144 782 1169 viris
795 1137 893 1172 duffii,
912 1138 1006 1166 eodem
1020 1145 1108 1177 nomi-

66 1191 101 1208 ne
113 1180 288 1216 significarunt
299 1179 380 1206 ctiam
394 1187 490 1206 remos.
544 1179 648 1210 Attius,
669 1179 756 1212 Atque
777 1186 827 1211 ego
841 1175 991 1210 repercutio
1005 1173 1107 1200 ratibus

65 1226 146 1244 mare.
184 1217 229 1246 Et,
251 1216 298 1242 Sed
321 1214 376 1241 iam
396 1214 549 1249 propellunt
567 1215 717 1241 caeruleum
735 1218 802 1240 rates
820 1212 911 1239 salum.
936 1232 937 1235 ,
954 1212 1043 1237 Verum
1061 1218 1156 1251 ητα-30

64 1260 122 1284 tuo,
146 1259 175 1278 vt
192 1255 267 1278 nimis
283 1252 329 1278 hoc
342 1250 434 1287 subtile
445 1258 469 1277 et
482 1252 674 1277 Grammaticum
688 1249 729 1282 lit.
765 1250 836 1275 Certe
850 1251 913 1274 enim
929 1250 999 1285 rotis*
1009 1244 1108 1272 1111Ιό111-

64 1287 112 1321 ista
125 1291 288 1320 conueniunt,
302 1286 449 1322 nathusque
460 1286 528 1313 adeo.
564 1285 663 1323 Qaidji'
677 1283 761 1319 astus
775 1286 855 1312 voluit
869 1282 969 1319 aliquid
973 1282 1056 1316 Jimile
1069 1280 1110 1318 di-

65 1333 119 1351 cere
137 1323 300 1359 disputationi
320 1323 447 1349 Varronis
467 1322 499 1349 de
519 1322 550 1348 L.
566 1323 595 1348 L.
609 1324 636 1352 6,
650 1330 662 1347 2
682 1330 706 1356 p.
728 1324 763 1352 69
782 1321 820 1355 sq.
841 1319 885 1345 vbi
899 1328 954 1345 cum
971 1315 1111 1350 ostcndfflet

66 1360 159 1386 Ratem
179 1359 230 1385 dici
250 1367 344 1385 nauem
364 1357 585 1392 longam,addit,
610 1357 683 1383 Ratis
704 1355 775 1382 dieta
796 1355 881 1382 Nauis
903 1354 981 1387 longa
1001 1359 1111 1388 propter

66 1404 168 1422 remos:
188 1394 260 1434 quod
274 1394 313 1425 hi,
327 1402 410 1426 quum
424 1401 470 1426 per
483 1401 577 1427 aquam
590 1392 683 1419 sublati
703 1391 750 1418 sub
765 1390 856 1417 dextra
871 1396 897 1416 et
909 1389 1009 1416 sinistra
1020 1409 1028 1420 ,
1047 1389 1111 1415 duas
1128 1406 1156 1416 ..-

70 1437 155 1465 partes
173 1429 277 1455 efficere
296 1427 428 1455 videntur.
446 1429 509 1455 ratis
528 1428 615 1459 enim,
629 1427 698 1453 vnde
719 1426 770 1453 hoc
782 1426 958 1457 translatum,
971 1425 1045 1456 illic,
1063 1424 1112 1450 vbi

69 1466 158 1500 plures
172 1464 235 1490 mali
246 1470 290 1490 aut
303 1464 400 1490 asseres.
436 1464 487 1497 Qui
500 1463 569 1489 videt
580 1471 659 1490 remos
665 1464 753 1498 plures
766 1462 800 1488 ad
816 1464 906 1488 lincam
920 1461 981 1497 scre
993 1461 1112 1487 horizon-

68 1503 143 1527 tolem
155 1500 282 1536 sublatos,
308 1506 385 1525 ratem
401 1508 413 1525 e
431 1501 512 1535 tignis
530 1502 557 1524 in
573 1500 675 1535 planum
694 1496 834 1532 campestris
851 1495 1003 1531 compaciam
1027 1494 1113 1520 villere

66 1535 114 1568 fibi
132 1536 240 1561 uidetur.
294 1535 351 1561 Cic.
364 1535 438 1561 Verr.
452 1543 476 1567 5,
490 1543 503 1567 5
518 1543 539 1560 c.
553 1543 569 1560 2
595 1536 687 1566 Quini
709 1541 755 1559 aut
768 1532 882 1558 nauibus
894 1538 939 1558 aut
953 1530 1055 1557 ratibus
1068 1538 1111 1555 co-

66 1575 194 1596 narentur
213 1570 342 1597 accedere.
1082 1599 1086 1602 .

66 1605 140 1631 enim
154 1603 202 1630 nifi
218 1612 280 1630 vota
300 1607 472 1640 supersuutl)
508 1606 609 1632 Parcite
629 1605 756 1640 quassatae
776 1602 878 1629 soluere
898 1601 1018 1627 membra
1037 1604 1110 1638 ratis.

63 1640 169 1674 Scirpea
180 1639 243 1666 ratis
262 1640 343 1666 l'laut.
359 1641 418 1667 Aul.
431 1651 460 1674 4,
473 1650 491 1671 1,
506 1650 530 1673 9.
601 1642 651 1666 Pro
666 1641 737 1665 Naue
751 1639 828 1672 Virg.
842 1638 907 1662 Aen.
924 1645 945 1668 1,
958 1644 995 1669 47
1023 1635 1110 1660 Disie-

65 1676 154 1710 citque
168 1681 245 1702 rates.
280 1675 329 1702 Sed
335 1679 439 1710 proprie
454 1677 509 1701 Cic.
524 1676 577 1701 Att.
590 1683 616 1706 9,
629 1682 659 1707 14
683 1672 924 1700 Circumuallatuni
939 1672 988 1697 ess'e
1002 1671 1111 1709 Pompe3

63 1712 138 1744 ium,
151 1710 252 1737 ratibus
269 1711 349 1737 etiam
366 1711 453 1737 exitus
472 1717 564 1744 portus
583 1709 677 1736 teneri.
751 1708 898 1742 Tanquam
916 1707 980 1734 ratis
1000 1707 1028 1732 in
1041 1715 1110 1732 inari

66 1747 196 1774 immenso
215 1747 301 1773 nostra
319 1745 428 1773 vehitur
446 1746 534 1772 oratio
553 1746 610 1772 Cic.
623 1745 707 1772 Tusc.
728 1753 754 1776 1,
776 1751 816 1778 73.
894 1744 972 1769 Rates
992 1742 1109 1782 duplices
1119 1759 1154 1786 43

66 1784 139 1810 Caes.
153 1782 217 1809 Bell.
231 1782 313 1808 Ciuil.
335 1791 353 1813 i,
367 1789 405 1815 25.
423 1784 443 1808 i.
463 1782 536 1808 binas
551 1785 619 1808 inter
631 1782 660 1816 se
679 1779 836 1806 coniunfias.
909 1780 997 1806 Canae
1025 1778 1109 1805 Ouid.

68 1818 190 1854 Epist.18,
203 1823 224 1848 8.
245 1821 264 1845 i.
283 1827 366 1844 naues.
409 1818 450 1845 Sic
462 1817 536 1844 Celsa
544 1816 634 1843 Valer.
649 1818 748 1851 Argon.
763 1824 787 1849 5,
800 1824 826 1848 9.
899 1816 1009 1842 Ceratae
1027 1813 1111 1841 Ouid.

66 1855 146 1890 Epist.
161 1862 182 1886 5,
196 1862 239 1888 4²·
310 1853 428 1880 Excelsae
439 1853 484 1879 Sil.
496 1861 536 1888 17,
548 1855 605 1884 623.
677 1851 830 1879 [maestarum
843 1850 943 1878 ratium
957 1850 1043 1877 subita
1056 1850 1113 1877 rui-

66 1899 100 1917 na
113 1891 210 1917 Lucan.
230 1898 255 1920 2,
267 1896 324 1922 574.
393 1889 549 1923 Frugiferae
571 1888 664 1915 Claud.
684 1888 716 1914 de
729 1888 794 1914 Reii.
809 1886 919 1914 Gildon.
934 1893 970 1919 58.
991 1886 1021 1912 de
1040 1885 1112 1920 claſje

65 1925 255 1957 Alexandrina,
267 1925 363 1962 fruges
382 1934 411 1951 cx
429 1926 548 1961 Aegypto
567 1924 668 1951 vehente
686 1927 713 1950 in
726 1925 838 1951 Italiam.

67 1963 167 1997 Argon.
180 1970 198 1992 i,
212 1964 270 1994 605.
337 1961 471 1995 Intrepida
485 1961 542 1987 Seri.
559 1960 654 1995 Oedip.
667 1961 685 1987 s.
699 1968 731 1987 11.
802 1960 915 1986 Lacerae
929 1959 993 1985 ratis
1007 1959 1113 1984 naufra-

87 2007 102 2024 a
119 1997 238 2024 membra
256 1996 338 2024 Ouid.
352 1997 384 2023 de
398 1997 462 2023 Arte
474 1998 534 2023 Am.
551 2005 570 2027 i,
583 2005 641 2029 4¹2·
713 1996 826 2022 Lacerae
844 1996 908 2022 ratis
927 1995 1011 2022 fracta
1028 2003 1112 2020 mem-

68 2007 118 2061 {ra
137 2033 210 2060 Idem
230 2034 257 2059 in
277 2032 339 2060 ibin
358 2040 419 2067 277.
499 2032 656 2067 Opitergina
675 2030 806 2066 QiinCtil.
826 2040 849 2063 3,
869 2037 893 2063 8,
911 2040 951 2064 23.
971 2030 1024 2058 vid.
1041 2030 1066 2057 h.
1088 2040 1114 2056 v.

70 2070 172 2096 Pronae
183 2068 263 2095 Ouid.
277 2069 341 2095 Met.
356 2077 394 2102 14,
407 2073 464 2102 548.
530 2069 665 2102 Qiasl'atae
678 2068 752 2102 Virg.
761 2067 826 2093 Aen.
838 2076 865 2100 4,
879 2075 916 2100 53.
987 2066 1114 2093 Turbata

69 2104 163 2131 Claud.
183 2105 262 2130 Coris.
279 2105 351 2130 Hon.
370 2113 398 2137 4,
418 2107 455 2130 61.
544 2104 684 2130 Veliuolae
714 2102 798 2130 Ouid.
819 2111 852 2129 ex
872 2104 957 2129 Ponto
976 2112 1005 2136 4,
1025 2110 1048 2136 5,
1068 2111 1112 2136 42.
1127 2120 1156 2146 ς.

70 2139 202 2167 Victrices
222 2138 313 2167 Claud.
333 2139 365 2166 de
384 2140 466 2174 Nupt.
481 2140 586 2166 Honor.
604 2146 631 2167 et
648 2140 717 2166 Mar.
738 2143 787 2170 178.
928 2136 949 2176 ff
967 2147 983 2165 2
1025 2138 1114 2165 Verbo·
1144 2129 1156 2146 ³

68 2176 272 2211 rumformulae:
309 2176 384 2202 Varr.
398 2175 430 2201 de
441 2175 471 2201 L.
486 2176 515 2201 L.
530 2185 556 2208 4,
572 2182 589 2209 7
602 2184 626 2210 p.
641 2184 680 2208 14,
693 2183 722 2201 ιο
744 2175 782 2201 Ex
797 2174 865 2201 vrbe
880 2175 926 2209 qui
942 2173 1115 2200 Adueheban-

67 2216 114 2237 rur
133 2211 250 2242 ratibus,
270 2210 440 2243 quadrantem
459 2210 606 2237 soluebant.
682 2210 793 2238 Armate
810 2215 877 2236 rates
904 2210 979 2241 Virg.
995 2209 1060 2245 Aen.
1075 2214 1115 2236 ¹0,

69 2249 121 2278 165.
192 2246 368 2273 Coniniittere
382 2253 466 2274 ratem
482 2253 564 2276 vento
583 2245 666 2273 Ouid.
680 2246 748 2272 Fasi.
767 2254 790 2274 ς,
805 2252 865 2276 379·
935 2243 1114 2267 C0fl¹¹¹¹¹ssere

67 2282 189 2317 fragilem
202 2289 285 2309 ratem
300 2282 392 2317 pelago
407 2283 475 2308 Hor.
490 2283 578 2309 Carm.
593 2290 612 2311 1,
624 2290 646 2311 3,
661 2289 692 2305 11.
758 2311 763 2316 .
795 2311 800 2314 j
880 2311 886 2314 -
929 2310 936 2316 .
1017 2310 1021 2314 η

66 2318 155 2344 Senec.
169 2319 259 2353 Agam.
273 2319 290 2343 s.
306 2319 331 2344 6.
401 2317 532 2343 Nondum
550 2313 688 2340 Credenda
707 2312 816 2346 periclis
835 2316 900 2336 ratis
922 2312 984 2336 btat.
997 2309 1061 2334 Silu.
1081 2317 1110 2339 4,

67 2362 96 2387 4,
111 2362 166 2380 100.
238 2353 339 2381 Dedere
354 2351 480 2377 fluctibus
491 2356 577 2375 ratem
594 2348 651 2373 Sen.
665 2347 754 2380 Agam.
769 2347 787 2372 s.
802 2354 822 2377 3.
894 2344 1012 2370 Flectere
1025 2348 1109 2382 ratem

66 2389 150 2416 Ouid.
165 2389 243 2423 Epist.
264 2397 302 2417 ¹0,
317 2389 355 2415 36.
428 2385 542 2411 Frenare
565 2389 648 2410 ratem
669 2383 756 2407 Senec.
770 2379 863 2406 Medea
883 2387 902 2404 1.
973 2378 1110 2418 implicuit

69 2425 164 2452 Auster
174 2430 242 2448 rates
262 2422 324 2446 Stat.
339 2419 432 2445 Theb.
447 2428 479 2450 ii,
493 2427 550 2450 520.
620 2416 763 2449 Impulerat
776 2423 839 2440 aura
851 2420 936 2440 ratem
949 2414 1031 2439 Ouid.
1043 2414 1109 2438 Met.

256 2457 376 2488 Mergere
387 2460 470 2480 ratem
483 2453 511 2479 in
527 2453 580 2478 ima
595 2450 670 2477 Ideni
685 2450 752 2477 ibid.
764 2458 799 2481 ii,
813 2457 868 2482 557.

70 2495 163 2519 quen.
176 2492 226 2517 Sat.
241 2499 280 2521 14,
294 2497 344 2519 30¹·
416 2488 551 2521 Nauigare
573 2486 691 2517 ratibus,
707 2485 763 2512 vid.
779 2485 888 2520 Nauigo
899 2505 908 2517 ,
926 2487 953 2510 in
969 2492 992 2510 N
1002 2491 1024 2511 Α
1036 2489 1057 2509 v
1069 2492 1110 2511 18.

68 2529 167 2555 Ponere
185 2524 284 2551 carinas
302 2523 404 2550 ratibus
427 2523 502 2558 Virg.
514 2524 611 2557 Georg.
628 2531 649 2553 ε,
662 2530 722 2555 445.
796 2521 925 2548 Prouedh
939 2522 1004 2547 ratis
1023 2520 1111 2547 fertur

71 2564 100 2588 in
111 2562 193 2588 altum
206 2559 291 2586 Senec.
305 2559 397 2586 Ochu.
411 2562 436 2585 6.
509 2558 632 2587 Recurrit
646 2559 714 2585 laeta
726 2557 791 2584 rati·
805 2557 891 2584 Valer.
907 2558 1007 2592 Argon.
1022 2565 1041 2589 1,
1055 2565 1110 2590 170.

67 2597 186 2625 Reficere
203 2602 270 2622 rates
288 2596 384 2630 quassas
403 2596 470 2622 Hor.
485 2596 573 2622 Cann.
590 2604 609 2627 1,
624 2603 643 2624 1,
657 2600 691 2625 18.
762 2594 865 2627 Rege-re
884 2599 967 2619 ratem
988 2592 1016 2619 in
1034 2593 1111 2618 vndis

66 2633 204 2660 nomimis
219 2632 295 2665 Virg.
309 2632 372 2659 Aen.
388 2639 412 2665 ς,
425 2635 478 2661 863.

67 2671 127 2696 Am.
145 2677 163 2698 1,
176 2672 226 2698 ς88.
297 2668 390 2693 Pacuu.
405 2667 471 2703 apud
485 2667 562 2693 Varr.
575 2667 607 2692 de
620 2667 649 2692 L.
665 2666 695 2692 L.
713 2669 740 2696 6,
753 2674 766 2691 2
781 2674 806 2699 p.
820 2668 864 2698 69,
878 2675 911 2697 34
931 2666 1013 2700 Aeges
1023 2665 1109 2691 ferme

65 2705 173 2732 aderant
193 2705 219 2729 in
239 2711 354 2738 aequore
372 2703 400 2729 in
424 2703 478 2730 alto
496 2702 597 2729 ratibus
616 2701 786 2737 Repentibus.
879 2701 1019 2735 Repletum
1037 2709 1110 2727 mare

69 2737 164 2768 euersis
184 2739 284 2766 ratibus
305 2738 391 2765 Senec.
405 2740 559 2774 Agamemn.
576 2739 595 2766 s.
611 2747 646 2771 13.
715 2737 859 2764 Submerfis
880 2737 980 2764 ratibus
1000 2738 1112 2764 saturata

71 2775 218 2808 Charybdis
236 2774 317 2801 Ouid.
332 2775 422 2802 Amor.
435 2784 461 2808 2,
476 2778 512 2805 16,
525 2783 563 2804 25.
634 2773 743 2800 Soluere
762 2780 846 2800 ratem
863 2774 936 2799 Idem
950 2774 995 2807 Ep.
1014 2781 1048 2803 ις,
1065 2781 1112 2804 2¹3-

68 2812 193 2846 Subigcre
207 2817 289 2837 ratem
302 2817 381 2837 conto
394 2811 470 2845 Virg.
484 2812 548 2837 Aen.
561 2812 586 2846 6,
599 2817 656 2842 322.
728 2810 897 2844 Temperare
915 2816 1001 2836 ratem
1028 2809 1111 2835 Ouid.
1127 2819 1158 2847 75

70 2849 134 2874 Met.
153 2856 187 2880 13,
199 2849 256 2880 396.
325 2846 453 2873 Tenuere
474 2847 557 2873 altum
575 2852 643 2872 rates
660 2846 735 2880 Virg.
750 2846 815 2871 Aen.
828 2855 850 2878 3,
867 2853 921 2877 ¹92·
990 2846 1112 2872 Tentare

70 2883 175 2910 Thetin
186 2882 285 2910 ratibus
299 2882 373 2909 Idem
387 2882 439 2908 Ecl.
455 2891 483 2915 4,
496 2891 534 2915 32.
606 2882 760 2908 Transnare
773 2887 841 2908 rates
857 2882 926 2908 vidit
945 2882 1006 2908 Stat.
1021 2880 1109 2908 Achil.

71 2927 90 2949 1,
106 2926 163 2952 452.
234 2917 329 2944 Veetus
347 2924 401 2945 rate
416 2927 495 2953 parua
510 2917 591 2945 Ouid.
606 2918 670 2944 Met.
686 2926 705 2948 1,
718 2926 769 2950 3¹9-
843 2918 941 2943 Veffiue
962 2924 1017 2944 rate
1030 2918 1110 2944 celeri

69 2955 163 2982 Catull.
177 2954 208 2980 de
216 2954 350 2986 Berecynt.
364 2955 381 2980 s.
398 2957 436 2987 61,
451 2963 470 2981 1.
539 2954 642 2979 Vexare
654 2960 722 2981 rates
741 2953 877 2988 VirgAEcI.
891 2956 916 2985 6,
931 2961 975 2988 77.

68 2467 103 2490 ις,
116 2462 178 2490 697-

414 1570 494 1597 Ouid.
508 1569 595 1596 Trist.
612 1578 631 1601 1,
648 1578 666 1600 1,
680 1578 695 1595 2
728 1568 774 1594 Dii
795 1567 875 1594 maris
896 1574 922 1593 et
942 1567 1008 1593 caeli
1025 1564 1110 1598 (quid
1118 1580 1156 1606 40
1175 1566 1224 1592 dor
1243 1565 1316 1591 Idem
1331 1565 1398 1590 Met.
1419 1569 1442 1596 8,
1456 1569 1516 1597 287.

912 1924 1002 1949 insana
1023 1922 1113 1948 Valer.
1142 1942 1160 1960 Ο

939 2449 1027 2475 Mersa
1046 2448 1111 2475 ratis
1126 2455 1158 2487 σς

1580 82 1850 123 RAV
2173 94 2220 135 82

1199 178 1344 201 RAvCA
1358 193 1367 205 ‚
1392 181 1431 200 ac.
1461 172 1482 200 f.
1518 171 1623 200 Verinis
1643 171 1689 199 esi.
1725 171 1791 198 Plin.
1813 179 1851 206 17,
1873 176 1898 202 ¹8
1928 174 2009 207 Olea,
2030 176 2078 204 vbi
2101 184 2215 213 quercus

1164 210 1250 237 effossa
1263 210 1306 240 sit,
1319 209 1385 236 male
1399 210 1520 243 ponitur:
1548 209 1677 243 quoniam
1691 217 1794 234 vermes
1807 208 1855 242 qui
1869 217 1963 235 raucae
1975 220 2112 244 vocantur,
2133 213 2161 239 in
2174 222 2214 240 ra.

1165 246 1223 272 dice
1238 254 1348 279 quercus
1366 245 1510 271 nascuntur
1529 251 1554 271 et
1571 245 1713 271 transeunt.
1752 245 1793 271 si.-
1813 246 1886 269 etiam
1901 245 1976 271 MSS.
1993 248 2124 274 Hardmno
2145 247 2212 282 teste.

1164 283 1262 308 Erucae
1277 279 1310 313 eli
1320 291 1351 308 ex
1364 279 1513 307 coviicc‘lura.
1550 281 1655 314 leian.
1671 281 1698 306 iii
1712 279 1728 306 Ι.
1743 280 1780 306 Ex
1797 278 1938 305 conducio.
1959 281 1991 306 D.
2005 281 2096 309 Locati
2113 291 2139 310 ct
2152 293 2214 311 con-

1125 330 1139 356 5
1166 317 1257 349 ducii,
1283 317 1310 343 Si
1328 319 1430 349 raucis,
1451 324 1495 342 aut
1517 316 1608 343 herbis
1626 317 1723 349 segetes
1741 323 1881 349 corruptae
1903 315 1960 341 sint.
1997 319 2113 344 Alcimus
2132 327 2215 347 tamen

1166 355 1270 389 Parcrg.
1286 364 1311 386 7,
1322 364 1337 387 5
1359 352 1484 390 legendum
1497 359 1573 387 putat
1587 352 1654 388 apud
1669 351 1829 386 leianum,
1844 351 1944 377 Esuris.

1177 395 1184 404 ·
1203 394 1222 414 R
1234 394 1254 413 Α
1266 395 1309 415 vc
1322 396 1382 422 vs,
1401 397 1433 420 a,
1451 397 1506 414 um.
1533 387 1594 414 Adi.
1631 384 1818 422 [βραγχώδης]
1855 388 1906 421 Qu
1925 389 2002 413 nimio
2020 387 2123 414 clamore
2138 392 2176 417 uel
2187 391 2216 418 ob

1165 425 1242 450 aliam
1254 424 1350 459 causam
1361 442 1369 455 ,
1389 433 1469 451 vocem
1487 424 1559 449 habet
1571 422 1729 459 comprestlim
1740 429 1764 448 et
1784 422 1939 457 impeditam.
1965 421 2034 458 quast
2052 429 2080 448 tu
2095 426 2214 452 ramicum

1166 459 1237 485 dicas
1249 459 1274 495 s.
1297 464 1355 485 rani
1374 460 1537 486 laborantem:
1565 466 1616 485 tum
1636 459 1731 485 dicitur
1744 460 1794 484 alio
1808 460 1875 484 omni
1885 461 1988 493 ingrato
2000 465 2072 492 atque
2090 461 2215 488 incondita

1161 496 1224 532 fimo
1242 495 1309 528 apud
1326 497 1432 524 Poetas:
1451 494 1505 522 vid.
1522 495 1612 521 Barth.
1629 494 1664 521 ad
1681 495 1742 520 Stat.
1756 494 1819 520 Silu.
1840 503 1864 528 p.
1878 496 1940 528 276.
2014 494 2088 528 Virg.
2104 495 2169 521 Aen.
2184 505 2217 528 ii,

1167 535 1216 564 458
1243 531 1313 556 Dant
1332 533 1447 558 sonitum
1461 531 1534 558 rauci
1552 539 1600 565 per
1619 530 1706 565 stagna
1726 529 1850 563 loquacia
1862 530 1948 564 cygni.
2021 529 2144 561 Seruius,
2161 540 2218 558 rau-

1166 575 1227 592 cum
1240 566 1288 591 effe
1301 568 1338 592 ait
1353 568 1376 593 h.
1391 568 1408 594 I.
1423 576 1562 594 canorum:
1579 566 1627 602 fid
1638 576 1686 591 non
1716 565 1838 600 erstwdet,
1850 568 1891 591 vti
1903 574 1946 591 nec
1959 564 2107 600 illi,quibus
2119 565 2221 592 videm»-

1166 602 1201 629 ad
1212 603 1352 637 clangorem
1365 604 1459 629 alarum
1473 602 1568 639 referri
1582 602 1626 628 hoc
1640 572 1774 636 optuli-ton.
1811 600 1909 635 Quidni
1921 603 1985 627 enim
2000 602 2074 627 Parca
2086 602 2218 637 aliquanda·

1165 647 1251 664 uerum
1269 637 1298 662 de
1317 646 1375 663 uoce
1393 648 1524 671 cycnorum
1542 638 1658 664 dixerit?
1732 637 1874 671 Metaphar.
1910 636 1967 662 Cic.
1984 637 2055 662 Fam.
2075 645 2102 668 9,
2122 646 2138 663 2
2173 637 2219 664 Te

1170 681 1236 700 vcro
1254 673 1336 703 nolo,
1362 674 1410 699 nisi
1431 675 1483 707 ipsc
1503 683 1597 702 rumor
1612 674 1665 699 iam
1685 681 1778 699 raucus
1792 673 1844 699 erit
1861 671 1962 703 factum,
1975 671 2008 697 ad
2024 673 2097 699 naias
2117 673 2222 700 venire.

1170 710 1269 735 Sonare
1283 717 1391 735 raucum
1405 710 1532 743 quiddam
1549 709 1630 737 Ouid.
1645 708 1678 735 de
1691 709 1755 735 Arte
1769 709 1828 734 Am.
1843 716 1864 739 3,
1877 712 1934 741 289.
2005 708 2081 734 Aeris
2096 709 2171 736 rauci.
2183 717 2223 735 ca—

1170 754 1221 771 nor
1235 745 1310 778 Virg.
1324 744 1424 778 Gcorg.
1438 755 1461 776 11,
1475 752 1514 779 71.
1585 745 1670 780 Aquis
1689 745 1776 771 raucis
1795 744 1882 770 feruet
1900 752 1975 770 mare
1992 743 2074 771 Ouid.
2088 744 2166 779 Epist.
2188 750 2223 777 ¹8,

1169 783 1211 807 26.
1284 780 1385 815 Aquilo
1404 789 1498 807 raucus
1520 781 1635 808 Martial.
1650 790 1670 812 1,
1685 789 1727 813 30.
1799 780 1904 806 Lucret.
1919 790 1949 813 4,
1962 787 2007 812 550
2039 780 2092 806 Aut
2110 779 2223 807 reboant

1168 825 1279 843 raucum
1294 816 1421 843 retrocita
1435 825 1535 842 cornua
1548 817 1688 844 Bombuni.
1761 815 1884 842 Bubones
1897 815 1978 842 Ouid.
1993 816 2085 842 Amor.
2099 824 2118 848 1,
2133 824 2170 848 i2,
2186 824 2223 847 19.

1170 853 1245 879 Buxo
1261 860 1343 878 rauco
1357 853 1461 878 concita
1474 852 1580 886 pectora
1598 854 1657 879 Seii.
1671 854 1764 887 Agam.
1777 854 1833 885 (189.
1907 850 2024 877 Martial.
2037 860 2063 884 4,
2078 857 2091 879 8
2114 852 2224 878 Exercet

1170 897 1264 915 raucos
1278 888 1357 914 tertia
1366 887 1527 914 Caufidicos.
1598 889 1673 915 Idem
1688 894 1712 921 8,
1724 891 1760 923 67
1787 889 1855 914 Cum
1869 887 1953 913 modo
1967 886 2118 914 distulerint
2130 896 2225 914 raucae

1169 924 1324 950 vadimonia
1338 923 1452 950 Chartae
1461 943 1467 954 ,
1484 926 1685 958 interpretantur
1699 923 1792 951 libellos
1805 923 1932 959 forenses,
1944 926 1973 948 in
1985 923 2073 957 quibus
2087 923 2227 950 recitandis

1163 959 1234 996 fiant
1248 960 1338 992 rauci,
1350 966 1380 985 vt
1394 959 1467 985 modo
1481 958 1615 990 vidimus,
1628 960 1759 986 causidici.
1794 958 1844 988 Sed
1854 957 1969 994 praestat
1984 960 2137 986 Grutermna
2150 959 2227 986 leelio

1171 1005 1265 1022 raucae
1272 997 1402 1029 Qiartae.
1439 996 1541 1028 Quarta
1553 994 1617 1021 hora
1633 996 1707 1022 rauci
1723 996 1785 1030 sunt
1799 994 1940 1021 causidici:
1958 994 2001 1021 hic
2013 994 2168 1027 dfferuntur
2181 1004 2226 1022 va-

1169 1031 1293 1058 dimonia
1311 1032 1570 1067 comperendinatione
1589 1038 1635 1057 cic.
1725 1031 1829 1057 cicadis
1850 1030 1936 1058 raucis
1965 1030 2092 1057 resonant
2111 1029 2228 1064 arbusta,

1170 1071 1188 1093 ι’.
1209 1066 1325 1101 Clamofis
1344 1074 1367 1093 ει
1389 1064 1678 1107 multumstrepentibus
1700 1066 1776 1100 Virg.
1798 1066 1851 1092 Ecl.
1873 1076 1897 1099 2,
1917 1075 1952 1093 12.
2034 1067 2121 1093 Cocus
2146 1068 2226 1095 Mart.

1172 1113 1192 1134 i,
1205 1112 1251 1136 42.
1322 1104 1474 1129 Concentus
1488 1102 1562 1128 rauci
1582 1102 1643 1128 Stat.
1657 1100 1749 1128 Theb.
1765 1104 1792 1133 6,
1806 1109 1866 1135 227.
1936 1102 2065 1129 Cornices
2079 1103 2184 1130 Luci-ct.
2200 1105 2226 1133 6,

1172 1147 1225 1173 75¹.
1298 1139 1407 1166 Cornua
1425 1147 1504 1165 rauca
1524 1137 1617 1164 sonant
1637 1137 1730 1164 Claud.
1745 1137 1773 1163 in
1786 1137 1856 1163 Ruri:
1878 1145 1901 1168 ρ,
1914 1144 1955 1171 57.
2027 1138 2126 1171 Fragor
2153 1139 2227 1165 Idem

1172 1175 1201 1201 in
1214 1176 1322 1209 Euri-op.
1340 1183 1367 1207 2,
1390 1176 1441 1205 163.
1514 1174 1647 1200 Fremitus
1674 1173 1765 1200 Valet.
1781 1174 1880 1207 Argon.
1899 1180 1924 1205 2,
1946 1180 2005 1207 307.
2078 1174 2227 1201 Garrulitas

1173 1211 1255 1238 Ouid.
1272 1212 1337 1237 Met.
1359 1218 1382 1244 5,
1402 1214 1461 1245 678.
1534 1210 1634 1236 Guttur
1651 1209 1724 1235 Idem
1737 1217 1769 1235 ex
1784 1210 1858 1235 Pont.
1879 1217 1901 1240 3,
1924 1217 1944 1240 1,
1963 1217 1998 1234 22.
2070 1209 2146 1235 Litus
2165 1210 2229 1236 Stat.

1174 1247 1266 1274 Theb.
1282 1255 1303 1279 5,
1319 1255 1371 1279 291.
1443 1245 1514 1272 Male
1533 1245 1607 1271 rauci
1627 1246 1696 1271 Hor.
1710 1245 1792 1272 Serm.
1810 1254 1829 1277 i,
1846 1254 1874 1277 4,
1886 1246 1930 1270 66.
1950 1246 1970 1270 i.
1993 1243 2133 1272 Admodum
2147 1249 2229 1279 rauci,

1174 1293 1204 1310 ex
1217 1281 1403 1319 quosigmficat
1414 1291 1454 1308 eos
1470 1281 1598 1308 admodum
1611 1282 1708 1308 vocales
1722 1288 1745 1306 et
1761 1286 1878 1316 clamasti
1885 1278 1974 1316 smffe.
1995 1281 2108 1307 Lamon..
2168 1283 2229 1308 Mu-

1174 1319 1245 1354 gitus
1264 1327 1358 1346 raucos
1378 1317 1457 1344 edere
1484 1318 1566 1344 Ouid.
1579 1318 1643 1344 Met.
1665 1316 1705 1350 14‘,
1718 1325 1781 1350 409.
1854 1317 1980 1342 Murmur
2005 1316 2077 1350 Virg.
2092 1317 2191 1352 Georg.
2207 1327 2228 1348 1,

1175 1363 1231 1388 109.
1302 1356 1358 1381 Ora
1370 1354 1452 1381 Ouid.
1466 1354 1559 1380 Amor.
1575 1362 1598 1385 3,
1610 1355 1636 1384 6,
1648 1361 1686 1385 52.
1762 1353 1818 1378 cic.
1831 1351 1865 1377 de
1878 1352 1952 1377 Orat.
1968 1359 1989 1383 1,
2002 1360 2047 1384 :59
2071 1353 2165 1386 Itaque
2178 1363 2228 1379 nos

1175 1400 1269 1418 raucos
1282 1397 1394 1416 oratores
1407 1390 1480 1423 saepe
1493 1388 1660 1414 attentislime
1674 1386 1765 1413 audiri
1779 1387 1870 1413 video.
1941 1386 2078 1413 Palumbes
2092 1389 2165 1421 Virg.
2175 1389 2228 1415 [ἐι-1.

1175 1435 1195 1457 1,
1213 1431 1250 1458 58.
1305 1426 1425 1458 Propert.
1439 1434 1466 1456 4,
1481 1429 1504 1455 8,
1516 1432 1553 1456 49
1578 1424 1647 1449 Cum
1662 1422 1751 1449 subito
1764 1423 1839 1448 rauci
1854 1423 1999 1447 sonuerunt
2012 1422 2119 1448 cardine
2133 1423 2229 1450 Postes.

1175 1460 1293 1493 Querela
1313 1460 1391 1494 longa
1411 1468 1504 1486 raucus
1524 1459 1599 1484 Idem
1619 1467 1641 1489 1,
1663 1461 1702 1489 16,
1716 1465 1755 1489 39.
1828 1456 1894 1482 Riui
1905 1456 1998 1482 Claud.
2013 1457 2092 1483 Cons.
2106 1458 2184 1485 Prob.
2203 1464 2230 1485 ct

1173 1496 1255 1528 Olyb.
1269 1504 1320 1522 221.
1372 1496 1521 1528 Rogmoi-es
1536 1493 1654 1519 Martial.
1675 1501 1715 1522 io,
1728 1500 1750 1523 5.
1808 1491 1911 1519 Rumor
1923 1492 1979 1517 Cic.
1994 1492 2067 1518 Fam.
2087 1502 2113 1525 9,
2127 1502 2152 1520 2.
2172 1494 2229 1520 vid.

1167 1532 1258 1566 fispra.
1314 1530 1385 1555 Sono
1400 1538 1481 1556 rauco
1498 1529 1594 1554 dedere
1606 1527 1740 1561 mugitum
1753 1527 1824 1553 boues
1838 1527 1920 1554 Ouid.
1932 1527 1998 1553 fast.
2013 1537 2031 1558 i,
2045 1531 2103 1560 560.
2166 1530 2230 1557 Stri-

1588 1563 1679 1589 Tibia
1696 1562 1837 1589 nocturnis
1858 1562 2007 1590 succumbat
2028 1572 2105 1591 rauca
2124 1565 2230 1592 choreis

1489 1599 1634 1634 Tympana
1652 1598 1734 1625 Ouid.
1748 1599 1776 1624 in
1790 1598 1852 1626 Ibin
1865 1604 1924 1633 458.
1995 1599 2079 1632 Vallis
2097 1610 2175 1628 rauca
2191 1603 2230 1628 so-

1616 1635 1693 1662 Vnda
1713 1634 1796 1661 Ouid.
1809 1635 1876 1661 Met.
1895 1644 1928 1668 11,
1947 1639 2004 1670 783.
2077 1637 2137 1663 Vox
2155 1638 2232 1666 idem

1175 1604 1292 1635 Propert.
1305 1609 1328 1634 3,
1340 1605 1364 1631 8,
1378 1607 1417 1631 23.

1176 1642 1221 1663 nat
1243 1637 1304 1663 Stat.
1318 1635 1413 1662 Theb.
1432 1644 1462 1669 4,
1481 1639 1537 1665 801.

1174 1672 1241 1699 ibid.
1263 1674 1289 1704 6,
1309 1679 1368 1705 377.

1213 1715 1233 1734 R
1244 1714 1296 1734 Av
1307 1714 1324 1734 c
1336 1714 1344 1733 1
1355 1714 1373 1734 D
1384 1703 1428 1733 „eL
1441 1712 1461 1732 v
1472 1714 1504 1739 s,
1521 1715 1555 1739 a,
1573 1715 1630 1735 um.
1656 1705 1760 1733 Dimin.
1798 1706 1913 1734 Hieron.
1927 1706 2007 1741 Epist.
2022 1715 2042 1739 1,
2058 1710 2095 1734 16.

1212 1750 1232 1770 R
1243 1751 1264 1770 A
1276 1750 1296 1769 v
1306 1750 1323 1770 c
1332 1751 1341 1770 1
1350 1751 1362 1770 s
1372 1740 1391 1769 ὅ
1403 1749 1424 1768 Ν
1436 1748 1456 1767 v
1467 1750 1480 1769 s
1490 1763 1498 1775 ,
1523 1751 1553 1774 3,
1575 1751 1630 1768 11111.
1667 1742 1729 1769 Adi.
1772 1742 1968 1778 [βραγχισὶζων]
2012 1743 2117 1770 Lucret.
2138 1753 2165 1776 2,
2183 1747 2231 1778 6¹9

1175 1782 1298 1807 Concaua
1311 1779 1507 1812 raucisonoque
1521 1778 1658 1805 minantur
1671 1787 1771 1805 cornua
1784 1786 1870 1805 cantu.
1897 1779 1972 1815 Conf.
1987 1779 2026 1805 Id.
2041 1788 2064 1812 5,
2078 1786 2144 1809 1082.
2181 1782 2230 1808 Ca-

1175 1816 1236 1844 tull.
1252 1817 1352 1850 Argon.
1367 1816 1384 1841 s.
1398 1817 1440 1848 65,
1455 1817 1500 1847 263
1528 1814 1611 1840 Multi
1623 1814 1770 1841 raucisonis
1784 1815 1907 1841 efflabant
1928 1823 2029 1842 cornua
2043 1815 2161 1842 bombis.

1211 1850 1370 1879 RavciT
1380 1859 1402 1878 A
1412 1859 1424 1878 s
1434 1871 1442 1883 ,
1458 1851 1516 1876 atis.
1537 1850 1558 1876 f.
1594 1851 1743 1891 [βμίγχος]
1787 1852 1862 1877 Vocis
1874 1851 1974 1885 obtusio.
2001 1851 2067 1878 Plin.
2084 1861 2116 1885 11,
2130 1860 2154 1885 5¹
2176 1852 2231 1879 Ele-

1176 1888 1239 1922 phas
1258 1897 1306 1921 per
1324 1896 1400 1914 nares
1421 1885 1546 1913 tubarum
1566 1886 1690 1913 raucitati
1710 1886 1824 1913 similem
1842 1886 1921 1913 elidit
1941 1888 2045 1913 sonum.
2090 1889 2131 1915 Sic
2144 1897 2188 1920 22,
2202 1897 2231 1921 23

1176 1925 1208 1950 In
1221 1924 1278 1950 tuffi
1288 1944 1296 1956 ,
1309 1933 1378 1956 vua,
1392 1922 1464 1949 fellis
1480 1922 1568 1949 veteri
1587 1921 1744 1955 suffusione,
1757 1922 1927 1957 hydropicis,
1940 1922 2125 1950 raucitatibus.
2155 1925 2231 1960 Conf.

1174 1961 1243 1988 Cels.
1257 1969 1282 1992 2,
1296 1968 1336 1995 71.
1372 1959 1455 1986 Scrib.
1470 1964 1522 1991 184.

1211 2003 1231 2023 R
1240 2003 1260 2023 A
1271 2003 1291 2021 V
1300 2003 1317 2023 C
1328 2004 1337 2022 1
1347 2003 1367 2023 0
1380 2016 1390 2029 ,
1423 1996 1464 2021 vel
1500 2001 1519 2021 R
1529 2001 1551 2021 Α
1560 2001 1582 2020 V
1590 2001 1609 2021 C
1617 2002 1634 2021 Ε
1644 1999 1677 2020 0.
1706 1995 1816 2021 Raucum
1835 1992 1886 2026 effiu
1923 1993 2044 2024 [Raueio
2052 2012 2060 2024 ‚
2082 1992 2231 2029 ἔραγχκέζω

1174 2033 1236 2059 Vet.
1257 2032 1336 2058 Gloss.
1355 2031 1456 2061 raucit,
1474 2028 1587 2064 ξραγχιξὶ
1604 2030 1684 2062 ibid]
1721 2029 1845 2055 Priscian.
1860 2037 1890 2053 10
1902 2037 1928 2061 p.
1942 2036 1999 2061 907
2025 2030 2193 2055 Praeteritum
2207 2036 2232 2056 et

1174 2069 1294 2104 Supinum
1302 2068 1405 2103 format
1418 2066 1494 2093 Rausi
1503 2086 1512 2097 ,
1527 2066 1642 2091 Rausum
1651 2083 1659 2095 ,
1671 2069 1697 2089 et
1711 2063 1810 2088 Lucilii
1823 2071 1851 2088 eo
1863 2062 1960 2099 versum
1972 2062 2072 2099 refert,
2108 2065 2230 2097 Rausuro

1173 2104 1289 2138 tragicus
1303 2104 1351 2136 qui
1363 2103 1482 2128 carmina
1497 2099 1586 2132 perdit
1599 2098 1701 2124 Oreste.
1795 2133 1801 2137 .

1214 2145 1234 2164 R
1246 2145 1267 2163 Α
1277 2144 1298 2161 ν
1309 2143 1400 2168 COR,
1420 2135 1470 2160 ari.
1507 2132 1625 2193 ἷροιγχιῶ
1641 2132 1723 2158 Gloss.
1737 2131 1833 2163 cynii.

1210 2177 1318 2197 RAVC
1333 2176 1446 2201 FSCO,
1473 2177 1507 2194 vn
1527 2177 1538 2193 c

1213 2212 1265 2231 RA
1274 2211 1294 2229 v
1305 2210 1322 2231 c
1334 2206 1353 2230 E
1363 2211 1382 2230 n
1393 2212 1429 2235 o,
1451 2203 1512 2228 i'nis.
1533 2202 1553 2227 f.
1587 2200 1682 2227 Isidor.
1696 2210 1725 2234 4,
1738 2208 1756 2234 7
1780 2199 1918 2235 Raucedo,
1932 2204 2080 2237 amputatio
2092 2207 2177 2234 vocis.

1211 2247 1231 2266 R
1240 2248 1261 2266 Α
1272 2246 1291 2263 V
1300 2246 1318 2264 D
1329 2246 1350 2264 V
1359 2245 1388 2270 S,
1413 2238 1455 2263 vel
1480 2244 1499 2263 R
1510 2241 1530 2262 Ο
1540 2242 1559 2261 D
1568 2242 1589 2261 V
1597 2243 1611 2262 S
1619 2254 1627 2266 ,
1651 2244 1667 2261 a
1675 2255 1684 2267 ‚
1709 2244 1764 2262 nm.
1791 2236 1853 2263 Adi.
1891 2238 2058 2275 [c’zvs‘fyoes-os]
2102 2242 2229 2277 fignificat

765 2277 875 2303 Credita
893 2275 931 2300 est
949 2281 1030 2301 vento
1049 2274 1114 2300 ratis
1129 2281 1166 2306 60
1174 2278 1258 2309 inquit
1271 2273 1374 2302 Festus,
1394 2272 1461 2298 Rem
1479 2270 1576 2297 rudem
1594 2277 1621 2297 et
1640 2271 1835 2306 imperfectam.
1849 2281 1912 2300 113111
1926 2274 2022 2302 Saxum
2043 2286 2152 2312 quoque
2171 2288 2232 2306 rau-

1174 2308 1222 2333 dus
1236 2307 1367 2342 appellant
1381 2308 1487 2345 Po'e'tae.
1506 2312 1535 2333 vt
1549 2307 1637 2334 Attius
1656 2322 1703 2327 -—-
1723 2307 1782 2334 hinc
1794 2309 1908 2336 manibus
1921 2318 2008 2345 rapere
2020 2314 2114 2339 raudu:
2124 2314 2232 2350 Jaxeum

1173 2343 1267 2379 grande
1280 2349 1304 2368 ft
1316 2351 1392 2378 graue
1405 2343 1461 2376 (stc
1473 2344 1520 2379 leg.
1530 2349 1580 2377 pro
1596 2342 1724 2377 grandem
1737 2349 1763 2369 et
1776 2346 1906 2379 grauem)
1926 2361 1973 2367 ·--
1993 2349 2078 2383 Neque
2098 2354 2231 2385 quisquam

1172 2387 1188 2404 a
1201 2379 1258 2404 telis
1269 2387 1378 2405 vacuus:
1391 2378 1440 2413 sed
1453 2381 1492 2405 vti
1504 2388 1543 2404 cuz
1563 2388 1589 2405 ue
1604 2379 1702 2405 obuiam
1709 2379 1818 2415 fuerat,
1829 2381 1936 2417 serrum
1953 2383 2019 2409 alius
2025 2384 2117 2420 fimum
2130 2386 2229 2413 rodum.

1173 2414 1274 2453 Vulgus
1289 2414 1399 2448 quidem
1413 2415 1442 2440 in
1456 2415 1503 2440 vsu
1517 2387 1612 2442 hazniit
1625 2423 1680 2442 non
1694 2415 1777 2442 inodo
1791 2425 1840 2450 pro
1860 2425 1921 2444 aere
1939 2417 2100 2454 imperfecto
2109 2441 2118 2454 ‚
2134 2427 2162 2448 vt
2175 2422 2229 2450 Lu-

1172 2450 1251 2476 cilius
1265 2459 1325 2476 cum
1337 2451 1391 2482 ait,
1410 2449 1506 2477 Plumbi
1516 2451 1656 2486 pauxillum
1669 2451 1756 2484 rodus,
1769 2453 1863 2488 linique
1876 2461 1998 2481 memxam
2007 2466 2014 2480 :
2031 2456 2076 2483 sod
2090 2458 2170 2484 etiam
2178 2467 2228 2493 pro

1172 2485 1289 2520 signato,
1302 2485 1366 2519 quia
1385 2487 1415 2513 in
1427 2486 1603 2521 mancipando
1615 2496 1675 2514 cum
1687 2487 1786 2515 dicitur
1795 2509 1802 2520 ‚
1822 2488 1954 2525 rudusculo
1966 2491 2056 2518 libram
2065 2492 2167 2527 ferito,
2179 2496 2229 2521 asse

1172 2522 1291 2556 tangitur
1311 2522 1389 2549 libra.
1425 2522 1536 2549 Cincius
1559 2522 1592 2549 de
1614 2523 1707 2549 verbis
1735 2524 1827 2558 priscis
1852 2524 1886 2552 sic
1907 2525 1960 2553 ait:
1991 2528 2232 2561 Quemadmodum

1171 2558 1260 2585 omnis
1280 2558 1337 2585 fere
1357 2558 1469 2585 materia
1486 2567 1541 2585 non
1561 2558 1710 2586 deformata
1728 2559 1803 2586 rudis
1820 2560 1986 2595 appellatur,
2005 2564 2069 2591 sicut
2088 2565 2227 2594 vestimn-

1173 2600 1231 2620 tum
1244 2593 1310 2620 mde
1323 2603 1378 2620 non
1390 2594 1569 2629 perpolitum:
1586 2595 1619 2621 sic
1632 2604 1675 2622 aes
1689 2595 1821 2622 infectum
1832 2596 2011 2625 rudusculum.
2050 2600 2127 2635 Apud
2135 2602 2227 2630 aedem

551 2632 652 2665 Regere
671 2636 757 2657 ratem
776 2630 885 2656 dubiam
905 2628 986 2655 Ouid.
999 2629 1031 2655 dc
1046 2630 1111 2655 Arte
1128 2642 1163 2670 70
1173 2630 1307 2664 Apollinis
1326 2639 1369 2656 aes
1388 2631 1533 2657 comiatum
1554 2631 1652 2663 iacuit,
1673 2631 1701 2657 id
1715 2631 1747 2658 ad
1766 2632 1849 2659 rudus
1862 2633 2041 2668 appellabant:
2066 2637 2095 2663 in
2110 2637 2229 2665 aestima-

1172 2667 1247 2692 tione
1266 2666 1384 2694 censoria
1404 2675 1445 2693 aes
1465 2667 1597 2693 infectum
1617 2667 1700 2693 rudus
1720 2668 1876 2702 appellatur.
1948 2670 2037 2698 Varro
2057 2672 2087 2698 L.
2104 2673 2134 2699 L.
2153 2683 2182 2707 4,
2195 2683 2228 2709 34

1172 2712 1197 2737 p.
1214 2711 1253 2735 39,
1268 2712 1294 2734 ¹9
1320 2703 1371 2729 Aes
1384 2702 1480 2729 raudus
1494 2702 1610 2730 dieium:
1634 2712 1668 2730 ex
1682 2713 1715 2730 co
1735 2704 1764 2729 in
1777 2704 1914 2732 veteribus
1928 2708 2076 2742 mancupiis
2091 2709 2229 2744 scriptum,

1172 2738 1339 2765 Raudusculo
1359 2738 1458 2765 libram
1476 2739 1568 2765 ferito.
1640 2739 1712 2774 Qud
1722 2739 1762 2772 stt
1773 2741 1864 2767 Rudus
1881 2741 1970 2769 iacere
1988 2744 2056 2778 apud
2069 2745 2129 2771 Liu.
2144 2749 2188 2778 26,
2204 2754 2228 2772 11

1172 2774 1325 2810 disputatur.
1368 2776 1490 2801 Ponamur
1501 2776 1597 2802 Iocum:
1615 2775 1746 2802 Hannibal
1763 2776 1795 2802 ad
1810 2775 1900 2803 lucum
1918 2778 2050 2805 Feroniae
2070 2782 2158 2815 pergit
2179 2782 2229 2812 ire.

1174 2810 1301 2845 templum
1314 2819 1344 2836 ea
1357 2811 1509 2845 tempestate
1521 2811 1646 2838 inclitum
1661 2811 1767 2838 diuitiis
1804 2827 1849 2832 ——
1885 2814 1971 2841 multo
1985 2823 2051 2842 auro
2063 2825 2228 2852 argentoque

1173 2846 1201 2872 id
1216 2852 1373 2873 exornatum
1387 2846 1419 2873 ha
1490 2853 1529 2874 nt.
1565 2848 1615 2873 His
1627 2847 1754 2874 omnibus
1769 2847 1846 2875 donis
1860 2854 1917 2876 tum
1931 2850 2074 2885 spoliatum
2091 2846 2228 2888 feinpluni.

1172 2884 1249 2910 Aeris
1269 2883 1379 2916 acerui,
1406 2892 1420 2909 c
1476 2882 1592 2914 v-Rudera
1612 2883 1712 2910 milites
1738 2884 1870 2919 religione
1888 2886 1991 2913 induc‘ii
2012 2888 2146 2921 iacerent,
2168 2889 2226 2923 post

1171 2918 1368 2953 profee‘tionein
1392 2915 1551 2946 Hannibalis
1574 2920 1665 2954 magni
1687 2920 1802 2946 inuenti.
1849 2922 2056 2957 Simpliczffimum
2082 2922 2115 2957 2st
2138 2924 2226 2955 dicere,

1171 2956 1271 2981 Milites
1284 2956 1404 2991 religione
1417 2957 1458 2981 vel
1464 2953 1642 2991 Jiffleistitione
1655 2960 1743 2990 potius
1757 2955 1854 2989 melos,
1867 2965 1945 2984 totam
1958 2963 1998 2985 vti
2007 2960 2129 2994 praedam
2141 2960 2224 2987 redde-

104 2996 260 3017 RATiAR
273 2996 347 3020 ivs,
366 2990 384 3016 i.
408 3000 444 3016 111.
480 2987 638 3026 [χηὸιαγός]
672 2989 767 3016 dicitur
786 2996 815 3016 vt
833 2990 1039 3021 Nauicularius,
1058 2999 1107 3015 non
1130 2997 1226 3024 gnra-*nt
1244 2990 1359 3017 inducere
1378 2994 1489 3017 animum
1507 3001 1556 3018 non
1593 2991 1695 3026 oturffe;
1714 2993 1762 3028 fid
1777 2999 1876 3025 tamen,
1888 2994 2022 3030 vtfhcrilr·
2040 2998 2091 3021 ium
2110 2995 2226 3031 quodam-

69 3025 222 3066 opifex‚fid
240 3029 386 3061 negotiator.
423 3026 527 3052 Paullus
540 3025 572 3051 de
585 3026 716 3058 Pignorat.
730 3024 779 3051 361.
795 3026 812 3051 l.
827 3034 858 3057 30
871 3025 931 3060 Dig.
952 3026 1008 3058 Qii
1027 3025 1105 3052 ratia-

71 3068 114 3087 rio
127 3060 286 3092 crediderat,
303 3070 384 3094 quum
397 3061 429 3088 ad
444 3062 514 3088 diem
527 3062 636 3096 pecunia
648 3070 701 3087 non
722 3061 882 3093 solueretur,
909 3067 993 3088 ratem
1013 3062 1041 3088 in
1063 3062 1109 3087 liu-

73 3096 146 3122 mine
160 3096 204 3121 sua
216 3095 370 3123 auctoritate
381 3097 508 3124 detinuit:
528 3097 667 3131 posteaque
681 3098 779 3123 flumen
794 3098 892 3127 creuit,
907 3103 932 3124 et
950 3097 1012 3123 inde
1025 3103 1108 3124 ratem

71 3131 191 3192 ablshili‘tl3
239 3130 264 3158 Si
283 3131 370 3160 inuito
388 3133 501 3161 ratiario
519 3133 665 3160 retinuisset
678 3154 687 3166 ‚
713 3133 771 3159 eius
790 3133 910 3168 periculo
928 3140 1012 3161 tatem
1033 3133 1109 3159 fuisse

69 3176 99 3194 re
112 3176 163 3200 pon
185 3174 203 3191 i.

110 3210 129 3229 R
145 3210 166 3228 Λ
181 3208 203 3226 Τ
218 3201 230 3227 ῖ
245 3208 266 3227 Τ
279 3208 299 3226 V
315 3209 342 3234 s,
364 3212 395 3236 a,
417 3213 471 3230 uin.
526 3205 627 3231 Ratitus
646 3204 785 3239 quadrans.
821 3204 926 3230 Paullus
947 3203 1031 3234 Festi,
1058 3204 1108 3230 Ra-

71 3239 151 3266 titum
165 3237 336 3271 quadrantem
354 3238 452 3266 dicium
467 3247 573 3273 putant,
586 3241 658 3275 quod
679 3242 707 3267 in
720 3250 753 3267 eo
762 3261 769 3273 ‚
781 3246 807 3266 et
820 3240 932 3272 triente,
948 3240 1010 3266 ratis
1025 3239 1107 3266 fuerit

71 3273 186 3310 effigiei,
200 3280 228 3298 vt
242 3273 316 3298 nauis
328 3273 354 3299 in
367 3276 429 3302 Asse.
466 3277 541 3302 Plura
552 3276 593 3302 his
605 3286 620 3302 a
635 3278 717 3303 Paullo
732 3279 855 3311 excerptis
867 3276 994 3302 adduntur
1006 3276 1108 3301 inFesti

70 3312 185 3346 reliquiis
198 3309 222 3335 b.
238 3317 263 3333 v.
275 3308 324 3343 fid
333 3309 450 3346 scaligeri
464 3314 549 3346 potius
566 3320 638 3347 quam
654 3311 718 3346 Festi
731 3322 786 3339 cum
798 3312 869 3346 fint,
882 3322 930 3338 non
949 3311 1110 3345 transscribi-

70 3356 133 3374 mur.
171 3346 256 3371 Potius
264 3347 379 3384 ponimus
391 3345 437 3378 ista
449 3347 574 3375 Varronis
590 3348 619 3374 L.
632 3348 662 3375 L.
676 3357 704 3381 4,
717 3355 734 3383 7
748 3354 811 3374 extr.
825 3357 850 3382 p.
864 3356 902 3380 ¹4,
917 3350 945 3374 16
967 3348 1107 3378 Vthurae,
1121 3363 1157 3388 90

73 3390 136 3417 quas
149 3379 284 3407 soluebant
298 3379 342 3411 hi,
355 3381 400 3413 qui
418 3382 516 3409 ratibus
531 3383 672 3411 transibant
686 3383 838 3419 (Tiberim,
852 3384 895 3409 vbi
905 3381 960 3419 post
979 3384 1109 3410 Velabrum

64 3418 147 3455 sitit)
171 3415 324 3450 Quadi-ans,
338 3415 370 3442 ab
384 3424 416 3442 eo
429 3417 542 3446 Lucilius
554 3419 652 3454 scripsit
665 3419 821 3453 quadrantes
832 3420 915 3447 ratiti.

109 3460 156 3480 ΚΑ
169 3458 190 3478 Τ
203 3458 257 3478 VM
267 3457 344 3491 i-TNJ‘
355 3459 376 3478 Α
399 3458 486 3487 porta,
505 3463 519 3481 a
536 3455 644 3481 nomine
659 3456 716 3482 eius
727 3456 855 3490 appellata
870 3455 922 3487 est,
937 3454 985 3490 qui
1004 3454 1108 3482 ludicro

73 3488 216 3515 certamine
231 3487 366 3521 quadrigis
382 3487 470 3528 vidior
483 3489 579 3517 Etrusci
592 3491 694 3525 generis
707 3492 812 3518 iuuenis
827 3491 918 3523 Veiis,
938 3490 1108 3517 consternatis

1169 3027 1238 3053 modo
1257 3029 1402 3062 expiarent,
1422 3026 1526 3060 iecisse,'
1538 3027 1563 3054 ia
1593 3029 1657 3060 asse,
1673 3028 1814 3054 contulisse
1835 3029 1915 3055 rudus
1934 3030 1952 3055 s.
1971 3039 2018 3057 rau
2039 3039 2088 3063 us,
2112 3040 2152 3057 aes
2172 3039 2226 3058 tum

1168 3063 1229 3090 rude
1244 3062 1310 3099 quod
1330 3066 1358 3089 in
1374 3063 1472 3098 praeda
1485 3063 1593 3100 suerat,
1613 3071 1668 3090 tum
1685 3064 1822 3090 laboratum
1836 3074 1927 3100 quoque
1943 3072 1968 3091 et
1983 3066 2075 3102 quinn.
2113 3068 2165 3102 Qi
2180 3071 2226 3093 mi—

1169 3107 1274 3129 rantur,
1293 3108 1354 3134 quae
1367 3097 1416 3131 ilie
1429 3098 1484 3132 effi't
1499 3100 1589 3135 religio
1603 3099 1698 3127 rudera
1712 3099 1844 3132 iacieiidi,
1863 3104 1891 3127 in
1906 3104 1948 3135 iis,
1962 3105 2005 3136 qui
2022 3110 2116 3129 aurum
2131 3111 2223 3137 argen-

1170 3142 1280 3169 tumque
1297 3135 1457 3161 retinerent:
1475 3135 1515 3161 illi
1530 3145 1579 3161 non
1587 3136 1656 3171 finis
1670 3137 1805 3162 Romanam
1819 3137 1860 3163 vel
1881 3146 2048 3173 quamcunque
2066 3137 2124 3164 adeo
2135 3139 2225 3174 Jitper-

1123 3175 1153 3204 85
1163 3169 1293 3204 stitione-m
1300 3171 1502 3206 perpenderunt:
1523 3180 1596 3206 quarn
1610 3172 1726 3207 exemplis
1737 3172 1865 3198 declarare
1871 3179 1999 3208 promtum
2012 3172 2055 3206 esi,
2061 3173 2110 3209 sed
2120 3184 2168 3200 non
2181 3175 2226 3202 hu-

1169 3209 1210 3233 ius·
1224 3208 1281 3233 Ioci.
1318 3206 1392 3241 Cous.
1409 3207 1496 3233 Varro
1509 3207 1540 3233 L.
1555 3207 1584 3233 L.
1600 3215 1623 3240 ς,
1638 3216 1679 3240 34.

1208 3248 1228 3268 R
1238 3250 1259 3269 A
1269 3248 1290 3267 v
1301 3249 1320 3268 D
1331 3250 1396 3269 vsc
1406 3241 1426 3267 x*
1436 3249 1480 3268 i.v
1491 3250 1532 3275 M,
1553 3243 1571 3269 i.
1591 3252 1617 3269 n.
1648 3242 1749 3269 Dimin.
1787 3243 1843 3270 Cic.
1857 3244 1911 3270 Att.
1928 3253 1955 3276 4,
1969 3249 1983 3274 8
2019 3244 2089 3270 Nam
2109 3244 2142 3271 de
2162 3253 2225 3271 rau-

1171 3277 1280 3305 dusculo
1293 3277 1365 3310 quod
1379 3278 1488 3311 scribis,
1504 3286 1550 3305 etc.
1570 3282 1589 3305 i.
1609 3279 1705 3306 modico
1717 3279 1759 3305 illo
1771 3288 1834 3306 aere.
1891 3279 1983 3305 Eidem
2000 3288 2075 3313 14,15
2089 3284 2143 3314 (14)
2165 3281 2223 3308 Nec

1172 3314 1323 3341 mehercule
1336 3324 1378 3341 mc
1394 3314 1580 3341 raudusculum
1594 3323 1701 3348 mouet,
1719 3317 1737 3341 i.
1760 3316 1873 3341 Pecunia.
1909 3315 1983 3348 Cous.
1997 3315 2034 3341 ib.
2050 3324 2077 3350 7,
2092 3325 2113 3342 2.

1205 3357 1224 3376 R
1233 3357 1283 3376 AV
1293 3357 1311 3377 D
1321 3358 1341 3376 v
1351 3358 1363 3377 s
1372 3357 1388 3377 C
1399 3357 1417 3376 v
1428 3357 1444 3375 1.
1456 3357 1476 3375 Α
1485 3371 1494 3382 ,
1516 3351 1592 3377 Porta
1601 3351 1703 3378 Romae
1717 3351 1845 3385 appellata
1858 3349 1904 3382 est,
1918 3359 1932 3376 a
1945 3351 2048 3382 Raudo,
2063 3351 2090 3378 id
2105 3352 2141 3379 esi
2153 3362 2223 3385 aere,

1170 3386 1242 3420 quod
1257 3392 1344 3412 aerata
1356 3387 1394 3412 sit.
1416 3386 1475 3412 Vid.
1489 3386 1548 3413 Val.
1563 3387 1634 3414 Max.
1649 3387 1709 3414 loco
1723 3395 1785 3412 mox
1798 3386 1887 3412 citato.

1207 3428 1225 3448 R
1236 3429 1257 3448 A
1269 3428 1289 3447 v
1299 3428 1319 3448 D
1329 3429 1350 3448 V
1360 3429 1372 3449 S
1382 3428 1399 3448 C
1411 3428 1430 3447 v
1441 3429 1457 3448 L
1466 3424 1486 3448 Ᾱ
1495 3430 1516 3448 N
1528 3429 1570 3449 vs
1580 3442 1588 3455 ‚
1608 3432 1638 3457 a,
1659 3433 1712 3450 11111.
1735 3422 1795 3448 Adi.
1831 3420 1917 3454 Vnde,
1931 3421 2133 3450 Raudusculana
2146 3430 2223 3458 porta

1171 3457 1282 3490 Romae,
1297 3457 1369 3491 quod
1383 3464 1469 3485 aerata
1484 3458 1546 3491 suit,
1560 3465 1590 3484 vt
1610 3462 1648 3484 ait
1667 3459 1754 3485 Varro
1769 3458 1797 3483 L.
1813 3456 1842 3483 L.
1857 3466 1886 3490 4,
1898 3465 1931 3490 34
1944 3467 1969 3492 p.
1984 3467 2025 3490 39,
2042 3464 2076 3489 18.
2131 3460 2221 3486 Valcr.

1170 3494 1243 3520 Max.
1259 3503 1279 3525 ς,
1292 3497 1318 3525 6,
1332 3503 1343 3526 3
1369 3494 1478 3520 Genuco
1494 3495 1579 3529 Cippo
1593 3495 1713 3521 Praetori
1727 3492 1850 3528 paludato
1864 3501 1967 3534 portam
1981 3495 2138 3528 egredienti,
2154 3494 2221 3521 noui

73 3524 149 3559 equis
161 3523 274 3549 excuss'us
288 3523 388 3549 Romae
403 3524 495 3557 periit:
520 3526 564 3559 qui
582 3527 644 3562 equi
663 3528 785 3554 feruntur
803 3536 858 3553 11011
875 3534 935 3553 ante
956 3527 1108 3560 constitisse,
1126 3540 1160 3566 95
1169 3536 1195 3555 et
1209 3530 1321 3555 inauditi
1337 3530 1441 3563 generis
1456 3530 1610 3563 prodicium
1632 3531 1735 3557 incidit.
1773 3528 1898 3564 Namque
1911 3537 1940 3555 in
1961 3531 2046 3564 capite
2059 3531 2116 3557 cius
2132 3531 2224 3557 subito

75 3568 154 3594 quam
173 3558 340 3593 peruenirent
360 3559 389 3585 in
402 3559 577 3594 Capitolium,
595 3563 811 3598 conspeeiamque
831 3562 955 3589 ficiiiium
970 3563 1107 3597 quadriga-

74 3605 133 3624 rum
146 3594 260 3626 molem,
280 3604 347 3629 quae
366 3602 439 3621 erant
462 3596 490 3621 in
510 3596 611 3631 fastigio
624 3600 696 3626 Iouis
711 3599 818 3634 templi,
833 3607 896 3634 quas
914 3599 1047 3625 faciendas
1070 3599 1108 3624 lo-

75 3630 322 3672 emerant-Romani
336 3631 444 3658 Veienti
463 3631 566 3658 cuidam
578 3634 639 3660 artis
652 3635 777 3670 figulinae
789 3635 926 3670 prudenti,
951 3644 1017 3668 quae
1035 3634 1107 3661 bello

74 3667 132 3694 sunt
151 3673 324 3699 reciperatae,
347 3668 410 3701 quia
431 3668 459 3693 in
479 3667 586 3694 fornace
602 3669 666 3697 adeo
691 3677 846 3701 creuerant,
864 3677 893 3697 vt
912 3671 995 3697 eximi
1015 3670 1108 3704 nequi-

75 3707 141 3727 rent.

77 3736 194 3769 fuissent,
212 3739 333 3764 omnium
350 3747 407 3765 eain
424 3739 541 3766 futuram
558 3742 764 3774 potentissimam.
791 3743 888 3769 Festus.
927 3744 1022 3769 Nomen
1039 3745 1107 3769 auri-

74 3771 203 3809 gaefuiffi
217 3773 373 3805 Ratumena,
387 3782 504 3801 memorat
514 3776 604 3811 dist-rte
618 3776 696 3804 Sosin.
710 3787 742 3812 43
761 3779 869 3806 Excusso
882 3787 992 3814 quoque
1005 3779 1108 3810 auriga,

74 3816 154 3842 quein
166 3808 334 3835 Ratumenam
346 3811 528 3838 nominabant.
564 3812 606 3838 sic
621 3815 693 3841 etiam
704 3815 821 3850 Plinius,
835 3817 879 3852 qui
894 3816 959 3843 hanc
977 3815 1005 3844 bi
1028 3808 1107 3842 oriam

75 3850 166 3870 narrat
177 3847 198 3873 8,
210 3852 244 3876 42
257 3844 274 3870 s.
288 3847 326 3875 65.
366 3846 434 3874 Add.
449 3852 487 3879 28,
501 3856 516 3875 2
529 3848 548 3874 s.
561 3855 589 3882 4.

110 3884 267 3913 RA'rvs,
299 3880 351 3908 uid.
389 3888 498 3911 REOR.

258 3921 279 3942 v
287 3921 306 3943 ο
315 3923 341 3943 ι.
375 3917 424 3947 iv,
1113 3900 1159 3928 ¹⁰⁵

1171 3565 1245 3592 velut
1263 3574 1364 3592 cornua
1386 3567 1562 3592 emerserunt
1579 3566 1782 3601 responsumque
1801 3564 1927 3597 est,eum
1948 3575 2038 3600 regem
2059 3567 2134 3596 fore,
2154 3567 2172 3593 ii
2192 3567 2222 3593 iu

1169 3601 1265 3627 vrbem
1280 3601 1444 3629 reuertiffet;
1478 3603 1548 3635 quod
1569 3611 1602 3628 nc
1615 3602 1760 3631 accideret,
1778 3601 1960 3628 voluntarium
1976 3611 2005 3628 ae
2018 3610 2175 3635 perpetuum
2191 3602 2222 3628 si-

1170 3637 1254 3664 bimet
1272 3637 1372 3663 indixit
1392 3636 1504 3663 exilium
1524 3653 1569 3657 ——
1588 3638 1670 3664 Cuius
1691 3636 1821 3664 testandae
1840 3637 1879 3664 rei
1894 3638 1992 3671 gratia,
2009 3638 2102 3671 capitis
2122 3637 2223 3672 effigie·

1169 3682 1245 3700 aerea
1260 3679 1368 3707 portae,
1384 3682 1433 3706 qua
1446 3674 1597 3705 excesserat,
1613 3673 1710 3700 inclusa
1723 3673 1773 3700 est:
1794 3672 1918 3707 dietaque
1932 3673 2140 3706 Raudusculana,
2149 3673 2221 3707 quod

186 3701 268 3735 quue
288 3702 438 3737 prodigium
458 3703 612 3737 portendere
631 3707 788 3740 videbatur,
818 3707 846 3733 in
864 3715 915 3740 qua
934 3707 1042 3735 ciuitate
1062 3709 1235 3736 caciooolim
1249 3718 1308 3735 aera
1321 3709 1431 3735 raudera
1445 3708 1608 3735 dicebantur.

1205 3752 1224 3771 R
1234 3752 1283 3771 AV
1293 3752 1310 3772 Ε
1319 3752 1342 3771 N
1354 3751 1375 3770 N
1387 3751 1408 3771 A
1417 3764 1423 3775 ,
1444 3752 1482 3770 ae.
1500 3745 1521 3770 f.
1537 3745 1550 3777 [
1557 3743 1690 3778 Ῥάβεννα]
1731 3744 1797 3771 Vrbs
1810 3745 1915 3777 Italiae,
1928 3747 1957 3770 in
1970 3753 2015 3771 ora
2027 3746 2111 3772 litoris
2126 3746 2222 3772 Adria-

1169 3783 1224 3806 tici.
1262 3780 1308 3806 Sil.
1321 3786 1344 3813 8,
1358 3783 1407 3811 603
1432 3780 1541 3813 Quique
1560 3780 1638 3814 graui
1650 3788 1726 3806 remo
1746 3779 1845 3807 limosis
1859 3780 1973 3813 segniter
1986 3780 2064 3807 vndis
2076 3782 2159 3807 Lenta
2178 3790 2222 3815 pa-

1169 3815 1277 3842 ludosae
1291 3815 1462 3850 proscindunt
1476 3816 1563 3850 stagna
1578 3816 1598 3843 R
1669 3825 1727 3842 nae.
1801 3818 1942 3842 Rauennae
1961 3816 2095 3843 ridiculum
2115 3824 2138 3843 ct
2153 3817 2223 3844 Sati-

1168 3855 1247 3878 ricum
1260 3853 1364 3888 elogium
1380 3850 1413 3884 est
1428 3852 1518 3878 Sidon.
1533 3852 1620 3886 Apoll.
1637 3860 1654 3882 1,
1670 3857 1692 3882 8.

1204 3894 1224 3915 R
1232 3893 1283 3917 AV
1291 3894 1308 3915 E
1322 3894 1345 3916 N
1356 3895 1378 3915 N
1389 3895 1411 3914 A
1420 3893 1433 3914 s
1443 3908 1451 3921 ‚
1471 3888 1529 3915 atis.
1564 3886 1765 3923 [Ῥαβεηοὲτης]
1800 3888 1934 3915 Rauennae
1955 3889 2036 3915 incola
2044 3907 2053 3920 ,
2066 3894 2110 3915 aut
2128 3887 2163 3914 ad
2172 3888 2222 3915 Pu·

2113 3931 2221 3948 vennam
