2434 4156
326 108 400 158 ⁶95
687 104 714 144 S
817 106 856 146 Y
959 106 1007 146 M

327 194 545 220 concoenationeu
557 203 563 220 :
599 203 648 221 nos
679 195 804 222 conuiuia
813 215 821 228 ,
840 195 902 230 qnia
935 200 992 220 tum
1023 192 1137 219 maxime
1156 191 1231 216 simul
1253 190 1367 217 viuitur.

327 229 402 262 conf.
417 229 489 256 Idem
503 230 556 256 Att.
570 237 594 263 2,
609 238 645 257 12.
715 232 749 258 It.
764 233 875 258 Platonis
889 231 967 264 Opus,
981 234 1020 262 ap.
1036 228 1104 260 Nep.
1120 234 1145 260 7,
1160 235 1184 256 z,
1198 234 1218 255 ².
1255 232 1278 251 et
1296 225 1365 251 Gell-

329 274 348 294 1,
363 273 388 296 9.
428 272 464 297 17,
481 273 523 292 20.
559 268 585 290 in
599 274 645 301 quo
658 274 807 293 enarrantur
820 266 943 302 sermones
956 268 982 288 in
995 265 1106 288 conuiuio
1119 261 1208 287 habiti.
1249 260 1365 286 Libellum

327 303 510 334 aenigmatum,
524 304 563 326 cui
576 300 662 328 aut‘lor
676 303 750 338 vulgo
766 301 915 336 adscribitur
938 304 951 323 s
964 304 980 322 Y
992 304 1015 322 M
1026 303 1040 322 Ρ
1049 303 1068 323 0
1078 302 1090 322 s
1100 302 1139 322 tv
1152 302 1165 322 s
1175 315 1184 329 ,
1203 295 1366 331 Symposium

324 334 402 368 fimili
412 339 508 362 ratione
520 336 646 363 dicendum
655 339 759 372 putabat
772 337 850 362 canor
865 334 1030 359 chmonnus.

365 377 378 397 S
386 378 403 396 Y
413 377 436 396 M
445 377 459 396 P
468 378 487 398 O
497 379 509 398 s
519 378 528 397 1
537 378 559 398 Α
569 378 586 398 C
597 379 618 398 v
629 378 653 405 S,
668 381 691 404 a,
699 381 752 398 11111.
773 371 832 397 Adi.
869 369 1023 394 Conuiualis.
1053 365 1206 392 Plutarchus
1237 365 1265 391 in
1295 365 1367 392 libro

328 405 553 440 Symposiacorum
570 407 638 433 Gell.
654 416 691 441 17,
706 416 735 433 ιι.
839 402 990 430 Plutarchus
1008 402 1035 428 in
1049 401 1218 436 Symposiacis
1230 400 1294 427 dicit
1327 400 1366 427 Id.

328 450 358 474 4,
372 449 402 467 11.
505 442 724 475 Quaestiunculae
740 439 809 466 Gell.
825 441 850 471 6,
864 447 895 471 13.
920 442 947 464 in
961 440 1079 464 lemmate.

365 482 378 502 S
386 485 404 503 Y
413 484 438 504 M
447 483 462 503 P
474 483 494 504 o
505 485 517 504 s
527 485 535 504 1
545 485 566 504 A
578 484 591 503 s
604 484 624 502 ‘r
636 483 652 502 E
666 483 692 506 s,
711 484 749 502 ae.
786 484 821 500 m.
859 472 1062 507 [συμπασιαςὴς]
1097 472 1211 497 Conuiuii
1244 470 1367 502 dominur,

328 512 491 539 Conuiuwtes
509 519 521 538 S
532 520 549 539 Y
561 519 585 539 Μ
597 520 610 538 Ρ
620 519 638 537 0
651 517 672 537 T
684 518 705 536 Α
716 517 733 537 E
742 530 750 542 ,
768 508 903 543 austindi-atq,
917 509 1042 535 dicuntur.
1079 507 1152 533 Cuius
1171 508 1319 533 Femininum
1334 505 1367 538 cll

328 554 342 575 s
352 554 404 574 ΥΜ
415 553 430 574 1²
442 554 462 574 ο
477 548 498 574 T
510 555 528 574 R
538 555 546 573 1
558 554 577 572 A
590 567 598 579 ,
617 545 772 581 συμπότμσι,
791 548 938 580 compotrix.
975 542 1023 571 Sed
1044 545 1125 569 omnia
1146 543 1250 574 Graeca,
1276 543 1369 568 Latina

325 582 477 610 auctoritaie
491 588 585 609 carent.

364 624 378 644 s
390 625 408 644 Y
418 625 442 644 M
454 625 469 644 r
480 625 499 644 T
510 620 529 644 ὁ
537 624 561 645 M
570 623 601 648 A,
616 616 673 642 atis.
700 624 725 641 n.
761 614 895 641 Accidens.
932 614 1109 648 Symptomata
1117 632 1124 644 ,
1143 612 1310 647 Acceffioms,
1324 612 1368 648 seu

325 652 455 686 accessom‘a
479 653 552 683 mala,
577 660 636 687 quae
657 650 690 676 ad
707 648 795 683 iussum
813 650 922 677 morbum
936 649 1100 682 συμπίπτκσιν
1113 668 1122 682 ,
1140 648 1185 677 hoc
1197 647 1231 682 est
1244 647 1368 675 accidunt.

329 689 387 716 vid.
402 689 467 716 Cels.
482 698 504 720 3,
525 696 533 713 ι
547 693 570 713 et
587 695 624 712 to.

359 730 457 751 str
469 729 488 749 ν
501 728 620 752 νινΜ,
644 720 698 746 vid.
720 726 930 747 simrvivin.

698 793 718 825 S
816 792 843 824 Y
940 792 971 824 N

363 869 376 890 s
387 870 405 889 Y
414 869 436 889 N
446 869 462 890 A
473 868 492 889 G
503 863 524 889 ὁ
534 867 555 889 G
567 869 600 895 A,
613 871 651 889 ae.
672 863 692 890 f.
728 863 741 897 [
747 862 891 895 συναγωγῆ]
928 862 1101 898 Gorg-regorio,
1114 861 1156 888 ve!
1167 867 1258 892 coenet,
1272 859 1322 886 α’πδ
1334 861 1367 886 τῖς·

322 898 443 931 συνάγειν,
462 898 526 934 quod
537 897 571 931 est
585 908 744 935 congregare.
780 899 918 924 Conuemus
928 900 1068 934 religiosus,
1081 905 1104 923 et
1116 899 1192 931 locut,
1205 899 1232 922 in
1240 905 1306 931 quem
1313 906 1368 922 con-

321 938 431 961 venitur.
466 935 515 960 Res
529 934 641 960 Iudaica.
678 933 754 969 Apud
767 932 937 967 ecclesiasticos
944 935 1083 969 scriptores
1096 935 1219 967 accipitur
1228 939 1276 967 pro
1290 933 1369 958 Eccle-

320 969 358 1003 fia
373 969 476 996 Iudaica
498 970 539 995 vel
554 968 706 1002 Christiana.
785 969 845 996 Vid.
859 969 978 997 Tei-tull.
991 969 1051 996 adu.
1064 969 1122 995 Iud.
1136 977 1157 994 c.
1172 972 1185 997 8
1198 974 1222 993 et
1239 976 1270 999 ¹3·
1337 970 1368 994 it.

321 1005 381 1032 adu.
397 1005 478 1032 Marc.
492 1013 511 1036 3,
525 1013 567 1031 22.
731 1029 734 1033 .

360 1047 373 1067 s
383 1047 400 1066 Y
411 1047 432 1066 N
440 1047 461 1066 A
472 1047 487 1065 t
496 1047 512 1066 L
521 1047 542 1066 A
551 1045 571 1066 G
580 1047 605 1066 M
615 1046 646 1072 A,
654 1038 710 1066 itii.
723 1048 749 1067 n.
770 1038 969 1074 [συνάλλαγμα]
988 1039 1029 1067 Sic
1041 1039 1166 1074 appellant
1174 1037 1240 1069 ICti,
1248 1036 1370 1072 quidquid

322 1075 399 1101 datur
412 1075 493 1110 velfit
506 1075 559 1101 ideo
568 1095 576 1108 ,
592 1082 621 1102 vt
634 1074 740 1110 νισι-’,01171
752 1075 852 1111 aliquid
866 1078 905 1102 vel
917 1075 998 1106 detur,
1011 1077 1050 1101 vel
1063 1076 1122 1109 fiat.
1193 1071 1233 1105 Est
1264 1077 1327 1098 enim
1352 1082 1367 1098 a

321 1110 500 1137 συναλλάττειν
507 1117 660 1145 permutare.
710 1111 815 1146 leian.
830 1111 847 1137 l.
861 1119 877 1146 7
891 1109 906 1147 §
928 1120 940 1137 2
954 1110 1023 1137 D.de
1036 1109 1133 1146 paeliS,
1153 1108 1221 1134 Dedi
1234 1107 1284 1134 tibi
1298 1117 1365 1140 rem,

321 1152 351 1173 vt
364 1145 433 1173 mihi
448 1146 526 1172 aliam
540 1145 613 1173 dares
628 1157 634 1173 ε
671 1145 746 1178 dedi,
760 1154 788 1173 vt
801 1146 902 1182 aliquid
916 1146 995 1173 facias
1012 1157 1016 1172 :
1044 1145 1094 1172 hoc
1116 1143 1285 1176 συνάλλαγμα
1307 1145 1366 1175 esse,

321 1188 348 1208 et
361 1181 422 1208 hinc
435 1181 503 1208 nasci
517 1182 624 1208 ciuilem
637 1181 840 1217 obligationem.
875 1198 921 1203 —
956 1183 1008 1208 Ess'e
1022 1179 1185 1207 contractum
1198 1179 1277 1211 illud,
1292 1178 1366 1213 quod

322 1218 410 1244 Aristo
424 1216 593 1251 συνάλλαγμα
607 1217 680 1244 dicit.
752 1220 810 1245 Non
835 1217 915 1249 dicit,
935 1218 1074 1252 Synonyma
1089 1215 1131 1248 effi
1146 1215 1324 1245 contractum,
1342 1221 1366 1240 ⁶²⁶

320 1253 514 1286 συνάλλαγμαι
549 1263 598 1280 non
611 1253 676 1279 dicit
688 1254 858 1287 συνάλλαγμα
877 1252 911 1286 ςΙὶ
932 1251 1099 1281 contrabium
1128 1250 1176 1285 sed
1195 1249 1366 1283 συνάλλαγμα

321 1288 506 1320 contrahitur,
525 1297 573 1324 qua
584 1289 637 1324 ipfii
652 1298 678 1315 re
688 1287 792 1324 paflum
809 1299 857 1315 non
876 1290 981 1324 amplius
998 1288 1087 1313 nudum
1111 1285 1203 1322 ‘fissed
1222 1289 1303 1312 oritur
1325 1286 1367 1311 ille

338 1334 388 1350 uem
399 1323 563 1350 contractum
579 1326 635 1350 ICti
648 1330 748 1351 vocant.
820 1324 866 1352 Sed
877 1325 892 1350 l.
909 1333 935 1356 19
949 1325 980 1350 de
993 1325 1023 1349 V.
1038 1323 1061 1350 S.
1097 1322 1186 1348 Labeo
1200 1321 1366 1348 contu-‚uum

341 1359 381 1386 nit
393 1359 462 1385 vltro
476 1359 598 1393 citroque
622 1359 812 1393 obligationem
821 1380 828 1393 ,
849 1359 920 1394 quod
945 1359 1040 1386 Graeci
1061 1358 1231 1390 συνάλλαγμα
1258 1362 1365 1391 vocant,

319 1395 395 1421 velut
409 1394 552 1420 emtionem
567 1394 750 1421 venditionem
765 1402 810 1421 etc.
850 1395 906 1421 Vid.
924 1396 989 1421 ICti.

356 1437 369 1457 s
380 1437 398 1455 Y
408 1437 460 1456 NA
469 1437 485 1455 L
497 1435 517 1456 Ο
529 1435 545 1454 E
558 1436 573 1456 P
586 1436 606 1456 H
616 1436 643 1462 E,
656 1438 691 1456 es·
712 1431 731 1456 f.
768 1430 936 1464 [συναλοιφή]
971 1428 1047 1466 Quasi
1063 1436 1091 1455 tu
1104 1426 1318 1461 coexstinflionem
1327 1427 1365 1453 di-

319 1475 378 1498 cas,
397 1475 450 1491 cum
465 1465 492 1491 ob
510 1465 653 1501 concursum
674 1466 799 1492 Vocatium
813 1475 862 1492 vna
875 1467 941 1492 uelut
954 1466 1136 1500 exstinguitur:
1163 1463 1201 1498 fit
1214 1467 1277 1489 enim
1292 1472 1364 1498 quum

319 1501 349 1527 de
356 1501 406 1534 fine
419 1499 539 1526 dil-‘lionis
552 1502 650 1527 Vocalis
665 1502 793 1534 obiicitur,
800 1502 915 1537 sequente
929 1500 1039 1527 difiione
1051 1509 1110 1536 quac
1123 1509 1137 1525 a
1156 1500 1243 1525 Vocati
1263 1501 1365 1534 incipit,

318 1543 349 1563 ot
364 1537 456 1562 quen.
472 1536 520 1563 Sat
537 1544 574 1568 1,1
596 1537 703 1571 Semper
716 1546 765 1572 ego
779 1537 1015 1564 auditor‘tantumt
1093 1535 1151 1562 Vici.
1160 1534 1261 1561 Charis.
1271 1543 1296 1570 p.
1305 1542 1363 1567 249.

319 1572 408 1598 Valet.
419 1571 494 1598 Proh.
504 1581 527 1606 p.
538 1580 592 1605 ¹439
598 1579 641 1607 pr.

357 1613 371 1633 S
383 1614 400 1632 Y
412 1613 432 1632 Ν
445 1614 466 1634 A
476 1614 497 1632 Ν
508 1613 524 1633 C
534 1613 555 1633 H
566 1613 595 1639 E,
612 1616 647 1634 es.
669 1607 689 1634 f.
726 1607 871 1641 [aurniyxn]
908 1607 1014 1634 Morbus
1042 1610 1069 1633 in
1092 1606 1213 1642 saucibus
1237 1604 1362 1640 J‘piritum

312 1641 454 1678 suffocans,
468 1643 568 1668 Latinis
582 1643 684 1677 Angina
697 1642 791 1669 dietus.
827 1645 863 1669 Ex
880 1643 929 1674 σύν,
943 1650 966 1668 et
979 1640 1066 1675 ἄγχω,
1087 1652 1159 1678 ango.
1222 1640 1291 1667 Cels.
1305 1649 1331 1672 4,
1345 1649 1364 1672 4

320 1679 356 1704 Vt
372 1677 421 1704 hoc
434 1683 521 1704 autem
535 1677 625 1704 morbi
638 1686 718 1712 genus
731 1680 800 1704 circa
820 1684 900 1705 totam
920 1679 1068 1710 ceruicem,
1088 1677 1120 1703 sic
1146 1677 1257 1703 alterum
1280 1684 1363 1710 aeque

319 1712 473 1748 pestiferum
487 1720 644 1748 acutumque
658 1714 685 1739 in
699 1713 818 1740 faucibus
830 1714 877 1739 esse
891 1714 1028 1739 consueuit
1044 1724 1049 1739 :
1083 1712 1165 1739 nostri
1179 1713 1300 1745 anginam
1315 1719 1362 1736 vo-

1378 1588 1412 1611 40
1424 1576 1525 1603 Seneet.
1540 1582 1565 1604 18
1586 1585 1607 1602 c.
1623 1585 1644 1608 7.

1777 105 1804 144 S
1911 106 1949 146 Y
2057 106 2101 146 N
2324 72 2327 76 -

1427 194 1480 220 dem
1493 198 1536 231 qui
1554 194 1709 222 Defensores
1727 193 1792 219 alias
1808 195 1938 219 ciuitatum
1957 194 2083 221 dicuntur.
2126 195 2184 222 Via.
2198 193 2215 221 1.
2231 203 2240 221 ι
2254 193 2276 231 §.
2289 203 2313 222 2.
2344 205 2365 224 et

1406 242 1409 243 ⁷
1428 227 1486 265 §.13
1501 231 1533 257 D.
1547 231 1579 256 de
1591 228 1721 256 munerib.
1736 233 1762 254 et
1774 228 1870 254 honor.
1940 229 2008 256 Add.
2022 229 2038 256 l.
2052 239 2064 263 ς
2076 229 2100 267 §.
2113 239 2141 257 ιο
2159 231 2190 257 D.
2204 230 2276 264 quod
2289 231 2316 258 vi
2328 240 2368 261 aut

1428 266 1485 292 Vct.
1501 265 1580 292 Gloss.
1598 264 1731 298 Syndicus,
1746 263 1821 290 after
1831 267 1856 289 et
1870 262 2073 291 administrator.

2375 206 2414 301 plut.

1464 306 1477 326 8
1489 309 1508 328 Y
1519 307 1541 327 N
1552 308 1568 327 E
1577 308 1593 328 c
1602 308 1619 328 D
1629 300 1649 327 <3
1657 307 1673 327 c
1684 307 1704 326 H
1713 306 1739 332 E,
1752 307 1787 324 es.
1809 298 1828 324 f.
1864 297 2029 332 [συνεκδοχῆ]
2070 301 2169 335 Tropus
2183 297 2226 333 est,
2246 307 2317 334 quum
2329 308 2371 328 unc.
2390 319 2415 331 ,μ

1394 346 1408 372 5
1421 337 1504 369 pitur,
1517 338 1558 363 vel
1569 337 1722 371 intelligitur
1735 333 1851 369 aliquid:
1888 343 1944 359 nam
1958 340 1988 360 vt
2003 337 2041 360 ait
2061 335 2190 368 Quinflil.
2205 340 2228 367 8,
2244 337 2277 366 6,
2291 343 2318 367 19
2349 337 2369 364 V
2379 329 2429 367 ῼὴ

1428 369 1575 398 sennonem
1588 372 1684 406 potest,
1701 376 1729 397 vt
1741 378 1772 395 ex
1788 378 1840 395 vno
1855 368 1942 402 plures
1954 368 2142 403 intelligamus,
2163 377 2235 404 parte
2250 375 2348 403 totum,
2380 370 2406 401 ᾖ
2422 374 2428 381 “

1429 413 1516 438 genuS,
1531 406 1744 441 praecedentibus
1759 404 1909 438 sequentia,
1929 404 1971 430 vel
1987 410 2084 431 contra.
2119 405 2172 432 vid.
2190 408 2264 431 locus.
2333 405 2371 433 Do
2382 404 2404 436 ῗῖ

1429 440 1594 472 synecdoche
1609 443 1643 469 est
1656 440 1810 476 significatio
1823 439 1893 473 pleni
1907 439 2057 465 intellectus
2066 448 2143 474 capax
2152 460 2161 473 ‚
2179 449 2260 474 quum
2273 438 2404 473 3111111ῃῖἴρ

1430 479 1623 510 pronuntiatur.
1695 477 1747 503 Aut
1761 476 1833 502 enim
1847 484 1860 501 a
1873 481 1944 509 parte
1959 480 2043 501 totum
2058 474 2186 508 ostendit,
2222 482 2250 501 vt
2270 475 2341 508 Virg;
2357 478 2372 504 A
2382 471 2422 509 sss

1389 525 1417 543 10
1430 519 1481 543 403
1503 512 1654 548 Puppesque
1667 518 1736 543 tuae,
1749 511 1883 545 pubesque
1897 516 2014 536 tuorum.
2121 511 2172 536 Aut
2184 516 2274 537 contra
2288 517 2344 544 pars
2359 520 2372 539 a
2382 504 2423 545 1⁸

1430 552 1459 572 vt
1474 546 1547 573 Idem
1560 549 1651 581 Aen.1‚
1666 557 1705 580 ¹¹9
1727 546 1804 581 Ipsius
1818 553 1877 572 ante
1889 545 1979 572 oculos
1993 545 2084 580 ingens
2096 554 2111 571 a
2124 546 2221 572 vertice
2235 551 2328 580 pontus
2351 560 2357 580 .·
2383 544 2412 585 l»

1430 582 1486 616 pim
1501 583 1574 611 ferit.
1668 585 1698 610 Et
1712 584 1775 609 Aen.
1791 590 1874 613 ¹²‚119
1916 582 2079 614 Fontemque
2093 581 2233 615 ignemque
2247 579 2368 610 ferebant.
2408 584 2417 605 ὃ

1431 617 1533 644 minisse
1545 624 1630 645 autem
1645 619 1787 650 debemus,
1810 616 1915 652 quando
1929 616 1957 643 fit
1970 625 1984 642 a
1998 622 2070 650 parte
2086 622 2182 648 totum,
2196 615 2368 650 faciendumss
2387 635 2388 639 ,

1430 652 1519 686 gniori
1532 661 1614 688 parte.
1720 655 1881 680 Grammatici
1901 651 2085 684 synecdochen
2108 658 2212 682 uocant,
2231 661 2283 677 cum
2303 652 2388 678 Accu

1388 698 1413 724 ¹5
1424 692 1531 723 ponitur
1545 688 1625 722 omiffo
1634 689 1789 722 secundum,
1810 695 1839 715 υι
1854 689 1890 714 Os
1903 687 2081 721 humerosque
2098 687 2148 713 deo
2162 686 2253 713 similis
2266 693 2310 712 etc.
2386 688 2387 694 ¹

1467 729 1480 749 s
1492 731 1508 749 Y
1520 731 1541 749 N
1551 731 1567 750 E
1576 731 1592 750 c
1603 731 1624 750 Η
1634 731 1650 750 E
1660 731 1684 756 s,
1704 726 1735 751 is.
1789 723 1926 759 [συνεχὴς]
1963 724 2098 750 Continuus
2106 742 2116 755 ,
2140 722 2272 758 frequens.
2309 721 2336 748 M
2350 733 2352 745 ·

1425 759 1494 793 pella
1508 768 1524 792 9
1542 768 1565 793 p.
1580 769 1625 791 331·
2358 754 2361 760 ’

1466 801 1479 821 s
1489 801 1505 820 Y
1516 801 1536 820 N
1546 802 1562 821 E
1570 802 1587 822 c
1596 802 1616 822 u
1625 802 1646 820 v
1655 802 1676 822 N
1686 801 1708 820 T
1719 801 1736 821 Ε
1747 801 1760 821 s
1782 794 1835 822 loci
1861 794 1932 820 Vitr.
1948 802 1968 824 ς,
1982 798 2004 823 8.
2039 795 2058 818 i.
2074 792 2244 828 consonantes.
2278 792 2367 826 eumz*

1464 837 1477 857 s
1488 837 1506 856 Y
1517 836 1539 855 Ν
1552 837 1567 855 E
1578 837 1619 858 Dr.-
1633 837 1641 856 1
1653 838 1684 862 A,
1697 839 1734 857 ae.
1755 831 1774 856 f.
1811 830 1946 866 Legebatur
1961 829 2021 862 le.
2035 828 2063 854 in
2078 828 2096 854 1.
2106 836 2119 858 ι
2139 825 2282 865 §.Nauem
2302 828 2334 855 D.
2347 827 2375 855 d-

1388 878 1420 896 20
1429 865 1473 892 cit.
1506 865 1611 892 Nauem
1637 866 1755 900 accipere
1771 865 1910 897 debemus,
1929 864 1980 890 siue
1994 864 2139 895 marinam,
2157 863 2209 890 siue
2222 863 2367 890 fluuiatile

1428 901 1457 928 in
1471 901 1562 935 aliquo
1576 901 1664 936 stagno
1677 903 1793 935 nauiget‚
1807 901 1859 927 siue
1873 900 1993 933 synedria
2006 899 2045 926 fit.
2079 899 2126 926 Sed
2144 899 2196 926 uid.
2208 905 2365 926 SCHEDIA.‘

1467 943 1479 961 S
1491 944 1508 962 Y
1519 944 1539 963 N
1551 944 1566 963 E
1576 944 1593 963 D
1605 944 1619 962 R
1630 945 1639 963 1
1650 943 1669 962 V
1680 944 1721 970 M,
1743 939 1761 963 i.
1794 946 1820 963 n.
1856 934 1978 971 Conseſjus
1992 935 2120 961 iudicialis
2132 941 2154 960 ct
2170 937 2328 966 Senatorius,
2344 940 2373 962 vt
2384 947 2385 952 ¹

1428 972 1515 999 drium
1529 981 1652 1007 magnum
1667 980 1689 998 et
1703 981 1813 1006 paruum
1827 979 1865 1006 ap.
1880 972 1981 998 Iudaeos
1996 982 2004 996 :
2040 970 2069 996 de
2082 979 2127 1006 quo
2136 969 2359 1005 Selden.fingulari
2428 949 2434 998 l

1463 1013 1476 1033 S
1487 1015 1502 1033 Y
1515 1007 1562 1034 N?
1572 1014 1590 1033 D
1603 1015 1620 1034 R
1632 1014 1685 1040 VS,
1697 1008 1716 1034 ἰ.
1735 1017 1771 1034 m.
1808 1006 1948 1041 [σύνεδρος]
1983 1007 2083 1032 Latinis
2097 1005 2228 1042 Cotfi‘fflr,
2240 1004 2343 1039 aſjtffn',
2362 1006 2363 1009 “

1389 1046 1482 1080 25r1'u1
1495 1043 1598 1070 dicitur.
1649 1044 1709 1070 Liu.
1724 1053 1762 1076 45,
1778 1052 1805 1075 32
1829 1043 1878 1068 His
1893 1051 1981 1068 rerum
1996 1047 2162 1068 externarum
2176 1040 2381 1075 cognitionibus·

1428 1078 1530 1113 positis,
1554 1078 1729 1106 Macedonum
1761 1079 1848 1105 rursus
1878 1079 2033 1104 aduocatum
2070 1076 2212 1103 concilium
2225 1087 2232 1104 ε
2267 1085 2352 1112 pronu
2373 1090 2376 1099 ι

1427 1115 1499 1150 quod
1511 1114 1543 1142 ad
1556 1115 1647 1141 statum
1662 1114 1832 1141 Macedoniae
1848 1113 1994 1148 pertinebat
2008 1124 2013 1138 :
2049 1113 2185 1139 Senatores
2197 1121 2263 1147 quos
2285 1112 2354 1144 syne

1427 1157 1501 1183 cant,
1522 1150 1645 1184 legendos
1658 1151 1720 1181 esse,
1740 1159 1854 1184 quorum
1869 1149 1978 1176 consilio
1992 1150 2068 1183 Resp.
2091 1148 2326 1175 administraretur.
2362 1163 2374 1174 r

1425 1186 1520 1213 Lucan.
1531 1191 1554 1218 8,
1565 1195 1616 1219 259.
2360 1183 2368 1194 '⁵
2396 1202 2399 1208 ι

1463 1229 1476 1248 s
1485 1229 1503 1248 Y
1517 1228 1536 1246 N
1549 1228 1564 1247 E
1573 1229 1594 1248 M
1605 1228 1626 1246 Μ
1637 1228 1653 1247 E
1664 1228 1686 1247 N
1697 1225 1716 1246 o
1727 1227 1758 1251 N,
1773 1220 1791 1246 i.
1811 1229 1838 1246 n.
1874 1219 2052 1254 [συνημμένον]
2088 1220 2158 1245 Inter
2164 1218 2241 1254 fimos
2250 1217 2379 1254 refertum
2430 1237 2434 1240 ,

1426 1264 1451 1290 ς,
1465 1266 1483 1289 4
1504 1255 1663 1282 Coniunfium
1671 1257 1696 1292 s.
1710 1265 1842 1282 connexum
1857 1257 1889 1282 ad
1902 1257 2001 1281 verbum
2010 1254 2146 1290 significat.
2321 1251 2343 1290 ff
2361 1255 2385 1280 ι’

1426 1294 1462 1322 16,
1477 1297 1489 1321 8
1519 1292 1598 1324 Qtod
1618 1291 1713 1318 Graeci
1732 1294 1877 1324 συνημμένον
1898 1291 1995 1324 α’ξίωμα
2014 1291 2122 1322 dicunt,
2143 1288 2169 1315 id
2182 1288 2228 1314 alii
2241 1288 2360 1315 nostrum
2372 1292 2386 1317 tl

1428 1327 1511 1359 filum,
1526 1328 1572 1354 alii
1584 1336 1730 1353 connexum
1745 1327 1877 1354 dixerunt.
1914 1327 1943 1352 Id
1956 1334 2102 1352 connexum
2118 1325 2168 1351 tale
2184 1324 2234 1359 est,
2255 1324 2282 1351 Si
2291 1325 2386 1352 Plator
2432 1338 2434 1352 ι

1428 1363 1474 1395 lat,
1489 1363 1561 1388 Plato
1575 1369 1706 1389 mouetur.
1748 1362 1773 1388 Si
1789 1361 1844 1388 dies
1859 1361 1903 1394 est,
1918 1362 1955 1387 sol
1970 1362 2045 1395 super
2059 1366 2140 1386 terras
2153 1359 2197 1386 est.
2356 1386 2359 1388 ,
2428 1355 2434 1378 ¹

1463 1406 1475 1425 s
1485 1405 1501 1423 Y
1514 1405 1534 1424 N
1547 1405 1563 1424 E
1572 1406 1586 1424 P
1595 1405 1615 1424 H
1627 1398 1642 1423 Ε
1651 1404 1667 1424 Β
1676 1404 1695 1423 1.
1716 1406 1752 1424 m.
1772 1397 1809 1424 ΡΙ.
1845 1398 2009 1431 [συνέφηβοι]
2046 1398 2172 1422 Dicuntur
2196 1395 2366 1431 Adolescenter
2423 1410 2426 1431 1

1425 1433 1585 1469 pubefi-entcs.
1623 1432 1695 1468 Quod
1709 1442 1792 1459 nomen
1806 1432 1912 1458 inditum
1925 1435 1956 1464 ψ
1970 1432 2102 1458 comoediae
2116 1431 2191 1458 Statii
2208 1431 2327 1458 Caecilii.
2424 1438 2425 1442 ¹

1427 1469 1459 1495 de
1494 1469 1584 1496 Finib.
1618 1478 1627 1495 ι
1666 1468 1834 1502 Synephebos
1869 1477 1918 1502 ego
1951 1468 2058 1502 inquit,
2087 1466 2175 1501 potius
2200 1467 2312 1493 Caecilii
2325 1487 2334 1500 ,
2349 1470 2364 1503 ρ’
2376 1482 2378 1492 2

1426 1505 1512 1531 driam
1527 1505 1672 1536 Terentii,
1688 1512 1766 1536 quam
1778 1510 1915 1539 Vtramque
1932 1503 2072 1530 Menandri
2094 1502 2200 1537 legam?
2306 1503 2380 1540 Confi
2423 1495 2426 1527 l

1426 1541 1457 1567 de
1488 1542 1551 1575 Opt.
1581 1541 1648 1566 Gen.
1674 1540 1749 1567 Orat.
1781 1548 1804 1567 e.
1835 1542 1859 1565 6.
1966 1539 2012 1565 Ait
2024 1538 2119 1566 Statius
2133 1539 2161 1564 in
2171 1537 2332 1573 Synephebis
2360 1535 2397 1576 §J
2425 1561 2434 1588 ᾖ

1465 1618 1478 1638 s
1490 1618 1585 1638 YNEP
1597 1612 1737 1643 Hf'rES,
1757 1616 1802 1637 aut
1822 1616 1925 1637 SYNN
1937 1616 1953 1636 r
1967 1610 2329 1644 ru1TEs,is.m.[avmtpl
2382 1633 2386 1646 ‚
2408 1589 2434 1623 ¹

1424 1657 1464 1674 ma
1482 1646 1515 1680 cst
1529 1647 1602 1674 lab'l'ei
1615 1648 1715 1678 coloris,
1727 1647 1777 1672 alio
1788 1649 1883 1672 nomine
1899 1644 2046 1673 Galab'lites.
2100 1647 2165 1672 Plin.
2180 1654 2219 1680 37,
2233 1655 2261 1672 10
2281 1647 2313 1672 G
2332 1637 2408 1681 31
2424 1647 2432 1667 ·'

1424 1692 1479 1709 vno
1493 1683 1584 1709 colore
1598 1682 1672 1709 laetis
1691 1682 1743 1714 est,
1763 1681 1871 1707 eandem
1886 1681 1975 1708 dicunt
1995 1683 2173 1716 Leucogeam,
2194 1688 2220 1708 et
2232 1681 2378 1708 Leucoww‘
2403 1692 2405 1694 ·
2424 1682 2432 1703 ἶ

1425 1718 1564 1752 Appellant
1577 1725 1601 1743 et
1615 1717 1784 1750 Synephiten,
1796 1717 1871 1743 laeiis
1884 1719 1958 1743 succo
1972 1724 1997 1744 et
2011 1718 2102 1752 sapore
2122 1717 2279 1744 notabilem.
2402 1719 2404 1722 “

1382 1235 1413 1258 30

1384 1406 1412 1431 33

319 1756 378 1775 cant
394 1759 399 1774 :
435 1748 503 1783 apud
517 1748 630 1775 Graecos
644 1757 741 1774 nomen
755 1756 834 1784 prout
848 1749 943 1783 species
957 1748 1001 1775 est.
1037 1747 1172 1774 Interdum
1186 1747 1255 1773 enim
1275 1754 1361 1786 neque
1371 1758 1405 1784 45
1423 1753 1489 1789 apud
1502 1755 1607 1779 Graeco,-
1618 1753 1727 1779 „ubuum
1734 1752 1873 1787 Ἀμφὶ-αι,

318 1784 403 1811 rubor
417 1792 501 1819 neque
516 1790 606 1811 tumor
619 1784 687 1811 vllus
702 1790 824 1819 apparet,
844 1785 886 1810 sed
902 1793 996 1819 corpus
1010 1783 1114 1810 aridum
1129 1783 1174 1815 est,
1192 1783 1238 1808 vix
1254 1782 1361 1816 spiritus

320 1819 448 1850 trahitur,
469 1819 586 1846 membra
617 1820 772 1853 soluuntur‚
791 1820 817 1846 id
852 1819 974 1853 cordyxnv
1004 1826 1108 1845 vocant.
1144 1818 1295 1850 Interdum,
1315 1823 1362 1843 etc.

324 1855 383 1882 Vid.
397 1855 474 1889 Apul.
489 1854 521 1881 de
535 1854 618 1882 Herb.
633 1865 654 1882 c.
669 1864 706 1888 29.
811 1855 879 1882 Gell.
895 1864 925 1886 ιι,
941 1864 957 1888 9
986 1862 1076 1881 narrat
1109 1863 1137 1880 ex
1167 1854 1287 1883 Critolao,
1313 1854 1361 1878 De-

317 1890 462 1923 mosthenem
481 1900 496 1916 a
520 1890 628 1923 Milefiis
651 1892 753 1927 Legatis
772 1897 926 1925 corruptum,
946 1899 974 1916 ne
988 1896 1076 1916 contra
1090 1890 1147 1914 illos
1162 1889 1270 1917 diceret,
1291 1888 1362 1913 Lana

317 1926 400 1953 multa
412 1926 510 1951 collum
523 1926 691 1960 ceruicesque
706 1926 927 1952 circumuolutum
941 1924 973 1951 ad
987 1925 1114 1959 populum
1134 1923 1262 1959 prodisse,
1281 1928 1307 1948 et
1323 1922 1362 1948 di-

317 1962 396 1990 xiffe,
416 1961 441 1987 se
452 1960 575 1993 συνέγχην
588 1961 641 1995 pati
658 1971 664 1985 :
700 1969 732 1986 eo
746 1966 836 1986 contra
850 1960 967 1986 Milesios
981 1960 1055 1994 loqui
1070 1968 1124 1985 non
1145 1959 1223 1992 quire
1237 1968 1242 1983 z
1278 1963 1335 1984 tum
1348 1966 1363 1983 e

317 1996 417 2032 populo
430 2004 511 2021 vnum
526 1995 676 2023 exclamasse
689 2014 698 2028 ‚
734 1995 797 2022 Non
809 1995 932 2028 ovvdyxnv
942 2015 951 2028 ,
968 1995 1039 2030 quod
1055 1994 1241 2021 Demosthenes
1264 1999 1363 2027 patere-

317 2039 361 2061 tur
370 2051 378 2064 ‚
396 2030 439 2057 sed
452 2031 612 2066 α’ργνροίγχην
625 2032 683 2063 esse,
691 2030 759 2066 quast
772 2038 798 2057 tu
811 2031 881 2057 dicas
893 2034 1011 2066 anginam
1023 2031 1053 2057 ab
1064 2037 1167 2066 argento
1181 2037 1270 2056 ortam.

354 2073 366 2092 s
377 2073 395 2092 Y
405 2073 426 2092 N
435 2073 457 2093 A
466 2074 487 2092 N
496 2073 512 2093 c
523 2072 588 2092 HIC
597 2073 618 2092 v
629 2073 655 2098 s,
670 2075 694 2098 a,
717 2075 770 2093 um.
810 2066 870 2093 Adi.
924 2066 1003 2094 Paffio
1041 2067 1118 2100 Apul.
1132 2065 1165 2092 de
1179 2064 1261 2093 Herb.
1275 2073 1296 2090 c.
1309 2072 1364 2096 109.

315 2101 490 2135 Synanchicos
503 2100 607 2129 efficere
626 2102 736 2129 Theod.
752 2102 874 2128 Priscian.
889 2110 907 2132 1,
920 2111 954 2133 ¹7.

354 2145 394 2165 SY
403 2145 485 2165 NAT
494 2145 514 2164 H
526 2143 545 2163 R
556 2144 600 2165 οε
609 2144 622 2164 S
631 2145 655 2164 M
666 2144 686 2163 v
700 2143 725 2170 s,
738 2138 757 2164 i.
775 2147 811 2164 m.
848 2136 1055 2173 [ourufi’poto'uo's]
1096 2138 1199 2172 Figura,
1206 2145 1265 2172 quae
1278 2142 1301 2162 et
1315 2134 1363 2161 sin-

315 2174 384 2208 gulis
399 2173 498 2206 verbis,
511 2179 537 2200 et
552 2173 669 2207 plurium
684 2173 831 2200 verborum
846 2172 1036 2199 coniunffione
1051 2173 1109 2199 fleri
1122 2172 1214 2207 potest.
1270 2172 1363 2205 Singu-

316 2210 359 2241 lis,
372 2209 421 2236 hoc
437 2209 533 2240 modo,
551 2208 599 2235 Sed
618 2218 699 2244 quum
717 2209 749 2235 ad
772 2209 929 2243 supplicium
956 2207 1108 2234 sumendum
1135 2209 1165 2239 s'e¹
1182 2206 1362 2239 confirmaret,

315 2245 400 2272 multa
415 2244 490 2271 simul
505 2253 566 2271 eum
580 2244 740 2272 reuocabant
754 2243 852 2277 officia,
872 2244 1033 2271 consuetudo
1045 2264 1053 2276 ,
1071 2250 1184 2278 tempus,
1193 2242 1364 2274 existimatio,

315 2281 474 2317 periculum,
488 2280 584 2314 religio
599 2291 605 2307 :
641 2289 708 2316 quae
734 2280 832 2315 singula
851 2280 970 2315 proprias
992 2280 1017 2306 ei
1037 2280 1209 2314 cogitationes
1228 2279 1258 2305 ad
1274 2287 1361 2304 remo-
1379 2291 1414 2316 60
1427 2285 1552 2317 Cybimm
1566 2293 1626 2310 cum
1639 2283 1761 2310 inanibus
1775 2282 1927 2317 syngraphis
1941 2290 2057 2310 venerat,

316 2316 429 2345 randum
444 2315 627 2343 subiiciebant.
662 2331 707 2336 —
742 2317 859 2343 Plurium
876 2316 1019 2343 verborum
1034 2316 1236 2342 coniunctione:
1271 2315 1361 2341 Nemo

318 2353 390 2378 enim
405 2360 500 2378 nocens
514 2351 565 2377 sine
579 2352 681 2377 summo
696 2360 818 2378 moerore
837 2352 881 2383 est,
904 2352 1016 2387 ludices,
1038 2351 1079 2378 sed
1099 2351 1181 2377 multa
1207 2349 1280 2375 simul
1301 2358 1362 2376 eum

317 2387 479 2423 perturbant,
492 2388 564 2421 quod
576 2386 655 2419 adest,
669 2387 845 2414 solicitudinis
859 2389 963 2422 plenum
978 2398 986 2418 3
1023 2387 1094 2421 quod
1107 2387 1228 2412 futurum
1243 2386 1294 2418 est,
1309 2386 1363 2412 for-

316 2423 477 2450 midolosum
491 2433 496 2448 :
534 2423 574 2449 lex
589 2430 706 2456 paratum
721 2423 879 2456 supplicium
892 2423 1021 2448 ostentans
1038 2433 1043 2447 z
1079 2423 1144 2448 vitia
1158 2430 1189 2447 ex
1210 2421 1284 2446 vitiis
1305 2429 1362 2446 coa-

316 2458 367 2492 &a‚
381 2458 540 2485 occasionem
553 2458 681 2492 arguendi
693 2458 817 2483 maleficii
832 2463 936 2491 captans
951 2457 1088 2482 inimicus:
1115 2464 1181 2489 quae
1196 2455 1362 2488 quotidiana,

316 2494 487 2522 vehementer
501 2493 557 2519 eius
571 2493 689 2519 animum
704 2493 864 2519 excruciant.
903 2493 938 2518 Ex
953 2491 1058 2517 Rutilio
1073 2491 1149 2524 Lupo
1160 2498 1178 2520 1,
1188 2497 1206 2514 1.

355 2535 369 2556 S
382 2537 427 2556 YN
440 2534 457 2555 C
468 2535 484 2555 E
493 2535 511 2554 R
520 2535 541 2555 A
553 2535 566 2554 s
579 2535 601 2554 T
611 2535 631 2554 v
642 2535 675 2560 M,
690 2528 707 2554 i.
729 2536 754 2553 n.
787 2527 967 2561 [συγκερκςδν]
1003 2525 1078 2560 Qflfi
1090 2532 1116 2551 tu
1135 2523 1303 2550 commistum
1323 2522 1361 2548 cli-

316 2574 369 2596 cas,
383 2567 422 2590 ita
436 2565 546 2599 explicat
563 2565 648 2590 Varro
663 2563 693 2590 de
708 2563 738 2589 L.
753 2563 782 2589 L.
797 2565 823 2594 6,
839 2571 850 2594 3
867 2570 976 2597 p-75137
995 2563 1025 2588 In
1040 2561 1159 2595 Phagone
1173 2559 1293 2591 (Plauti)
1308 2559 1362 2583 Ho-

317 2609 365 2627 nos
379 2599 530 2632 Syncerasto
542 2599 632 2633 periit.
704 2598 872 2630 Synceraston
886 2598 921 2624 est
935 2606 1014 2623 omne
1027 2597 1146 2623 edulium
1159 2595 1270 2629 antiquo
1288 2602 1363 2620 voca.

316 2635 383 2663 bulo
398 2636 509 2661 Graeco.

316 2670 481 2704 Syncerastus
494 2667 528 2701 est
540 2672 615 2695 etiam
628 2670 800 2704 nomcnfi’rui,
816 2673 885 2695 cuius
901 2669 1019 2703 occasione
1033 2672 1104 2694 etiam
1118 2667 1146 2693 dc
1160 2665 1250 2692 edulio
1264 2675 1295 2690 an
1308 2673 1362 2690 me-

317 2707 406 2734 dullio
424 2705 574 2738 Syncerasto
592 2705 720 2740 disputant
739 2709 794 2731 viri
811 2703 880 2731 doaz·
892 2705 926 2731 ad
938 2704 1050 2731 Poenuli
1065 2713 1088 2735 ⁴,
1103 2712 1123 2734 2,
1135 2705 1171 2734 64
1187 2702 1324 2727 Continuo
1340 2700 1362 2726 is

317 2752 361 2770 me
373 2750 405 2768 ex
419 2740 569 2773 Syncerasto
582 2739 769 2774 crurifragium
783 2740 885 2767 fecerit.
989 2741 1058 2775 Qin
1070 2741 1143 2765 etiam
1152 2735 1364 2769 Exsyncerastum

317 2778 376 2806 hinc
396 2777 547 2813 exsculpunt,
561 2775 590 2802 de
600 2785 645 2811 quo
659 2775 684 2802 h.
699 2786 725 2802 υ.

355 2819 584 2844 SYNchvs,
608 2811 663 2838 vid.
683 2817 896 2838 SINCERvs.

357 2855 370 2875 s
384 2855 403 2874 Y
413 2853 461 2876 Nc
471 2854 490 2874 Η
500 2854 547 2874 Ro
557 2854 577 2873 N
587 2854 607 2874 V
621 2853 647 2879 S,
661 2855 685 2879 a,
701 2856 755 2874 um.
779 2847 839 2873 Adi.
875 2845 1022 2880 [σύγχρονος
1042 2845 1164 2872 Coaeuus
1186 2843 1245 2869 Vet.
1265 2841 1362 2874 Gloffi]

317 2885 544 2919 Contemporaneos.
597 2882 667 2910 Vnde
675 2882 770 2918 scribit
783 2883 895 2908 Hieron.
939 2884 1036 2908 Ozeam
1051 2880 1205 2916 prophetam
1220 2879 1294 2905 fuisse
1308 2878 1364 2909 syn-

317 2920 446 2948 chronum
462 2919 551 2945 Isaiae.
659 2919 689 2944 Et
699 2918 801 2950 Varro,
813 2927 866 2944 cum
879 2921 933 2949 ait,
971 2937 978 2943 .
1017 2937 1023 2943 .
1059 2936 1065 2941 .
1104 2916 1167 2942 Non
1181 2916 1229 2941 esse
1243 2913 1364 2943 dubium,

319 2956 384 2990 quin
402 2955 495 2989 aliquo
515 2960 634 2987 tempore
651 2953 749 2987 eodem,
762 2953 881 2980 vixerint
900 2953 1033 2979 Homerus
1047 2958 1072 2978 et
1085 2951 1228 2982 Hesiodus,
1249 2959 1293 2977 eos
1307 2951 1363 2981 syn-

317 2991 433 3018 chronos
446 2990 521 3016 fuisse
534 2989 649 3015 testatur.

355 3033 368 3053 s
378 3034 396 3053 Y
405 3033 425 3052 N
436 3032 453 3052 c
463 3032 484 3052 1-1
493 3032 512 3052 R
521 3029 542 3051 o
554 3031 576 3050 N
590 3030 599 3049 1
614 3030 627 3050 s
639 3030 663 3050 M
674 3031 694 3051 v
705 3029 730 3055 s,
746 3023 763 3051 i.
792 3032 828 3050 m.
865 3024 956 3050 Graece
969 3024 1062 3059 legitur
1074 3030 1114 3059 ap.
1134 3023 1204 3049 Gell.
1220 3030 1254 3054 17,
1268 3029 1307 3048 21.
1342 3022 1361 3046 i.

316 3065 435 3097 temporis
449 3062 618 3087 conuenientia
630 3066 654 3086 et
672 3059 812 3093 concurfiu.

357 3103 370 3123 S
380 3105 398 3124 Y
408 3104 429 3123 N
438 3102 454 3123 C
466 3103 485 3123 Η
497 3097 515 3122 Y
527 3102 540 3122 S
552 3104 561 3123 1
572 3101 600 3127 S,
614 3096 644 3121 is.
663 3095 683 3122 f.
718 3094 875 3129 [σύγχυσις]
911 3093 1036 3129 Confusio.
1073 3093 1113 3119 Est
1127 3093 1213 3123 enim,
1230 3098 1259 3119 vt
1270 3090 1365 3127 scribit

318 3133 438 3160 Donatus
451 3131 615 3166 hyperbaton
626 3130 744 3165 Vndique
757 3130 912 3162 confusum,
930 3136 957 3156 vt
972 3129 1039 3155 illud
1053 3129 1127 3163 Virg.
1142 3131 1280 3160 Aen.t,112
1294 3128 1366 3153 Tres

320 3169 410 3196 Notus
433 3167 553 3202 abreptas
572 3167 600 3193 in
623 3167 682 3193 saxa
703 3167 811 3193 latentia
836 3171 944 3200 torquet
959 3176 964 3191 ε
1001 3166 1064 3192 Saxa
1086 3170 1179 3190 vocant
1200 3163 1259 3189 Itali
1274 3163 1367 3189 mediis

321 3213 389 3238 quae
404 3203 434 3230 in
448 3203 573 3229 fluetibus
587 3211 653 3229 aras.
725 3200 767 3234 Est
781 3209 861 3228 autem
876 3202 918 3228 hic
930 3200 999 3228 ordo.
1071 3200 1143 3226 Tres
1157 3208 1235 3226 naues
1250 3198 1369 3232 abreptas

321 3239 411 3267 Notus
425 3244 532 3273 torquet
543 3238 572 3265 in
588 3238 647 3264 saxa
660 3249 666 3263 :
701 3245 768 3271 quae
781 3238 840 3264 saxa
854 3237 882 3263 in
898 3237 994 3263 mediis
1013 3235 1138 3263 fluetibus
1160 3235 1284 3266 latentia,
1308 3234 1368 3261 itali

319 3280 417 3302 vocant
430 3283 494 3301 araS.
856 3301 864 3304 μ

359 3318 430 3338 ςγΝ
440 3308 552 3342 οόΡΑ,
566 3307 592 3343 fi
617 3314 658 3333 SY
668 3313 690 3333 N
704 3312 721 3334 c
733 3313 812 3339 orr,
825 3316 863 3334 ae.
885 3307 905 3334 f.
943 3306 1087 3342 [συγκοπῆ]
1122 3305 1230 3339 Concifio
1242 3316 1250 3331 :
1286 3304 1368 3330 κόπτω

323 3348 386 3371 enim
403 3344 629 3380 incidofignificat.
668 3343 760 3378 Figura
774 3341 817 3376 esi,
831 3352 904 3378 quum
917 3344 991 3369 litera
1007 3342 1151 3378 velsyllaba
1164 3352 1174 3367 e
1187 3341 1263 3367 medio
1278 3339 1367 3366 dtflto-

324 3383 364 3406 m's
378 3382 476 3407 tollitur
492 3391 500 3406 .·
535 3386 581 3411 vt,
600 3378 703 3406 Charis.
715 3387 733 3411 4
747 3387 770 3412 p.
785 3383 835 3412 248
847 3384 912 3404 extr.
938 3378 1043 3410 συγκοπῆ
1057 3378 1102 3410 est,
1121 3387 1180 3403 cum
1194 3376 1296 3403 mediae
1311 3385 1366 3411 par-

325 3415 346 3475 ῗὶί
359 3414 484 3443 ἀὶὸἴίοιιίε
497 3415 600 3451 aliquid
613 3413 786 3445 subducitur,
802 3421 830 3439 ot
845 3413 973 3440 Exstinxti
993 3421 1017 3440 te
1037 3422 1131 3448 meque
1146 3414 1237 3446 soror,
1257 3421 1306 3447 pro
1325 3420 1368 3438 ex-

349 3450 446 3477 inxissi.

326 3486 395 3511 velut
407 3486 568 3512 interciditur
586 3491 731 3512 commeatur
743 3486 784 3511 itte
790 3484 911 3520 spiritus.

363 3527 376 3547 s
386 3528 404 3546 Y
416 3526 435 3544 N
447 3527 464 3547 c
473 3527 491 3546 0
500 3527 514 3545 r
523 3528 552 3553 0,
566 3525 620 3547 are.
655 3519 764 3556 Deficere
776 3523 865 3547 animo.

323 3554 362 3583 rit
377 3557 469 3589 Veget.
485 3556 560 3582 deRe
572 3557 659 3582 Veter.
675 3566 692 3588 ι,
710 3558 748 3588 36.

363 3597 376 3618 s
385 3599 404 3618 Y
413 3598 433 3617 N
443 3597 460 3617 c
470 3597 488 3615 o
498 3597 512 3615 P
522 3598 542 3617 A
554 3597 575 3616 τ
588 3598 640 3623 vs,
653 3600 677 3623 a,
690 3601 743 3617 um.
798 3592 889 3625 Veget.
903 3590 970 3617 ibid.
985 3598 1004 3620 1,
1021 3597 1056 3622 ς3.

362 3632 376 3653 8
387 3633 404 3653 Y
415 3633 437 3652 N
450 3632 466 3652 c
477 3632 494 3650 R
504 3624 536 3651 is
546 3633 554 3651 1
564 3633 586 3657 s,
596 3627 624 3653 is.
633 3627 655 3666 f.
668 3627 824 3662 [σύγκρισις]
836 3627 884 3660 litte
897 3626 1046 3653 Antithesis.
1067 3626 1221 3661 Comparatio
1235 3634 1318 3651 rerum
1331 3630 1369 3650 at-

324 3671 372 3698 que
382 3661 540 3698 personarum
561 3664 625 3687 inter
632 3664 660 3696 Je
673 3666 863 3689 contrariarum.
932 3662 989 3689 Cic.
999 3670 1051 3696 pro
1063 3662 1183 3687 Muraen.
1197 3666 1236 3692 (22
1252 3664 1307 3692 cas)
1322 3660 1367 3686 Vi-

326 3697 391 3729 gilas
416 3704 445 3724 tu
472 3696 503 3723 de
521 3696 613 3728 nodie,
629 3703 654 3722 vt
670 3699 720 3723 tuis
734 3697 928 3724 consultoribus
942 3697 1096 3731 respondeas
1106 3717 1114 3729 ,
1135 3696 1180 3722 ille
1191 3716 1199 3728 ,
1224 3702 1250 3723 vt
1265 3705 1297 3722 eo
1312 3704 1366 3730 quo
1374 3709 1420 3728 100
1429 3710 1496 3729 mus,

326 3732 440 3759 intendit
466 3738 567 3758 mature
590 3740 649 3757 cum
672 3733 788 3758 exercitu
813 3734 961 3767 perueniat,
974 3740 1019 3759 etc.
1137 3734 1198 3758 Item
1211 3733 1285 3759 Verr.
1301 3740 1321 3763 ι,
1335 3739 1367 3763 70

325 3767 375 3794 Iste
397 3768 481 3794 multo
504 3766 653 3793 sceleratior
670 3774 694 3793 ct
709 3769 823 3801 nequior
836 3769 968 3803 quantille
983 3767 1121 3800 Adrianus,
1135 3767 1272 3802 aliquanto
1283 3767 1364 3793 etiam

324 3802 430 3829 felicior
441 3804 503 3835 fnit,
516 3810 561 3829 etc.
596 3801 680 3828 Iulius
699 3803 853 3831 Rufinianus
867 3814 890 3839 p.
906 3813 936 3837 :9
952 3805 1021 3831 Pith.

364 3844 377 3863 s
389 3845 405 3863 Y
416 3846 436 3864 N
448 3840 510 3864 Dic
521 3845 542 3864 v
552 3843 575 3869 S,
589 3837 608 3864 i.
626 3846 660 3864 m.
697 3837 833 3872 [συνδικης]
869 3839 1023 3866 Adnotatum
1046 3841 1073 3865 in
1095 3837 1188 3865 iudicio
1212 3838 1246 3866 ad
1265 3837 1365 3864 uerbum

316 3871 456 3910 fignificat.
493 3872 539 3900 Sed
551 3877 588 3898 ita
601 3879 691 3899 uocant
703 3872 809 3899 aHorem
823 3875 1003 3907 uniuersitatis,
1009 3876 1115 3911 collegii,
1123 3874 1253 3913 societatis
1265 3881 1310 3902 eto.
1331 3879 1363 3899 vt
1373 3885 1416 3911 ¹03
1426 3877 1514 3905 insons
1527 3876 1634 3904 Fortun,
1650 3877 1728 3904 Mart.
1741 3885 1770 3909 4,
1782 3881 1833 3908 385.

323 3908 340 3934 l.
356 3917 363 3935 1
379 3907 401 3946 §.
418 3917 438 3935 1.
473 3912 503 3934 it.
518 3908 534 3936 l.
548 3911 563 3934 6
576 3907 599 3943 ᾗ.
615 3917 624 3934 ι
637 3915 661 3935 et
673 3916 685 3940 3
704 3908 736 3934 D.
750 3909 823 3943 quod
841 3910 967 3944 cuiusque
990 3909 1166 3937 vniuersitatis
1185 3910 1286 3939 nomin.
1324 3912 1360 3939 11·

617 2635 658 2661 Sic
677 2634 742 2661 Scal.
778 2635 835 2660 Alii
849 2640 898 2669 pro
923 2633 1062 2665 edulium,
1083 2632 1171 2659 habent
1195 2630 1362 2659 medullium,
1379 2635 1508 2669 'yoleffi-ra
1527 2641 1680 2661 commeatu„

682 3458 694 3476 2
729 3451 871 3484 Deliquium
885 3452 964 3475 animi
975 3459 991 3475 a
1004 3449 1106 3476 medicis
1117 3452 1155 3476 ita
1170 3455 1284 3481 vocatur,
1304 3447 1369 3483 quod

920 3519 946 3545 Si
965 3519 1037 3553 quod
1050 3519 1199 3546 iumentum
1213 3520 1370 3553 syncopaue-

1462 1796 1501 1815 SY
1512 1794 1533 1814 Ν
1546 1795 1584 1815 Es
1595 1796 1604 1814 1
1617 1794 1643 1819 S,
1658 1789 1688 1814 is.
1710 1788 1729 1815 f.
1766 1787 1889 1822 [σύνεσις]
1926 1786 1995 1813 Aeon
2015 1787 2145 1813 Valentini
2158 1798 2166 1812 .-
2201 1787 2319 1814 Tei-tull.
2338 1785 2367 1814 ad
2380 1800 2381 1805 ¹

1425 1825 1488 1851 lent.
1505 1833 1526 1850 c.
1538 1828 1561 1854 8.
1596 1827 1626 1850 it.
1639 1824 1731 1859 Figura
1742 1823 1918 1854 Grammatico,
1932 1831 1985 1848 cum
1998 1821 2032 1848 ad
2044 1821 2207 1849 intelleCmm
2216 1843 2224 1854 ,
2243 1823 2321 1857 (nam
2334 1822 2380 1850 boc¹

1423 1860 1483 1894 ficar
1496 1859 1605 1893 σύνεσις)
1625 1869 1673 1884 non
1685 1858 1718 1884 ad
1729 1861 1798 1885 vocis
1819 1861 1940 1885 rationem
1957 1858 2151 1884 Grammaticam
2176 1859 2287 1894 refertur
2310 1856 2388 1892 constrv

1429 1894 1486 1921 Vid.
1513 1900 1707 1921 SYNTHEsm.

1464 1929 1771 1960 SYNGRAPHA,ae.
1793 1928 1812 1953 f.
1849 1934 1872 1954 et
1893 1925 2178 1962 sYNGRXPHvs,
2195 1929 2214 1955 i.
2233 1939 2268 1957 m.
2305 1929 2347 1956 vel
2361 1934 2374 1954 s

1428 1970 1449 1991 G
1459 1972 1478 1990 R
1488 1963 1528 1990 KP
1537 1971 1557 1990 H
1569 1969 1588 1988 V
1600 1971 1635 1996 Μ,
1650 1964 1667 1990 i.
1688 1973 1714 1990 n.
1751 1962 1913 1998 [συνγραφή]
1949 1963 2090 1997 Scriptura,
2095 1963 2149 1997 flue
2156 1965 2284 2000 schedula,
2292 1965 2379 1991 libellu-

1422 2007 1503 2035 ptum,
1516 1999 1579 2034 quod
1589 1999 1626 2034 fic
1640 2010 1712 2025 manu
1727 2008 1817 2031 eorum,
1825 2001 1868 2033 qui
1877 1998 2039 2033 paciscuntur
2051 2001 2078 2024 in
2092 2002 2197 2026 alicuiut
2209 2000 2336 2036 rcifidem.

1426 2035 1576 2070 Syngrapha
1590 2034 1623 2067 est
1634 2039 1715 2062 cautio
1728 2041 1751 2060 et
1767 2035 1916 2069 conscriptio
1930 2033 1958 2060 ob
1971 2035 2112 2061 locationem
2117 2035 2196 2070 saHa
2209 2046 2218 2061 .·
2237 2043 2266 2062 tt
2279 2042 2303 2062 et
2319 2042 2380 2062 cona

1426 2080 1516 2097 merces
1529 2074 1556 2096 in
1569 2078 1624 2096 roto
1635 2070 1682 2103 lit,
1702 2077 1725 2096 et
1737 2071 1845 2096 locatori
1856 2076 1952 2095 cautum
1962 2069 1996 2102 fit
2008 2079 2023 2095 a
2036 2070 2167 2097 redemtore
2180 2078 2203 2097 et
2214 2070 2360 2097 conduflore
2378 2089 2380 2094 ν

1382 2116 1411 2142 ςς
1427 2106 1509 2133 Plaut.
1523 2105 1592 2132 Asin.
1605 2114 1633 2138 4,
1649 2115 1668 2138 ι,
1684 2115 1693 2131 ι
1714 2105 1833 2139 Agedum
1859 2104 1936 2131 istum
1958 2104 2079 2138 ostende,
2098 2115 2177 2140 quem
2203 2105 2338 2141 conscripsi
2361 2106 2380 2138 s)

1425 2142 1507 2177 phum
1523 2142 1592 2168 inter
1605 2151 1646 2167 me
1661 2147 1685 2167 et
1699 2142 1809 2167 amicam
1821 2146 1846 2166 et
1858 2140 1944 2166 lenam
1958 2150 1963 2165 ι
1999 2141 2070 2176 leges
2082 2141 2191 2177 pellege.
2288 2143 2318 2168 Et
2331 2151 2354 2170 v.
2369 2151 2380 2175 5

1426 2184 1482 2205 tum
1499 2177 1672 2211 syngraphum
1696 2177 1778 2202 Plaut.
1873 2175 1942 2202 Add.
1957 2175 2021 2202 ibid.
2039 2185 2059 2209 t,
2074 2186 2093 2209 3,
2101 2182 2136 2209 83.
2253 2177 2308 2204 Cic.
2325 2178 2407 2204 Fam.¹

1426 2214 1571 2248 Tanquam
1583 2214 1654 2238 enim
1668 2211 1839 2247 syngrapham
1854 2212 1885 2238 ad
1901 2213 2098 2245 imperatorem,
2117 2221 2170 2239 non
2182 2212 2317 2248 epistolam
2330 2218 2380 2241 artu

1427 2249 1459 2275 sic
1474 2249 1584 2283 pecunia
1598 2248 1698 2278 ablata,
1716 2248 1825 2274 domum
1838 2246 1926 2273 redire
1941 2248 2107 2282 properabas.
2213 2248 2287 2275 Idem
2303 2250 2371 2276 Verr.
2398 2246 2408 2268 “-
2426 2250 2428 2255 “

2173 2285 2257 2319 Agere
2270 2294 2302 2311 ex
2313 2285 2380 2321 syngr
2394 2290 2409 2312 ι]

1425 2321 1480 2348 vid.
1504 2327 1581 2347 AGO.
1689 2320 1731 2345 Ius
1745 2328 1776 2345 ex
1791 2318 1934 2353 syngrapha
1946 2319 2042 2345 Dicere
2065 2319 2122 2345 Cic.
2138 2319 2189 2347 Att.
2203 2322 2229 2352 6,
2249 2328 2273 2347 2.
2431 2323 2434 2326 ⁴

1426 2357 1479 2383 lare
1493 2365 1524 2382 ex
1539 2355 1683 2390 syngrapha
1701 2355 1775 2381 Idem
1789 2354 1855 2380 ibid.
1869 2363 1892 2386 5,
1908 2363 1939 2381 21.
2034 2354 2210 2381 Conscribere
2228 2357 2342 2390 syngrav
2396 2353 2398 2378 ἶ

1427 2398 1612 2419 εοκεεκιευ.
1719 2391 1773 2418 Cic.
1788 2389 1819 2415 de
1834 2390 1927 2424 Arusp.
1940 2390 2016 2424 Resp.
2030 2398 2064 2416 20
2077 2399 2099 2416 c.
2115 2399 2137 2422 ¹3
2173 2391 2291 2418 Alterum
2314 2404 2318 2414 ι

1427 2436 1495 2461 gem,
1510 2427 1527 2453 si
1543 2426 1665 2453 habuerit
1677 2427 1747 2452 vnde
1761 2425 1810 2452 tibi
1824 2425 1916 2457 soluat,
1936 2425 2007 2459 quod
2020 2426 2046 2452 ei
2065 2434 2111 2459 per
2135 2427 2276 2461 syngrapha
2295 2441 2299 2452 ·

1381 2464 1411 2495 65
1425 2464 1519 2488 Facere
1533 2462 1688 2495 syngraphas
1703 2471 1762 2488 cum
1775 2461 1906 2494 aliquibus
1926 2462 1981 2489 Cic.
1996 2469 2044 2495 pro
2057 2462 2145 2487 Domo
2162 2471 2204 2489 120
2217 2472 2286 2490 (‘.50.

1426 2497 1518 2528 Arusp.
1534 2497 1610 2529 Resp.
1629 2505 1666 2526 ³4·
1783 2495 1932 2529 Syngrapha
1952 2497 1993 2523 HS
2013 2497 2109 2523 centies
2151 2498 2207 2524 Cic.
2227 2498 2293 2525 Phil.
2305 2486 2328 2532 35ss
2337 2492 2356 2524 ,ιι
2383 2502 2419 2530 ³⁷.

1425 2528 1446 2565 fl
1468 2538 1480 2555 2
1516 2529 1596 2555 Plaut.
1613 2530 1686 2561 Capt.
1700 2537 1725 2559 2,
1738 2537 1761 2559 3,
1776 2538 1810 2560 90
1848 2531 1945 2556 Eadem
1972 2540 2052 2563 opera
2073 2540 2086 2557 a
2106 2533 2228 2560 Praetore
2247 2535 2410 2566 sutriam,r¹‘

1425 2565 1515 2599 phum.
1557 2570 1617 2590 TY.
1640 2565 1726 2597 Qicm
1742 2563 1938 2596 Syngraphum?
1977 2571 2028 2589 ΗΕ,
2047 2567 2134 2597 Qiem
2151 2567 2192 2592 hic
2210 2569 2277 2594 ferat
2292 2570 2377 2594 secum*
2390 2582 2392 2585 -

1425 2600 1548 2634 gionem,
1569 2599 1628 2625 hine
1659 2600 1699 2624 ire
1730 2598 1792 2624 huic
1811 2605 1838 2625 vt
1870 2598 1946 2624 liceat
1979 2598 2096 2624 domum.
2170 2602 2232 2627 Sunt
2248 2612 2306 2637 ergo
2324 2604 2386 2628 liter<

1384 1936 1417 1963 50

1461 2670 1712 2702 εΥΝΝλῡΑ,ειο.
1726 2668 1747 2694 f.
1793 2674 2007 2700 SYNNADA,
2022 2676 2108 2695 orum.
2127 2677 2152 2694 n.
2168 2668 2205 2695 Pl.
2242 2675 2265 2696 et
2286 2676 2299 2696 s
2315 2676 2387 2697 YNa
2401 2661 2409 2700 l*

1426 2706 1489 2732 adis.
1506 2706 1525 2732 f.
1568 2705 1631 2731 Vrbs
1648 2705 1782 2739 Phrygiae,
1793 2703 1821 2730 de
1835 2713 1881 2739 qua
1897 2703 1960 2730 Plin.
1978 2712 2013 2735 29,
2026 2712 2035 2730 t
2060 2704 2133 2730 Alter
2151 2711 2296 2732 conuentus
2315 2714 2328 2731 a
2347 2706 2387 2738 Syi
2401 2707 2405 2726 ἴ

1426 2741 1522 2774 accipit
1535 2749 1642 2767 nomen.
1746 2740 1801 2765 Cic.
1817 2740 1887 2765 Fam.
1901 2747 1922 2771 3,
1937 2746 1950 2768 8
1971 2739 2064 2773 quue,
2078 2739 2125 2771 ait,
2139 2749 2181 2765 me
2200 2740 2318 2767 arbitror
2340 2740 2388 2773 Syn
2400 2732 2412 2770 l.

1427 2785 1476 2811 pro
1489 2776 1617 2803 tribunali
1631 2775 1720 2801 multis
1734 2774 1822 2800 verbis
1835 2774 2009 2808 disputauiss'e.
2117 2775 2182 2801 Ibid.
2217 2776 2306 2808 Qium
2321 2777 2388 2804 enim
2400 2768 2415 2819 ξ.

1379 2816 1410 2844 75
1426 2812 1531 2844 diceae,
1550 2820 1631 2845 quum
1652 2810 1799 2843 Synnadis3
1836 2819 1916 2844 quum
1938 2808 2094 2841 Philomeli,
2113 2818 2195 2843 quum
2209 2811 2292 2837 Iconii
2308 2812 2381 2839 essem
2410 2803 2423 2831 -l

1426 2849 1513 2875 Paullo
1521 2847 1592 2882 post,
1623 2847 1701 2878 Qiod
1718 2846 1810 2871 iisdem
1824 2845 1916 2871 diebus
1931 2854 2002 2871 meus
2016 2852 2158 2871 conuentus
2173 2853 2227 2872 erat
2243 2849 2384 2882 Apameae,
2398 2871 2400 2882 ,

1426 2883 1511 2915 nadis,
1527 2882 1678 2913 Philomeli,
1691 2889 1750 2908 tuus
1764 2881 1854 2907 Tarsi.
1970 2880 2094 2907 Sidonius
2103 2881 2263 2914 Apollinaris
2277 2884 2387 2918 inPaneg
2398 2887 2417 2913 β

1427 2919 1589 2949 Maioriani,
1611 2918 1730 2951 Iungitur
1744 2917 1786 2942 hic
1801 2917 1911 2949 Synnas,
1931 2916 2084 2943 Nomadum
2099 2916 2162 2951 lapis
2177 2917 2281 2945 additur
2294 2919 2354 2946 istis.
2365 2923 2383 2946 i.
2397 2917 2417 2945 h

1427 2964 1480 2980 mor
1509 2953 1674 2989 Synnadicum
1687 2973 1696 2985 ,
1729 2959 1752 2979 et
1783 2953 1949 2979 Numidicum.
2057 2952 2119 2979 Stat.
2135 2953 2198 2980 Silu.
2212 2963 2228 2985 i,
2243 2962 2266 2987 5,
2274 2962 2303 2987 37
2328 2955 2356 2982 de
2372 2955 2416 2986 Bp

1380 2991 1412 3017 80
1426 2989 1541 3026 Etrusci,

1582 3023 1642 3050 Sola
1654 3023 1720 3049 nitet
1735 3023 1810 3049 flauis
1824 3022 1977 3049 Nomadum
1990 3022 2075 3049 decisa
2088 3023 2201 3050 metallis
2397 3039 2401 3051 ι

1581 3060 1708 3093 Purpura,
1726 3059 1776 3085 sola
1791 3067 1858 3085 cauo
1873 3058 1999 3091 Phrygiae
2011 3068 2089 3092 quam
2109 3059 2242 3090 Synnados
2255 3066 2331 3087 antro
2398 3054 2402 3066 ¹

1582 3096 1638 3128 Ipse
1652 3095 1800 3120 cruentauit
1815 3095 1924 3120 maculis
1939 3094 2083 3120 lucentibus
2098 3096 2169 3125 Atys.
2408 3112 2410 3114 v

1429 3131 1499 3160 Ibid.
1515 3140 1535 3161 ι,
1548 3139 1570 3162 5,
1582 3140 1613 3164 4¹
1644 3130 1745 3156 Viridis
1769 3139 1827 3156 cum
1848 3132 1937 3164 regula
1956 3130 2037 3163 longo
2075 3129 2192 3161 Synnada
2216 3130 2340 3158 distinctu
2369 3132 2397 3158 v‘

1387 3170 1416 3197 83
1433 3169 1535 3195 Nullum
1547 3175 1653 3192 marmor
1665 3167 1720 3191 illic
1735 3164 1776 3197 eli,
1790 3165 1837 3198 ²11st
1850 3167 1974 3191 variatum
1987 3166 2089 3191 maculis
2096 3169 2247 3201 purpureis,
2263 3174 2291 3193 vt
2300 3169 2382 3194 Numi
2398 3167 2419 3186 ”’-

1431 3211 1454 3230 ct
1469 3202 1629 3238 Synnadicum
1644 3211 1650 3226 :
1687 3199 1753 3236 quod
1768 3201 1863 3235 qimlem
1876 3198 2020 3232 diflinHum
2033 3199 2067 3234 est
2081 3203 2181 3227 maculis
2196 3206 2342 3237 purpureis,
2353 3211 2391 3239 qw·
2411 3192 2420 3202 ,

1432 3241 1500 3274 Atys
1509 3246 1579 3273 puer,
1592 3246 1664 3273 quum
1678 3240 1703 3262 in
1721 3237 1832 3272 Phrygia
1846 3236 1945 3270 Cybelen
1952 3236 2067 3276 jugera,
2082 3237 2188 3272 abst-:Uis
2200 3240 2349 3273 genitalibus
2360 3237 2386 3269 ,1.1
2415 3239 2429 3257 :r

1432 3279 1497 3302 bunc
1509 3280 1646 3300 cruentans!
1659 3275 1739 3308 guttis
1756 3272 1921 3297 imitantibus.
1965 3272 2031 3298 Pltn.
2045 3280 2082 3304 3<,
2097 3281 2105 3298 ι
2120 3273 2250 3307 adfinem,
2269 3274 2342 3300 Nero
2404 3294 2405 3298 ,
2431 3279 2434 3284 “

1434 3311 1520 3345 cipatu
1536 3311 1686 3337 inuentum,
1704 3307 1816 3333 maculas
1829 3315 1895 3339 quae
1909 3316 1961 3333 non
1983 3309 2071 3340 essent,
2084 3308 2111 3334 in
2130 3308 2221 3335 crustis
2235 3309 2368 3336 inserena·-
2383 3305 2407 3335 *1¹¹
2421 3317 2430 3329 =³

1384 3356 1418 3380 90
1433 3353 1485 3373 tem
1501 3345 1619 3375 variare,
1638 3350 1665 3369 vt
1685 3350 1778 3368 ouatus
1798 3344 1857 3369 esset
1879 3343 2052 3374 Numidicus,
2074 3350 2102 3370 vt
2122 3353 2235 3379 purpura
2265 3345 2366 3380 disting
2381 3338 2401 3378 lg

1431 3381 1599 3415 Synnadicus,
1615 3378 1728 3413 qualiter
1740 3378 1799 3403 illos
1815 3379 1883 3404 nasci
1898 3385 2018 3412 optarent
2034 3379 2152 3405 deliciae.
2246 3379 2306 3407 Stat.
2319 3381 2352 3407 Sil
2368 3374 2432 3414 ῥ’,

1431 3423 1477 3451 148
1506 3418 1556 3443 Hic
1572 3416 1693 3447 Lybicus,
1708 3413 1888 3448 Phrygiusque
1903 3415 1979 3446 silex,
1998 3414 2040 3440 hic
2055 3414 2119 3441 dura
2127 3415 2259 3442 Laconum
2296 3416 2357 3443 Saxa
2372 3423 2389 3450 ¹¹,
2406 3412 2434 3438 ’Ἰ

1431 3453 1542 3486 Libycus
1557 3451 1617 3478 filex
1631 3451 1723 3475 dicitur
1736 3459 1843 3475 met-mor
1860 3450 2028 3481 Numidicum,
2043 3456 2071 3477 vt
2087 3450 2212 3485 Phrygius
2226 3450 2389 3486 Synnadr'cm
2400 3460 2410 3477 ι’
2430 3459 2431 3462 ’

1465 3496 1478 3515 s
1490 3495 1508 3514 Y
1522 3494 1542 3513 N
1556 3492 1575 3513 0
1586 3493 1602 3513 C
1612 3486 1679 3513 ΗῙΤ
1692 3491 1699 3510 1
1713 3491 1739 3516 S,
1753 3484 1812 3511 idis.
1838 3486 1857 3512 f.
1892 3486 2048 3519 [συνοχίτις]
2084 3487 2210 3519 Gemma,
2225 3496 2275 3521 qua
2289 3491 2316 3513 in
2328 3495 2386 3517 new
2399 3498 2413 3502 ¹¹

1384 3534 1416 3560 95
1428 3527 1467 3551 tia
1480 3524 1570 3550 dicunt
1583 3527 1702 3549 euocatas
1717 3521 1865 3547 inferorum
1878 3521 1983 3548 vmbras
1997 3521 2081 3548 teneri
2099 3522 2165 3548 Plin.
2180 3530 2216 3554 37,
2233 3531 2263 3549 ιι.
2357 3521 2379 3564 ’,θ’
2401 3536 2403 3553 ;

1469 3566 1482 3586 s
1497 3566 1515 3586 Y
1530 3564 1551 3584 N
1564 3564 1584 3585 Ο
1596 3563 1672 3588 DtA,
1704 3565 1788 3582 orum.
1825 3566 1851 3584 n.
1873 3557 1907 3582 Pl.
1945 3555 2072 3591 [συνσδῖα]
2107 3558 2260 3590 conuentus,
2279 3567 2309 3585 ex
2320 3557 2361 3585 σδν
2398 3565 2406 3574 v·

1430 3595 1487 3622 Cic.
1502 3596 1554 3621 Att.
1570 3602 1607 3625 10,
1619 3602 1632 3624 7
1646 3592 1743 3618 lineola
1757 3597 1842 3618 autem
1858 3592 1924 3618 mihi
1941 3594 1996 3626 spes
2009 3592 2134 3627 quaedam
2150 3592 2196 3624 est,
2212 3594 2278 3620 velle
2297 3602 2349 3620 mec
2369 3622 2371 3625 .
2386 3593 2387 3596 ’
2401 3597 2412 3618 h

1430 3631 1572 3664 Sulpicium
1585 3627 1722 3661 colloqui:
1758 3628 1788 3653 ad
1812 3638 1872 3654 eum
1893 3628 1949 3654 misi
1969 3628 2140 3654 Philotimum
2160 3628 2287 3655 libertum
2300 3624 2424 3659 cuiuslili-

1430 3666 1448 3693 si
1461 3667 1504 3693 vir
1518 3665 1565 3691 esse
1578 3663 1662 3695 volet,
1683 3663 1813 3696 praeclara
1825 3662 1934 3689 συνοδίας
1971 3663 2008 3690 sin
2026 3669 2123 3695 autem,
2136 3664 2235 3691 erimus
2257 3674 2306 3691 nos
2327 3662 2371 3698 qui
2391 3664 2427 3695 *tf

1537 3699 1593 3726 Vici.
1618 3704 1775 3726 SYNODVS.
2359 3699 2370 3727 ἶ,
2396 3708 2399 3722 ε

1464 3744 1478 3763 s
1488 3743 1505 3762 Y
1516 3743 1539 3762 N
1548 3733 1568 3761 (3
1578 3741 1596 3760 D
1605 3741 1625 3759 V
1635 3742 1658 3765 s,
1678 3733 1696 3759 i.
1717 3735 1737 3760 f.
1773 3731 1896 3767 [σύνοδοι]
1935 3733 2011 3763 Idem,
2024 3731 2072 3766 nist
2083 3733 2150 3768 quod
2157 3733 2278 3765 Synodia‚
2299 3741 2328 3762 vt
2337 3727 2409 3766 modtls

1426 3771 1517 3803 dimus,
1530 3774 1601 3796 etiam
1616 3769 1645 3795 de
1657 3770 1757 3796 ducrum
1770 3770 1932 3805 congrqffione
1945 3768 2073 3794 adhibetur
2085 3779 2095 3797 ‚-
2116 3769 2234 3800 Synodus
2249 3774 2295 3797 vix
2306 3771 2373 3801 aliter
2382 3769 2410 3802 ql!

1428 3805 1578 3841 depluribus
1586 3808 1700 3839 ponitur.
1797 3806 1874 3832 Locis
1888 3805 1961 3831 suisa
1977 3804 2035 3829 suae
2048 3803 2196 3830 dioeceseos
2210 3806 2311 3838 synodis
2323 3802 2409 3834 audiant

1427 3842 1444 3868 l.
1459 3850 1488 3873 23
1502 3842 1532 3867 C.
1546 3840 1654 3866 Theod.
1669 3840 1700 3866 de
1713 3840 1795 3873 Episc.
1910 3839 2027 3867 Vlterius
2042 3839 2141 3871 synodo
2160 3849 2247 3875 neque
2265 3842 2292 3867 se
2312 3835 2414 3876 permitti

1927 3874 1995 3904 Adri.
2010 3875 2142 3902 Annuian.
2157 3884 2193 3907 ις,
2206 3885 2228 3908 7.
2264 3884 2288 3903 et
2304 3885 2340 3908 21,
2353 3874 2409 3932 16.¹-
2428 3890 2432 3894 -

2359 3914 2387 3934 sit
2401 3915 2408 3922 ·
