2434 4156
10 1002 12 1005 ¹
0 648 14 988 “gemet-r.
4 635 6 637 -
14 622 17 623 Ἰ
5 589 16 605 5.

360 143 426 186 883
728 136 772 178 T
876 135 1046 178 VE
1851 135 2146 180 TVE
2379 132 2429 228 1114

359 231 381 256 3,
398 225 439 255 96·
546 224 714 260 Tutorisque
727 226 904 262 supercilium,
912 226 1051 260 patruique
1064 223 1180 257 rigorem
1201 221 1395 256 Man11.;‚449.
1456 224 1508 252 tela
1522 224 1554 252 ad
1569 225 1651 252 solum
1666 224 1768 256 filiurn,
1784 223 1842 259 post
1860 223 1946 251 filium
1963 229 2026 253 tunc
2044 226 2218 262 ad‘nepotem
2232 227 2334 262 leian.
2346 229 2371 264 1.

2380 232 2434 265 l,⁴

364 258 424 285 Vsd.
443 259 544 295 Csfhub.
572 261 605 287 ad
624 262 690 288 Pers.
710 262 758 290 Sat.
779 271 799 294 1,
815 271 834 288 1.
900 261 947 288 Sed
965 264 992 286 in
1017 260 1057 287 bis
1073 261 1219 295 proprietas
1255 257 1396 292 respicitur.
1458 259 1583 295 legitimis
1597 260 1738 287 tutoribus.
1830 260 1954 286 Detinere
1968 261 2084 296 aliquem
2095 263 2123 289 in
2142 264 2229 297 aliqua
2245 265 2324 291 tutela
2335 266 2386 293 Par
2400 272 2403 296 '2
2416 265 2432 285 .'

357 294 406 322 Sed
418 294 510 321 Tutor
524 295 616 323 finium
633 297 750 324 Siluanus
773 298 840 323 Hor.
855 296 934 327 Epnd.
949 304 973 327 2,
984 304 1015 324 23.
1123 294 1210 319 Orbae
1225 292 1393 326 eloquentiae
1457 292 1475 321 l.
1493 295 1519 321 Si
1533 296 1570 327 iS,
1588 296 1674 330 quiD.
1689 295 1720 321 de
1734 294 1953 322 excusationibus.
2039 298 2110 324 Idem
2124 298 2152 325 in
2167 298 2184 325 l.
2199 299 2341 333 penultima
2352 301 2372 328 D
2382 302 2415 332 ..j

358 329 429 362 quast
454 336 552 357 tutores
577 332 666 359 relitffl
692 333 767 359 limus
797 332 851 358 Cic.
866 331 896 357 de
909 331 978 356 Clar.
992 331 1065 356 Orat.
1080 337 1124 360 330
1136 337 1158 354 c.
1171 330 1213 360 69.
1321 328 1392 354 Idem
1457 330 1559 357 toribus
1572 338 1596 357 et
1610 330 1776 358 curatoribus
1790 330 1866 362 datis,
1883 336 1928 356 etc.
2020 331 2119 359 Diffusa
2133 339 2158 359 et
2172 335 2304 368 negetiosa
2319 340 2370 363 tute
2383 349 2388 356 .
2410 347 2423 354 1·

359 364 427 390 Phil.
441 366 498 396 6,ss
511 375 532 393 c.
548 374 560 398 ς
581 368 637 394 Cum
663 367 779 396 ranam:
806 368 906 391 titulum
920 364 1019 397 sturme
1041 366 1165 396 Antonii,
1191 362 1392 396 QVINQVE
1417 372 1430 398 ς
1458 363 1497 390 lus
1509 365 1537 391 in
1549 366 1566 393 l.
1586 367 1613 393 Si
1626 368 1657 399 is,
1670 366 1715 401 qui
1728 372 1778 392 tres
1794 365 1886 391 tutelas
1899 364 2133 393 administrabam.
2142 369 2173 394 de
2186 369 2373 398 excusationibt
2404 387 2405 391 =

358 400 379 425 Ε
388 400 417 426 Τ
455 401 484 426 T
494 402 513 427 R
523 402 532 427 1
541 403 562 428 G
573 403 617 429 IN
626 403 654 429 T
663 405 683 429 A
727 396 784 429 ’111
794 402 803 427 1
813 402 860 426 BV
869 399 896 427 δ’
921 401 966 426 ΡΑ
975 400 1004 426 Τ
1013 399 1132 426 RONO
1146 418 1155 430 5
1192 398 1283 432 Populi
1314 399 1392 424 Rom·
1458 399 1577 428 minuere
1589 402 1692 436 aliquid
1707 401 1738 427 de
1754 401 1834 427 tutela
1849 400 1967 434 legitima
1985 400 2042 428 Cic.
2055 410 2103 435 pro
2116 403 2196 430 Flacc.
2208 410 2247 436 84.
2341 401 2374 432 'lt

360 434 444 468 igitur
459 435 493 461 est
505 444 627 472 patronus
641 438 767 464 Antonius
782 438 790 462 ἰ
966 435 1014 461 Sed
1029 435 1087 468 quis
1107 442 1221 468 vnquam
1234 434 1312 459 tantis
1337 434 1393 468 opi·
1455 443 1503 468 nus
1516 433 1551 468 l.3
1565 437 1597 463 D.
1617 438 1671 471 Qu
1687 444 1775 471 petant
1788 441 1897 466 tutores,
1910 436 1965 468 Qii
1977 436 2191 472 qualitercunque
2204 438 2303 465 Dimiffi
2317 440 2369 468 sunt
2402 466 2404 468 ,

359 469 418 500 bus,
437 472 514 498 tantis
526 473 604 500 rebus
616 473 690 508 gestis
707 473 773 503 fuit,
794 471 840 504 qui
855 471 879 496 se
888 470 1069 505 PopuliRom.
1105 483 1195 489 ———
1231 474 1348 495 tutorem
1356 468 1394 495 di·
1456 470 1614 498 cusationem
1626 482 1640 499 a
1653 473 1742 504 tutela,
1761 472 1857 498 neceffe
1869 479 1923 497 non
1943 471 2038 497 habent
2051 478 2138 506 petere
2151 474 2255 506 pupillis
2270 480 2341 501 tutor
2362 490 2375 499 ..
2402 501 2405 509 Ἰ

361 513 420 532 eei-e
431 507 550 534 auderet.
1458 505 1579 539 pinianus
1593 507 1622 533 in
1635 508 1653 534 l.
1668 508 1759 534 Vltima
1774 508 1805 533 D.
1815 506 1848 533 de
1861 506 2081 539 excusationibus,
2089 507 2137 533 Sed
2151 515 2175 534 et
2190 508 2239 536 hoc
2251 517 2329 544 genus
2342 519 2375 538 ex·
2384 530 2399 539 .,

399 548 420 568 T
431 547 450 567 v
463 548 483 567 T
496 549 513 568 R
526 552 534 569 1
545 551 573 575 x,
589 543 645 569 icis.
665 541 684 567 f.
720 540 928 567 IustinianAEod.
944 548 966 574 ς,
979 549 1017 574 35,
1030 549 1042 573 3
1060 539 1192 566 Filiorum
1204 540 1326 566 tutricem
1340 547 1397 566 eam
1412 550 1441 569 10
1458 540 1499 566 nis
1513 540 1564 573 est,
1583 540 1601 566 li
1618 544 1678 577 quis
1691 544 1715 568 se
1734 543 1803 569 dicat
1820 541 1860 568 ibi
1880 541 2049 568 domicilium
2067 551 2121 568 non
2140 542 2252 576 habere,
2274 543 2320 571 vbi
2333 547 2391 572 atl=
2407 561 2409 563 -

358 576 469 603 existere
482 578 616 604 sancimus.
1461 575 1541 602 Datus
1556 575 1599 602 est.
1654 578 1755 605 Durare
1769 578 1796 604 in
1815 577 2059 615 tutum-Demeurer
2077 587 2105 603 m
2123 579 2220 610 intelle,
2240 579 2399 615 leianus'i

393 617 577 639 'rv'roiztv
590 620 640 643 5‚a,
648 620 702 637 um.
724 611 782 636 Adi.
822 610 912 637 lustin.
926 619 963 643 33,
976 620 989 641 4
1010 609 1145 643 Mittitur,
1159 610 1206 644 qui
1225 610 1328 637 tutorio
1349 618 1394 636 no·
1460 611 1493 636 D.
1507 611 1537 636 de
1549 611 1646 641 tutelis.
1680 613 1801 641 Excusari
1820 621 1834 638 a
1851 612 1940 638 tutelis
1960 612 2122 639 Callistratus
2139 614 2166 639 in
2180 613 2197 641 l.
2218 615 2281 643 Non
2299 616 2397 644 tantur

358 647 431 674 mine
444 656 552 681 regnum
568 647 661 681 pupilli
680 646 851 672 administret.
1457 646 1674 674 excusationibus.
1777 648 1903 674 Excusare
1916 648 1941 673 se
1954 655 1968 672 a
1980 648 2061 674 tutela
2069 648 2172 674 Paullus
2184 649 2212 675 in
2226 650 2242 676 Ι.
2252 650 2397 678 Nesenniu.

397 688 418 707 ‘r
428 689 448 707 v
461 689 482 708 rr
496 685 534 709 m.
547 689 579 713 Α,
594 690 631 709 ae.
651 681 670 707 s.
707 680 848 714 [ἐπιτροπὴ
863 681 1015 714 {uesperi-naht,
1030 680 1167 714 ἐσφάλη]
1207 678 1395 712 Τιιεητίἰαὲῗω,
1456 681 1675 709 excusationibus.
1778 684 2004 716 Hermogenianus
2022 683 2050 709 in
2062 683 2079 709 l.
2093 684 2307 711 Administrantes
2324 678 2396 713 D.‹l

358 719 399 743 uel
411 721 450 742 ius
462 717 556 748 tuendi,
568 715 690 742 interdum
703 711 838 751 ceiamipse
849 716 890 742 ille
903 717 942 741 trel
955 716 1016 741 illud
1026 716 1103 751 ipsum
1124 715 1189 751 quod
1207 722 1299 743 tuetur.
1354 717 1395 743 Sic
1413 729 1438 751 ¹5
1456 716 1610 750 sationibus,
1625 718 1723 744 Eorum
1736 720 1782 752 qui
1791 718 1960 752 Reipublicae
1972 719 2045 744 causa
2054 718 2156 752 absunt,
2165 720 2271 746 comites
2279 720 2310 746 de
2320 718 2396 748 tirtel*

353 759 402 788 pro
416 761 475 778 cura
487 759 509 778 et
523 753 702 787 construetione
711 754 824 785 ponitur.
900 751 1036 784 Desperata
1051 751 1132 777 tutela
1145 751 1219 779 vrbis
1239 752 1298 778 Liu.
1314 759 1395 785 23,i7.
1456 752 1607 778 absentibus
1621 753 1663 780 vel
1680 754 1837 787 profecituris
1851 754 1935 780 delata
1949 753 1993 785 est,
2008 754 2183 786 Excusantur;
2218 764 2277 782 nam
2291 756 2371 792 suscep
2387 761 2400 777 1-

359 787 473 813 Tutelae
487 788 587 813 nostrae
600 786 955 821 duximusCarthaginienses
975 786 1046 812 Idem
1055 795 1132 819 ειμι.
1225 787 1312 813 Venio
1324 795 1393 812 nune
1456 792 1497 813 tea
1520 796 1575 813 non
1600 787 1744 822 deponunt.
1850 788 2009 816 Modestinus
2032 790 2060 815 in
2079 790 2096 817 l.
2117 798 2141 822 ις
2163 791 2193 817 D.
2213 790 2244 817 de
2264 788 2390 825 excusati·

357 822 390 848 ad
406 822 511 847 tutelam
526 822 658 849 Pecudum
670 821 833 855 siluestrium‚
857 827 882 848 et
905 821 995 856 apium
1017 821 1199 849 educationem
1241 822 1342 849 Colum.
1353 821 1393 854 l.9
1456 822 1581 848 Claudius
1594 824 1696 850 Marcus
1720 825 1863 858 (quamuis
1879 824 2084 857 filiusfamilias)
2110 825 2127 851 si
2141 825 2251 852 idoneus
2269 832 2340 854 tutor
2357 833 2378 852 ,111
2388 831 2394 840 -·

356 857 439 891 praef.
493 861 524 883 it.
539 861 565 890 6,
579 865 642 891 2,t;.
748 857 912 891 Qiantulum
925 857 970 887 est,
977 857 1048 891 quod
1061 857 1093 883 ad
1108 858 1215 884 tutelam
1230 857 1333 884 homini
1347 866 1391 883 ne-
1454 857 1538 889 bitur,
1558 864 1629 892 pater
1644 866 1728 885 autem
1743 861 1799 886 eius
1812 861 1912 887 idcirco
1925 869 2016 886 cauere
2031 870 2083 887 non
2094 861 2159 894 vult,
2179 868 2207 889 vt
2220 861 2305 888 tilium
2319 860 2392 889 sum*

357 891 491 918 cessarium
508 892 538 919 sit
557 893 614 919 Sen.
630 892 663 919 ad
675 892 754 919 Helu.
769 901 824 926 c.9.
928 892 996 919 Adel.
1004 891 1101 926 similia
1114 893 1148 919 ib.
1182 892 1390 926 Col.7,1,2Tu-
1403 898 1437 916 20
1454 893 1572 926 Eximat,
1591 900 1616 920 et
1628 895 1657 920 in
1670 894 1719 920 hoc
1733 895 1846 922 artificio
1860 895 2050 930 perseuerabit5
2070 896 2190 923 existimo
2201 903 2226 923 te
2239 897 2302 923 huic
2315 894 2391 932 scau

357 926 424 953 telae
437 928 545 962 exiguae
557 928 653 954 animal
666 928 758 955 asinus.
864 928 933 955 Cum
946 928 1098 955 tenuiorum
1110 928 1217 954 tutelam
1237 928 1392 961 locupletio-
1454 930 1642 962 occursurum,
1663 935 1691 956 vt
1710 936 1735 956 et
1758 929 1839 965 filius,
1856 938 1881 958 et
1895 932 1948 965 ipse
1959 931 1991 956 ad
2011 931 2117 958 tutelam
2130 932 2275 959 liberorum
2290 932 2366 960 Cleri-i¹

357 970 398 988 res
415 962 443 988 in
462 964 486 989 se
507 964 669 990 contuliffent
706 964 774 990 Suet.
787 964 856 990 Caes.
870 972 890 991 c.
907 966 947 992 68.
982 966 1001 990 i.
1032 964 1182 990 alimoniam.
1288 963 1392 990 Tutela
1454 964 1562 991 rendam
1576 965 1776 998 compellantur.
1891 967 2015 1000 Expediri
2026 976 2079 993 non
2092 967 2174 1001 potest
2188 968 2373 1003 administratio

356 996 426 1024 haud
442 1000 529 1026 minor
543 1000 611 1033 pacis
625 1007 702 1033 quam
716 999 790 1033 regni
811 999 942 1031 Liu.1,2r.
1035 999 1137 1026 Tutela
1149 998 1225 1031 Reip.
1245 997 1313 1024 Tac.
1323 999 1390 1024 Ann.
1455 999 1508 1026 fine
1523 1000 1573 1026 hoc
1588 1001 1713 1034 leianus
1725 1001 1781 1027 inl.
1794 1001 1821 1026 Si
1834 1006 1906 1028 tutor
1919 1002 1974 1036 post
1986 1001 2148 1036 pubertatem
2164 1003 2192 1029 D.
2208 1004 2239 1029 de
2253 1003 2326 1029 tutel.
2337 1007 2382 1032 eti-

358 1041 380 1064 r,
393 1041 419 1066 2,
429 1041 446 1059 1.
551 1035 621 1060 Villa
638 1034 725 1061 vfibus
738 1043 831 1068 capax,
846 1043 901 1061 non
918 1035 1047 1060 sumtuosa
1060 1034 1140 1060 tutela
1159 1033 1277 1066 Ptin-Ep.
1287 1041 1358 1068 2,17‚
1365 1043 1391 1067 4.
1455 1034 1503 1061 bus
1523 1035 1705 1062 distrahendis.
1808 1036 1900 1063 Faetus
1921 1038 1979 1063 suae
1998 1037 2094 1065 tutelae
2109 1039 2222 1073 pupillus
2236 1038 2343 1072 dicitur,
2357 1041 2383 1070 ,Γ

356 1069 410 1094 Δ111
424 1069 575 1096 incuruatae
588 1069 606 1097 fi
620 1079 671 1105 qua
683 1070 719 1096 cst
733 1071 812 1097 tutela
828 1071 956 1105 podagrae
978 1070 1048 1096 Grat.
1059 1071 1156 1103 Cyneg.
1172 1073 1260 1105 v.478.
1287 1072 1305 1095 i.
1320 1078 1392 1095 cura·
1407 1073 1436 1100 ὃς
1453 1071 1490 1096 est
1502 1071 1612 1105 amplius
1625 1071 1652 1097 in
1665 1071 1790 1105 potestate
1802 1073 1895 1098 tutoris
1908 1073 2013 1107 leian.
2027 1073 2054 1099 in
2069 1074 2087 1100 l.
2101 1074 2212 1107 Quoties
2225 1072 2248 1111 §.
2266 1071 2373 1116 Nequaffi

354 1106 402 1136 tio,
416 1105 554 1131 remedium.
661 1106 718 1133 Cic.
732 1115 780 1140 pro
794 1106 912 1132 Mur-aen.
926 1113 958 1131 22
972 1114 993 1131 c.
1012 1113 1040 1131 10
1078 1106 1177 1131 Omnes
1208 1104 1324 1130 vrbanae
1348 1114 1389 1130 res
1453 1106 1486 1132 de
1500 1106 1631 1134 administ.
1645 1114 1670 1133 et
1686 1107 1764 1140 peric.
1777 1113 1857 1134 tutor.
1895 1107 1951 1134 Sen.
1967 1109 2044 1142 Epist.
2058 1117 2093 1140 33.
2135 1109 2191 1136 vid.
2199 1119 2253 1136 mox
2261 1109 2361 1140 Venire
2374 1123 2380 1148 ὲ

356 1151 401 1159 -—-
436 1139 516 1166 latent
544 1141 573 1166 in
597 1141 679 1167 tutela
695 1150 723 1167 ac
737 1141 865 1175 pracsidio
878 1140 986 1167 bellicae
999 1140 1114 1167 virtutis.
1221 1139 1295 1165 Curt.
1315 1145 1339 1170 8,
1357 1149 1391 1172 11,
1454 1143 1573 1168 tutelam.
1668 1143 1772 1168 Finitur
1785 1143 1865 1169 tutela
1876 1152 1930 1169 non
1942 1144 2026 1170 solum
2039 1144 2185 1179 pubertate,
2202 1145 2244 1171 sed
2258 1145 2336 1172 etiam
2362 1160 2376 1169 ι-
2386 1151 2417 1181 1,“”,;

358 1182 386 1207 25
407 1175 511 1208 Qtibus
527 1175 580 1203 loci
592 1177 672 1203 tutela
687 1177 812 1211 permiffa.
908 1177 939 1202 Et
957 1185 981 1209 7,
996 1184 1017 1201 11
1031 1182 1097 1202 extr.
1125 1174 1182 1207 Qi
1197 1174 1226 1200 in
1241 1174 1294 1201 loci
1310 1175 1392 1202 tutela
1454 1177 1521 1204 toris
1539 1177 1580 1205 vel
1602 1178 1698 1213 pupilli
1736 1178 1839 1205 Paullus
1854 1178 1882 1204 in
1897 1178 1913 1204 l.
1928 1189 1941 1211 4
1963 1179 1995 1204 D.
2010 1179 2041 1205 de
2060 1181 2134 1207 tutel.
2155 1187 2181 1206 et
2194 1181 2290 1208 ration.
2305 1180 2333 1207 di
2349 1180 2376 1210 ,ff
2396 1182 2415 1200 ’ἢ

354 1210 445 1237 ῐεΙίἂί
464 1211 530 1237 sunt.
621 1213 702 1239 Ouid.
717 1214 790 1239 Rem.
806 1213 864 1238 Am.
878 1217 906 1244 78
923 1211 970 1237 Tu
985 1211 1082 1245 pariter
1096 1210 1149 1237 vati
1162 1210 1258 1244 pariter
1271 1211 1392 1237 succurre
1453 1213 1538 1247 Fungi
1551 1214 1631 1239 tutela
1645 1214 1751 1248 leian.
1767 1214 1784 1240 l.
1794 1223 1806 1240 2
1827 1214 1898 1240 D.de
1912 1215 2044 1241 tutoribus
2057 1222 2083 1242 et
2096 1216 2262 1243 curatoribus
2270 1216 2345 1249 datis,
2357 1219 2377 1246 ’ἵ
2414 1230 2416 1238 ι

354 1245 472 1272 medenti
507 1247 624 1282 Vtraque
637 1248 732 1274 tutelae
744 1247 846 1274 subdita
859 1255 920 1273 cura
935 1253 1003 1273 tuae.
1094 1246 1151 1272 Cic.
1166 1246 1198 1271 de
1217 1246 1303 1273 Finih.
1318 1255 1343 1277 3,
1359 1248 1391 1272 66
1404 1254 1436 1279 30
1453 1257 1512 1275 rere
1526 1257 1604 1284 atque
1624 1249 1807 1276 administrare
1828 1250 1935 1276 tutelam
1951 1250 2023 1276 Idem
2036 1251 2054 1276 l.
2069 1260 2079 1277 1
2099 1252 2131 1278 D.
2146 1251 2177 1278 de
2189 1251 2319 1278 administ.
2344 1251 2371 1284 ·;,’,

354 1290 375 1307 e.
391 1290 425 1307 20
445 1283 537 1308 Iouem
551 1292 609 1309 cum
622 1284 754 1317 optimum
766 1284 909 1309 maximum
923 1281 1052 1313 dicimus,
1071 1289 1183 1315 cumque
1196 1280 1308 1307 eundem
1328 1282 1390 1307 salu-
1451 1289 1501 1310 tut.
1594 1285 1698 1311 Habere
1712 1291 1764 1311 tres
1778 1286 1868 1311 tutelas
1876 1286 1977 1312 Paullus
1991 1286 2019 1311 in
2033 1286 2050 1313 l.
2058 1287 2085 1313 Si
2099 1287 2130 1319 is,
2143 1288 2189 1320 qui
2201 1294 2253 1314 tres
2267 1287 2356 1314 tutelas

354 1320 446 1346 tarem,
464 1317 627 1351 hospitalem,
641 1319 771 1349 statorem,
784 1319 834 1344 hoc
848 1317 963 1352 intelligi
983 1317 1113 1349 volumus,
1129 1317 1236 1343 salutem
1250 1316 1391 1343 hominum
1450 1319 1547 1346 ssrabat
1560 1320 1591 1346 D.
1607 1320 1638 1346 de
1652 1320 1871 1347 excusationibus.
1977 1321 2112 1355 imputare
2124 1323 2203 1349 alicui
2216 1323 2324 1349 tutelam
2350 1325 2375 1357 Υ,-

355 1352 384 1377 in
397 1352 452 1377 eius
467 1353 514 1377 effe
527 1354 617 1380 tutela.
719 1354 787 1381 Add.
803 1353 834 1379 de
848 1354 970 1381 Prouiuc.
984 1354 1061 1379 Cons.
1075 1361 1142 1385 c.14.
1337 1349 1358 1388 Ἴ
1378 1361 1390 1378 2
1451 1355 1479 1380 Si
1493 1355 1524 1386 is,
1538 1356 1583 1389 qui
1597 1356 1627 1381 D.
1642 1356 1672 1382 de
1692 1356 1912 1382 excusationibus.
2000 1357 2141 1392 iniungere
2153 1359 2233 1385 alicui
2245 1359 2352 1385 tutelam
2369 1360 2377 1380 1*

354 1387 454 1413 Tutela
467 1387 496 1413 id
509 1387 573 1422 quod
583 1395 674 1416 tuetur.
788 1390 829 1417 Sic
842 1390 917 1415 Varr.
931 1390 962 1415 R.
979 1389 1009 1415 R.
1023 1396 1104 1421 ¹‚14‚1
1121 1387 1281 1414 Tutelarum
1295 1396 1390 1421 genera
1453 1390 1527 1416 Idem
1541 1392 1568 1417 in
1584 1391 1601 1418 l.
1615 1391 1764 1418 Nesennius
1778 1392 1807 1418 D.
1817 1392 1847 1418 de
1862 1391 2081 1420 excusationibus.
2185 1394 2328 1428 Iniungere

354 1430 476 1456 quatuor,
489 1426 506 1448 i.
514 1423 648 1459 septorum.
754 1425 821 1451 Hor.
837 1424 913 1458 Epist.
928 1432 977 1456 1,1‚
994 1432 1034 1455 103
1063 1424 1163 1449 Rerum
1177 1423 1258 1449 tutela
1271 1431 1389 1449 mearum
1404 1432 1433 1458 33
1452 1435 1501 1452 nus
1515 1426 1612 1452 tutelae
1632 1427 1808 1461 Tryphonius
1822 1427 1850 1453 in
1863 1427 1879 1453 l.
1888 1427 1986 1462 penult.
2006 1428 2077 1455 D.de
2090 1429 2307 1456 excusationibus.
2371 1427 2374 1430 ’

354 1466 415 1484 cum
429 1458 468 1485 sis,
572 1460 603 1485 Et
617 1458 668 1485 Od.
685 1467 710 1491 4,
723 1468 761 1492 14,
769 1469 799 1493 43
818 1460 842 1486 0
856 1460 936 1485 tutela
953 1459 1069 1493 praesens
1083 1459 1184 1491 Italiae,
1198 1458 1232 1485 ad
1243 1457 1388 1495 Augustum.
1452 1462 1545 1488 nianus
1559 1462 1587 1488 in
1602 1462 1619 1489 l.
1633 1464 1693 1489 Iure
1707 1462 1796 1489 nostro
1810 1463 1841 1489 D.
1855 1463 1886 1489 de
1898 1461 2086 1490 testamentaria
2099 1465 2188 1492 tutela.
2257 1465 2332 1491 Idem
2349 1472 2378 1501 1.,7

354 1493 458 1519 Petron.
473 1503 496 1519 c.
509 1501 541 1528 57
572 1495 610 1521 Ita
637 1494 745 1521 tutelam
773 1495 850 1521 huius
874 1495 927 1521 loci
944 1494 1053 1520 habeam
1068 1493 1228 1528 propitiam!
1249 1497 1267 1520 i.
1281 1498 1388 1530 genium.
1452 1497 1508 1530 Qui
1521 1498 1628 1524 tutelam
1644 1498 1796 1525 testamento
1812 1498 1961 1525 Mandataui
1974 1500 2149 1527 excusationis
2170 1502 2228 1527 iure
2249 1500 2370 1535 suscipeg

359 1529 417 1554 Vid.
433 1528 543 1555 Fabi-etti
556 1530 633 1556 Inscr.
647 1539 671 1564 p.
686 1532 717 1561 69
731 1537 754 1556 ee
767 1540 805 1563 79.
877 1537 901 1556 et
913 1531 997 1557 Burm.
1010 1529 1043 1556 ad
1055 1530 1157 1556 Petron.
1170 1530 1216 1556 l.c.
1285 1533 1389 1565 itemque
1452 1533 1531 1559 Caius
1549 1533 1577 1560 in
1597 1533 1614 1559 l.
1639 1533 1665 1560 Si
1677 1534 1764 1568 plures
1781 1535 1813 1560 D.
1835 1534 1866 1560 de
1879 1534 2001 1568 legitimis
2014 1536 2163 1568 tutoribus,
2181 1536 2207 1562 Si
2228 1537 2314 1570 plures
2327 1535 2344 1562 si
2368 1552 2372 1557 -

352 1564 386 1590 ad
400 1564 472 1591 Grat.
489 1570 532 1596 48²
553 1565 770 1600 Supplicibusque
787 1564 901 1592 vocanda
916 1566 992 1592 sacris
1006 1565 1086 1591 tutela
1100 1564 1225 1596 deorum,
1249 1567 1269 1590 i.
1287 1565 1333 1600 iffi
1346 1566 1390 1592 DI
1453 1570 1593 1602 proximus
1606 1569 1715 1596 tutelam
1727 1569 1896 1596 nanciscitur:
1916 1576 1941 1595 et
1956 1569 1974 1595 si
1987 1570 2015 1596 in
2029 1571 2122 1597 eodem
2137 1573 2217 1605 gradu
2231 1573 2317 1606 plures
2330 1570 2382 1603 iim

352 1601 478 1626 tutelares.
585 1603 705 1636 Inprimis
717 1602 790 1628 huius
802 1602 851 1628 Ioci
863 1600 896 1634 est
909 1600 1009 1627 Tutela
1031 1600 1113 1627 nauis.
1221 1601 1325 1627 Petron.
1347 1607 1389 1634 1ος
1406 1603 1443 1628 40
1451 1604 1559 1630 tutelam
1573 1604 1772 1631 Nanciscuntur.
1867 1605 1952 1632 Obire
1964 1614 2057 1632 munus
2071 1607 2165 1634 tutelae
2173 1605 2376 1641 Tryphoninsssi

352 1635 388 1661 Vt
402 1635 480 1661 tutela
492 1635 567 1662 nauis
581 1637 740 1670 expiaretur.
846 1637 891 1663 Sil.
901 1645 934 1668 14,
943 1645 986 1668 543
1014 1639 1041 1662 in
1063 1635 1196 1671 naufragii
1216 1636 1389 1671 descriptione,
1450 1639 1544 1666 ultima
1553 1641 1584 1666 D.
1593 1640 1624 1666 de
1638 1639 1855 1676 excusptionibus.
1957 1641 2098 1675 Obhgatur
2113 1648 2138 1669 et
2153 1643 2219 1669 furti
2230 1649 2256 1669 et
2266 1643 2362 1669 tutelae
2371 1643 2379 1651 “’

351 1669 519 1705 Tutelaeque
551 1670 630 1698 desini
662 1672 774 1697 fluitant.
866 1672 1014 1698 Val.Flacc.
1029 1680 1096 1703 1‚301
1123 1672 1271 1698 Coronatae
1286 1672 1388 1706 fulgens
1450 1675 1479 1701 in
1492 1675 1528 1701 1,1
1550 1676 1580 1701 D.
1595 1676 1625 1701 de
1640 1676 1714 1702 (Περι,
1727 1682 1753 1702 et
1767 1676 1862 1703 ration.
1877 1676 2058 1704 distrahendis.
2165 1679 2309 1705 Martianus
2322 1677 2377 1705 l.‘i¹

351 1705 433 1732 tutela
448 1706 559 1732 carinae.
654 1708 712 1733 Scn-
726 1706 801 1740 Epist·
817 1707 850 1740 76
880 1707 965 1733 Nauis
977 1707 1046 1732 bona
1059 1706 1171 1737 dicitur,
1191 1715 1245 1733 11011
1257 1707 1330 1733 cuius
1343 1716 1387 1732 au-
1450 1710 1482 1736 de
1495 1711 1594 1742 tutem,
1613 1712 1643 1737 In
1657 1720 1702 1738 eos
1716 1718 1788 1738 extra
1801 1712 1922 1738 ordinem
1936 1710 2164 1746 animaduertitur,
2182 1715 2228 1748 qui
2242 1714 2341 1748 proban

352 1749 428 1767 reum
455 1747 498 1767 aut
517 1746 667 1775 argenteum
685 1741 719 1767 est
738 1742 867 1772 rostrum,
885 1750 931 1767 nec
949 1742 1022 1768 cuius
1043 1742 1124 1775 tutele.
1144 1741 1225 1768 ebore
1246 1742 1326 1768 celata
1340 1741 1386 1768 est.
1449 1745 1516 1772 datis
1531 1746 1636 1772 tutelam
1651 1748 1798 1781 Occupasse.
1892 1748 2005 1774 Onerari
2025 1749 2104 1775 tutela
2125 1750 2226 1776 Paullus
2245 1749 2274 1776 in
2296 1750 2313 1776 1.
2327 1750 2364 1784 Q

352 1776 454 1803 Tutela
468 1775 500 1809 es?
513 1780 593 1812 ''mag‘’
606 1779 654 1803 Dei
667 1778 707 1804 L't'l
719 1778 799 1809 Dt'at’s
816 1780 856 1803 cui
873 1777 963 1803 tuenda
980 1780 1051 1802 ’mm's
1067 1776 1187 1810 C0m¹⁷²¹ff²
1207 1775 1248 1810 t'st·
1314 1779 1388 1803 Hanc
1408 1782 1443 1808 45
1451 1781 1482 1806 de
1496 1782 1687 1809 testamentaria
1701 1783 1790 1808 tutela.
1895 1784 2010 1809 Pertinet
2022 1784 2052 1809 ad
2060 1785 2189 1811 Plautium
2203 1786 2283 1812 tutela
2302 1785 2365 1816 Iabt
2385 1784 2387 1793 ¹

351 1814 378 1837 in
386 1815 463 1847 puppi
479 1812 628 1844 collocatam,
642 1812 763 1848 dtuerfizm
778 1821 793 1839 a
806 1812 940 1847 παρασήμῳ
948 1812 974 1847 s.
988 1811 1095 1848 insigni,
1114 1815 1141 1838 in
1150 1819 1246 1847 prora,
1266 1812 1331 1848 quod
1345 1821 1386 1838 no-
1449 1816 1467 1842 l.
1481 1817 1616 1850 penultim.
1630 1818 1662 1843 D.
1676 1817 1708 1844 de
1723 1818 1913 1844 testamentaria
1926 1819 2017 1845 tutela.
2087 1821 2128 1846 Sic
2147 1821 2252 1855 leian.
2265 1820 2283 1847 l.
2297 1830 2308 1852 3
2325 1820 2375 1848 Du

350 1856 403 1873 men
418 1847 462 1872 dae
475 1851 548 1879 naui,
571 1849 647 1874 multo
666 1857 719 1874 cum
736 1854 859 1882 apparatu
870 1846 1026 1881 emendarunt
1039 1847 1140 1882 Salmas.
1155 1847 1188 1873 ad
1202 1848 1278 1875 Solin.
1291 1855 1316 1883 p.
1331 1857 1384 1882 405·
1449 1851 1521 1878 timis
1537 1852 1678 1879 tutoribus.
1780 1853 1911 1888 Pupillum
1923 1854 2057 1886 fraudare,
2071 1855 2117 1889 qui
2129 1856 2158 1882 in
2175 1857 2281 1882 tutelam
2290 1856 2338 1882 Per

349 1881 460 1916 Scheffir
472 1883 501 1908 de
514 1883 588 1909 milit.
601 1892 658 1909 nau.
669 1892 693 1915 3,
707 1890 755 1918 1p.
770 1892 812 1915 172
819 1883 862 1918 sq.
965 1882 1012 1910 Sed
1034 1883 1157 1909 interdum
1179 1889 1259 1909 tamen
1277 1883 1385 1909 tutelam
1449 1896 1498 1921 pro
1515 1888 1589 1913 Rosc.
1603 1889 1679 1914 Com.
1690 1891 1718 1914 16
1738 1898 1760 1915 e.
1768 1891 1792 1915 6.
1899 1890 1962 1922 Diu,
1976 1897 2053 1923 atque
2066 1890 2213 1925 etiam‘post
2226 1892 2332 1919 tutelam
2352 1895 2356 1902 '
2370 1902 2387 1918 ε·

348 1920 376 1944 ιή
385 1916 559 1953 prorafutstb,
572 1918 694 1944 interdum
708 1921 738 1944 ab
752 1917 844 1951 insigni
857 1927 905 1944 non
918 1917 1051 1953 diuersam,
1067 1921 1127 1953 quin
1142 1919 1247 1944 Graeco.
1260 1919 1386 1944 eodemno-
1449 1922 1531 1948 alieni
1547 1923 1655 1949 arbitrii
1671 1929 1696 1950 et
1709 1924 1756 1950 sub
1777 1923 1938 1958 paedagogio
1957 1925 2008 1950 fuit
2022 1926 2126 1952 Sueton.
2135 1927 2231 1954 Claud..
2243 1936 2297 1954 c.2.

348 1956 412 1979 mine
421 1953 554 1988 πηρασῆμι
568 1959 591 1978 Ν
605 1953 711 1979 tutelam
724 1959 747 1978 et
760 1953 858 1986 insigne
869 1951 1078 1987 εοηιρνεὶιεηᾱζθὲ,
1091 1952 1184 1978 erudite
1197 1953 1306 1988 disputat
1314 1954 1386 1980 Stan-
1400 1959 1432 1985 50
1449 1959 1504 1983 sare
1519 1966 1584 1983 onus
1598 1958 1694 1984 tutelae
1707 1958 1808 1987 Paullus
1822 1960 1850 1984 in
1863 1960 1880 1986 l.
1898 1960 2043 1986 Nesennius
2058 1961 2130 1987 D.de
2143 1962 2359 1990 excusationibus.

349 1989 392 2014 lei.
403 1987 437 2013 ad
448 1988 566 2023 Aeschyli
573 1987 667 2023 Stprem
681 1994 768 2014 contra
785 1987 918 2022 Thebas-p.
929 1996 972 2022 214
979 1987 1022 2023 sq.
1042 1985 1198 2023 affirmatque
1211 1988 1344 2023 Diofturos
1359 1990 1386 2013 in
1450 1992 1532 2018 tutela
1544 1992 1576 2018 ad
1590 1993 1739 2027 legitimum
1752 2001 1867 2021 tutorem
1907 1995 2011 2029 leian.
2023 1996 2052 2022 in
2064 1996 2081 2022 l.
2110 1996 2136 2023 Si
2149 1999 2206 2031 quis
2226 1999 2272 2024 sub
2284 1997 2375 2025 condit

347 2026 408 2049 »zani
420 2022 594 2050 Alexandrina
608 2021 669 2049 Aa.
681 2021 768 2058 Apost.
784 2030 823 2055 28,
836 2033 859 2049 11
882 2023 990 2049 tutelam
1013 2021 1092 2056 stmul
1125 2029 1148 2048 et
1172 2023 1272 2058 insigne
1297 2021 1384 2059 suiffe.
1449 2028 1481 2053 de
1502 2028 1691 2055 testamentaria
1711 2030 1799 2056 tutela.
1893 2031 2049 2064 Papinianus
2074 2032 2092 2058 l.
2107 2037 2121 2062 8
2157 2034 2190 2060 D.
2205 2033 2236 2060 de
2255 2034 2328 2061 rutel.
2347 2039 2370 2060 et

347 2056 369 2095 q
390 2067 401 2090 3
438 2059 565 2085 Peculium·
576 2065 655 2085 autem
668 2062 764 2085 ratione
777 2060 853 2085 tutela
864 2057 897 2091 qs}
908 2057 1017 2093 potestas
1034 2061 1127 2084 tutoris
1142 2061 1169 2084 in
1190 2058 1326 2094 pupillum,
1346 2061 1385 2084 ius
1449 2062 1630 2096 distrahendis,
1651 2066 1779 2097 Quamuis
1794 2066 1853 2092 iure
1866 2066 2023 2100 postliminii
2036 2068 2144 2094 tutelam
2157 2069 2292 2103 pristinam
2304 2069 2374 2104 possit

346 2104 376 2120 ac
385 2092 494 2129 potestas
508 2095 612 2128 aliquem
630 2094 723 2120 tuendi.
839 2093 943 2120 Paullus
955 2094 973 2120 l.
991 2103 997 2120 1
1012 2094 1043 2120 D.
1058 2093 1089 2119 de
1103 2093 1206 2126 tutelis,
1225 2095 1334 2125 Tutela,
1348 2093 1384 2120 est
1447 2104 1558 2133 αὗται-ρ,
1665 2101 1821 2127 Remanebit
1836 2101 1916 2128 tutela
1930 2102 1997 2136 apud
2011 2103 2104 2129 fratres
2128 2105 2232 2138 lejgm-
2246 2105 2263 2131 1,
2278 2114 2286 2132 1
2307 2106 2336 2132 D,
2346 2104 2376 2131 de
2396 2117 2397 2120 =

347 2130 388 2156 viu
411 2138 438 2155 ac
463 2128 620 2163 potestaslin
638 2129 721 2163 capite
741 2128 826 2155 libero
848 2129 988 2155 constituta
1002 2129 1033 2155 ad
1048 2129 1176 2155 tuendum
1189 2139 1259 2163 eum,
1273 2130 1321 2164 qui
1332 2137 1381 2169 *per
1395 2140 1425 2166 55
1446 2137 1498 2161 mis
1509 2134 1652 2162 uum-ibn„
1745 2137 1893 2163 Remouese
1906 2137 2022 2172 aliquem
2035 2139 2115 2165 (uu-13
2129 2140 2203 2166 mem
2216 2141 2234 2166 1,
2247 2149 2265 2173 4
2283 2141 2314 2167 D„
2326 2139 2375 2166 def
2394 2137 2396 2159 ἲ

346 2170 454 2191 aetatem
468 2165 512 2191 sua
523 2165 613 2199 sponte
628 2165 652 2191 se
666 2164 806 2191 defendere
818 2165 924 2199 nequit,
945 2166 1003 2191 iure
1018 2165 1094 2191 ciuili
1120 2165 1177 2191 data
1197 2174 1226 2192 ac
1254 2165 1383 2205 permtlsa.
1447 2176 1495 2196 tut.
1603 2171 1728 2198 Remotus
1741 2181 1756 2198 a
1770 2173 1850 2199 tutela
1864 2173 1966 2199 Paullus
1977 2175 2006 2200 in
2020 2173 2038 2200 l.
2059 2174 2140 2208 Qid.
2155 2182 2242 2202 autem
2249 2176 2280 2203 D.
2290 2175 2320 2202 de
2331 2183 2387 2202 exe·

346 2200 466 2227 Tutores
487 2206 573 2226 autem
596 2200 663 2231 sunt,
686 2200 733 2234 qui
756 2208 813 2226 eain
832 2200 889 2226 vim
908 2209 937 2227 ac
950 2201 1100 2234 potestatem
1114 2201 1228 2240 habent.⁴
1326 2201 1382 2241 Cic:
1446 2205 1550 2241 Repem
1564 2211 1589 2232 et
1601 2208 1676 2233 rejici
1688 2216 1702 2234 a
1715 2208 1796 2234 tutela
1810 2209 1914 2242 leian.
1932 2209 1959 2235 j„
1972 2209 1988 2234 1,
2002 2209 2175 2237 Testamemo
2189 2212 2219 2239 D⁸
2237 2212 2268 2237 de
2288 2206 2413 2243 test-affl&

346 2237 400 2262 Att.
416 2245 432 2267 ¹,
444 2245 458 2268 4
494 2236 532 2262 De
551 2235 634 2262 tutela
655 2235 781 2270 legitima,
802 2235 830 2261 5¹¹
844 2244 895 2269 qua
908 2236 1007 2262 dicitur
1020 2236 1068 2262 effe
1084 2236 1184 2270 ΡΗΕΗΆ,
1204 2236 1251 2263 111Ῑῖ
1266 2237 1312 2263 Vsu
1326 2243 1383 2270 (³1³¹
1445 2242 1537 2268 tutela.
1644 2243 1763 2270 Retineat
1786 2246 1903 2276 tutelam,
1920 2245 2006 2279 quoad
2020 2246 2169 2272 restituatur
2180 2246 2308 2274 hereditas
2321 2245 2377 2281 Papi
2390 2255 2405 2274 ,1

346 2271 423 2306 posse·
526 2271 599 2297 Idem
613 2270 664 2297 Off·
676 2278 730 2304 Ι,35
751 2272 785 2297 Vt
798 2271 870 2297 enim
884 2272 980 2303 ‘melfis
994 2271 1026 2297 fic
1040 2273 1192 2306 Ρῑῡϋυϊόῐίῦ
1205 2273 1280 2307 RUP·
1294 2271 1325 2297 ad
1339 2280 1383 2298 ΕΟ·
1446 2277 1475 2304 in
1489 2278 1505 2303 l.
1526 2277 1552 2303 Si
1566 2277 1698 2312 impuberi
1713 2279 1744 2305 D.
1757 2279 1788 2305 de
1802 2279 1936 2306 tutoribus
1948 2286 1972 2306 et
1985 2281 2151 2308 curatoribus
2164 2282 2238 2314 datis,
2251 2289 2295 2310 etc.
2370 2281 2376 2307 l

347 2315 408 2333 rum
423 2306 574 2338 vtilitatem,
582 2306 628 2341 qui
643 2306 768 2333 commisii
782 2307 848 2339 sunt,
857 2316 910 2332 non
925 2307 955 2333 ad
970 2315 1071 2336 eorum,
1082 2307 1177 2341 quibus
1192 2309 1323 2334 commitla
1336 2307 1381 2340 est,
1396 2308 1432 2334 60
1445 2313 1512 2340 titur
1525 2312 1581 2339 eius
1594 2314 1672 2340 tutela
1683 2315 1714 2340 aj
1728 2321 1850 2349 agnatum
1869 2316 1970 2342 Paullus
1983 2317 2012 2343 in
2027 2316 2044 2342 1,
2065 2317 2188 2344 Ιηςρῑςᾱω
2203 2318 2234 2346 D,
2247 2319 2278 2345 de
2290 2311 2375 2352 leg'itin
2389 2314 2396 2339 't

346 2342 459 2376 gerenda
476 2342 519 2368 est.
615 2342 696 2368 Aetor
710 2343 807 2368 tutelae
839 2343 997 2377 Pomponius
1013 2343 1041 2368 in
1061 2344 1077 2369 l.
1100 2343 1171 2370 Solet
1183 2345 1215 2370 D.
1230 2344 1262 2370 de
1285 2343 1381 2370 tutelis.
1446 2349 1559 2376 toribus,
1652 2350 1746 2377 subire
1765 2359 1832 2377 onus
1852 2350 1962 2377 alicujus
1981 2352 2076 2378 tutelae
2091 2353 2164 2379 Idem
2179 2354 2207 2380 in
2220 2353 2238 2380 1,
2262 2351 2374 2385 Siigqui
2389 2348 2416 2381 [d

346 2379 407 2404 Iura
422 2377 562 2403 tutelarum
582 2377 638 2403 Cic.
651 2378 683 2404 de
697 2379 769 2408 Orat·
784 2386 803 2409 1,
818 2386 865 2409 ¹73·
973 2378 1076 2404 Cssfficifi
1090 2379 1187 2414 tutela,
1213 2380 1268 2406 vid·
1287 2386 1382 2406 CESSI·
1447 2384 1668 2412 excusationibus.
1761 2385 1884 2413 Sufficere
1896 2395 1948 2413 non
1962 2389 2030 2422 posse
2049 2388 2265 2416 administrationi
2280 2385 2364 2414 tutelae
2389 2393 2426 2415 1¹¹²»

349 2419 423 2445 evs,
440 2416 466 2438 in
481 2418 498 2438 c
510 2418 591 2444 EDO,
605 2415 657 2439 ere.
752 2413 883 2446 Legitima
894 2414 978 2452 'tu-tela
998 2415 1054 2440 Cic.
1067 2415 1119 2440 Att.
1134 2424 1153 2446 1,
1168 2423 1189 2447 5.
1284 2414 1383 2448 Legiti-
1447 2421 1541 2454 ponius
1562 2421 1590 2446 in
1603 2420 1621 2446 l.
1640 2421 1761 2447 Solet.D.
1784 2421 1816 2448 de
1830 2422 1925 2448 tutelis.
2032 2423 2110 2450 Sum:
2129 2425 2231 2459 leian.
2247 2423 2280 2455 l.3
2296 2418 2359 2448 D.de
2370 2419 2378 2445 l
2389 2419 2430 2453 μὴ

346 2457 403 2475 mae
418 2448 513 2474 tutelae
527 2448 656 2479 dicuntur,
670 2456 745 2481 quae,
760 2457 840 2481 quum
855 2456 912 2480 quis
925 2448 1044 2474 intestato
1060 2457 1179 2475 mortuus
1190 2450 1235 2481 est,
1249 2451 1305 2476 eius
1320 2449 1384 2476 libe·
1449 2456 1500 2481 mig
1514 2455 1657 2488 tutoribus,
1678 2457 1704 2482 Si
1718 2458 1814 2491 aliquis
1829 2466 1859 2483 ex
1875 2458 1990 2491 patronis
2003 2458 2148 2486 decesserit:
2182 2459 2252 2487 tutela
2262 2464 2334 2492 penes
2345 2463 2378 2480 ca·
2408 2466 2420 2479 ι,

346 2484 384 2510 ris
397 2484 452 2516 lege
467 2483 569 2509 dantur.
604 2483 669 2509 Dari
683 2489 770 2507 autem
784 2488 899 2520 agnatos,
908 2488 932 2508 et
945 2483 1160 2516 consanguineos,
1170 2485 1231 2509 item
1249 2492 1383 2517 patronos,
1399 2488 1430 2518 65
1446 2496 1570 2523 pan-onos
1583 2491 1634 2522 Est,
1654 2492 1774 2524 quamuis
1788 2493 1832 2518 ille
1846 2492 1929 2519 filium
1943 2494 2092 2528 reliquerit.
2158 2494 2253 2522 Tutela
2263 2499 2317 2518 non
2324 2489 2378 2517 Erit
2392 2504 2393 2508 =

347 2518 375 2545 id
389 2518 423 2544 est
438 2527 492 2549 eos,
508 2518 554 2552 qui
566 2517 596 2543 ad
610 2517 754 2551 legitimam
767 2516 939 2543 hereditatem
953 2516 1057 2542 admitti
1071 2518 1178 2550 possunt,
1189 2518 1283 2552 scribit
1296 2519 1384 2552 leia·
1447 2531 1586 2556 pau-onum
1623 2526 1781 2558 Papinianus
1795 2528 1823 2552 jn
1838 2528 1856 2553 1,
1877 2529 1902 2552 si
1915 2529 2046 2561 impuberi
2067 2531 2100 2556 D,
2114 2530 2146 2556 de
2160 2528 2288 2558 tutoribus
2306 2529 2331 2551 et
2343 2533 2378 2550 eui
2391 2536 2397 2546 ι

348 2562 397 2579 nus
410 2553 438 2579 in
452 2552 637 2578 consuetudine
651 2552 724 2577 fuiss'e
740 2562 745 2576 :
780 2557 805 2576 ct
820 2557 949 2590 patronos.
957 2551 991 2577 ob
1007 2560 1061 2577 eam
1077 2553 1188 2584 causam,
1213 2559 1241 2578 vt
1263 2553 1309 2586 qui
1330 2555 1382 2587 spe·
1447 2557 1496 2582 bus
1513 2558 1587 2583 datis.
1608 2566 1655 2584 etc.
1749 2561 1882 2593 Suscipere
1894 2564 2000 2588 tutelam
2021 2562 2122 2590 Paullus
2137 2565 2165 2590 in
2179 2566 2196 2594 l,
2214 2559 2379 2591 Amiciffimou
2399 2573 2402 2593 i

347 2594 434 2614 tarent
449 2587 643 2617 successionem,
661 2587 743 2612 iidem
757 2595 786 2612 ea
801 2586 870 2612 bona
883 2586 1020 2613 studiosius
1038 2593 1182 2614 tuerentur.
1278 2588 1382 2622 leian.
1447 2591 1665 2618 excusationibus.
1732 2594 1833 2620 Ibidem
1851 2595 1878 2619 in
1892 2596 1910 2620 1.
1929 2597 2014 2622 Plane.
2080 2599 2171 2624 Tacit.
2186 2601 2252 2624 Ann.
2266 2607 2275 2623 1
2285 2616 2294 2629 ‚
2312 2604 2336 2621 2-
2394 2599 2399 2627 ,’

347 2624 376 2650 ia
390 2623 406 2649 l.
421 2623 446 2649 Si
460 2628 533 2649 tutor
546 2621 716 2656 Reipublicae
731 2622 803 2647 causa
816 2622 846 2647 D.
861 2621 892 2648 de
907 2622 980 2648 tutel.
1005 2627 1031 2648 et
1052 2623 1149 2649 ration.
1173 2622 1278 2648 distrah.
1311 2624 1383 2657 Quia
1447 2628 1530 2661 scepta
1551 2627 1631 2653 tutela
1650 2627 1742 2653 finitur
1760 2638 1791 2654 eo
1815 2630 1872 2655 casu
1902 2630 2004 2655 Paullus
2026 2631 2052 2655 in
2071 2631 2087 2655 l.
2101 2626 2277 2657 ‘Amiciffimon
2300 2630 2330 2655 D.
2350 2629 2379 2656 de

347 2659 449 2692 semper
462 2658 580 2692 legitima
594 2657 674 2684 tutela
686 2657 893 2684 testamentariae
907 2657 983 2683 cedit.
1025 2657 1083 2684 Vici.
1097 2661 1171 2684 etiam
1181 2659 1280 2684 titulum
1294 2659 1332 2685 De
1347 2666 1383 2685 te·
1392 2667 1427 2695 70
1446 2662 1598 2688 sationibus.
1691 2664 1824 2697 Suscipere
1843 2662 1959 2690 officium
1972 2665 2068 2691 tutelae
2087 2665 2248 2692 Callistratus
2266 2666 2294 2692 in
2308 2665 2325 2690 l.
2345 2665 2379 2691 Ni

347 2694 511 2721 ssainentaria
526 2693 615 2719 tutela.
710 2692 839 2718 Abdicare
853 2693 878 2718 se
891 2692 985 2724 tutela,
1006 2692 1059 2718 vid.
1079 2699 1209 2719 ABDICO.
1309 2694 1382 2721 Abiit
1445 2703 1500 2723 tum
1517 2698 1548 2723 D.
1569 2697 1601 2722 de
1622 2698 1840 2725 excusationibus.
1947 2700 2079 2735 Suscipere
2097 2709 2162 2726 onus
2179 2701 2275 2727 tutelae
2293 2699 2379 2727 Paulli!

347 2729 381 2756 ad
395 2730 558 2763 propinquos
572 2727 668 2759 tutela,
688 2727 742 2753 vid.
762 2734 852 2754 ΑΒΕΟ.
946 2728 1052 2761 leian.
1067 2728 1082 2755 l.
1097 2737 1108 2760 3
1123 2729 1155 2754 D.
1167 2729 1200 2755 de
1212 2728 1319 2761 suspeet.
1333 2735 1382 2756 tut.
1446 2732 1618 2758 Amiciffimos
1627 2734 1657 2758 D.
1672 2732 1703 2758 de
1717 2734 1935 2761 excusationibus.
2051 2735 2182 2770 Suscipere
2195 2736 2313 2767 tutelam,
2332 2739 2368 2762 vi
2378 2750 2387 2756 -⁴

348 2765 412 2791 Non
426 2765 476 2790 crit
490 2764 612 2795 famosus,
627 2763 689 2797 quia
703 2771 755 2788 non
768 2762 804 2788 est
816 2762 890 2788 abire
903 2762 983 2789 tutela
996 2763 1083 2789 iussus.
1200 2763 1304 2797 leian.
1325 2765 1353 2790 in
1366 2764 1383 2791 l.
1450 2773 1537 2793 DARE
1552 2767 1670 2799 tutelam,
1683 2768 1772 2803 sicpra.
1865 2770 1994 2796 Sustinere
2008 2770 2154 2803 periculum
2169 2771 2279 2797 alicuius
2293 2770 2358 2797 tutel
2376 2779 2378 2784 ·

347 2801 375 2826 Si
388 2799 574 2826 filnnfamiliaa
587 2799 619 2824 D.
634 2798 665 2824 dc
678 2798 767 2824 tutelis
777 2817 784 2829 ,
803 2798 828 2824 Si
845 2797 1028 2824 filiusfamilias
1041 2803 1113 2824 tutor
1130 2807 1144 2824 a
1166 2798 1289 2825 Praetore
1309 2799 1381 2826 datus
1446 2802 1486 2827 lus
1499 2802 1528 2827 in
1543 2802 1560 2827 l.
1581 2802 1607 2827 Si
1621 2803 1651 2832 is,
1672 2803 1718 2836 qui
1732 2804 1762 2829 D.
1779 2802 1811 2828 de
1824 2804 2042 2831 excusationibus.
2147 2806 2253 2833 Teneri
2266 2804 2380 2837 iudicio
2395 2821 2398 2826 ·

348 2836 387 2868 sit,
403 2835 420 2861 si
434 2835 540 2869 quidem
555 2840 628 2869 pater
641 2833 748 2859 tutelam
763 2834 880 2867 Aguouit
898 2844 903 2860 :
939 2835 967 2860 in
982 2833 1096 2860 solidum
1110 2833 1186 2860 debet
1201 2834 1294 2860 teneri.
1355 2836 1380 2861 Si
1396 2835 1428 2864 75
1446 2837 1551 2871 leian.
1565 2837 1599 2864 l.t
1621 2838 1652 2863 D.
1667 2837 1698 2864 de
1712 2839 1786 2865 tutel.
1802 2844 1826 2865 et
1839 2840 1936 2866 ration.
1951 2840 2132 2868 distrahendis.
2226 2841 2314 2868 Tradi
2327 2837 2405 2879 ianl

346 2880 401 2897 non
415 2871 524 2905 agnouit
539 2880 544 2896 ε
581 2870 704 2895 duntaxat
719 2869 750 2895 de
762 2869 873 2902 peculio.
928 2869 1069 2904 Agnouiss‘e
1089 2875 1174 2895 autem
1188 2869 1313 2903 videtur,
1329 2871 1381 2897 flue
1445 2873 1501 2899 Cic.
1515 2873 1546 2898 de
1559 2873 1633 2899 Orat.
1648 2882 1670 2903 2,
1685 2881 1734 2905 ¹93-
1841 2875 1918 2901 Caius
1932 2875 1959 2901 in
1973 2875 2098 2902 1.Tutela
2115 2877 2146 2902 D.
2157 2875 2189 2902 de
2201 2877 2298 2908 tutelis,
2311 2877 2383 2909 Tute

347 2906 432 2941 gestit,
448 2906 501 2932 siue
516 2906 617 2937 gerenti
632 2904 690 2930 filio
704 2904 844 2935 consensit,
863 2904 915 2930 flue
928 2905 1039 2931 omnino
1054 2906 1160 2931 tutelam
1174 2906 1269 2939 attigit.
1308 2907 1382 2932 Vnde
1445 2916 1558 2942 rumque
1571 2909 1649 2934 virile
1663 2907 1779 2935 officium
1794 2910 1836 2935 est.
1872 2916 1898 2936 et
1910 2910 2043 2937 sciendum
2057 2913 2108 2946 est,
2128 2912 2226 2938 nullam
2246 2913 2349 2939 tutelam
2362 2904 2402 2947 'blf

347 2951 428 2976 quum
444 2936 551 2975 quidam
566 2940 621 2966 filio
634 2940 779 2974 scripliss'et,
817 2946 844 2966 vt
859 2939 997 2974 diligenter
1016 2941 1124 2966 tutelam
1138 2947 1256 2974 gereret,
1294 2943 1383 2975 Quun
1445 2945 1515 2970 tario
1530 2944 1586 2970 iure
1600 2944 1631 2969 ad
1649 2944 1730 2969 alium
1744 2945 1882 2972 Transire.
1952 2947 1982 2972 Et
1996 2947 2056 2973 licet
2069 2946 2101 2973 ad
2114 2947 2211 2974 liberos
2225 2948 2311 2975 virilis
2329 2949 2363 2982 se,-
2388 2961 2406 2982 g>

348 2977 411 3003 scias
425 2977 586 3010 (inquiens)
604 2975 761 3009 periculum,
775 2975 807 3001 ad
820 2983 867 3001 nos
882 2977 1014 3010 pertinere
1028 2986 1033 3001 ε
1069 2975 1135 3009 dixi,
1147 2977 1215 3001 hunc
1229 2986 1334 3012 quoque
1342 2978 1381 3003 vi·
1447 2979 1533 3006 seciae
1553 2979 1642 3005 aetatis
1664 2979 1820 3006 descendunt
1838 2981 1986 3015 legitimae,
2007 2989 2122 3009 caeterae
2142 2989 2227 3009 tamen
2246 2992 2299 3010 non
2311 2983 2355 3010 des
2367 2994 2375 3007 ⁴

347 3013 406 3038 deri
435 3012 573 3046 agnouisse.
612 3010 687 3036 Plane
708 3010 725 3036 fi
750 3010 835 3036 solum
857 3013 962 3037 monuit
991 3011 1084 3042 tilium,
1096 3020 1150 3037 non
1167 3011 1272 3038 videtur
1287 3014 1382 3046 agnita.
1400 3012 1432 3038 80
1449 3014 1523 3040 Valet
1538 3014 1617 3041 tutela
1630 3015 1790 3048 Pomponius
1804 3017 1831 3041 in
1846 3017 1861 3042 l.
1877 3017 1902 3042 Si
1916 3026 1993 3043 nemo
2009 3019 2031 3044 D
2055 3018 2086 3043 de
2100 3019 2291 3046 testamentaria
2302 3014 2403 3046 tuteln¹7=

349 3048 433 3081 Agere
446 3047 542 3074 tutelae
558 3054 617 3073 cnm
630 3052 718 3072 tutore
747 3046 852 3079 leian.
871 3046 897 3071 in
911 3047 927 3073 l.
941 3055 950 3072 1
965 3047 994 3073 D.
1010 3047 1041 3072 de
1056 3046 1128 3073 tutel.
1143 3052 1168 3072 et
1182 3047 1277 3074 ration.
1291 3048 1381 3076 distra-
1446 3051 1504 3076 nire
1519 3050 1546 3076 in
1558 3051 1741 3076 suanitutclam
1762 3052 1966 3086 Cic.Topir.44
1974 3062 2030 3079 c.10
2044 3054 2180 3080 Craffusin
2188 3055 2383 3083 Curianacausa*
2398 3057 2400 3060 ’

347 3083 450 3110 hendis.
558 3083 589 3109 Et
601 3082 686 3116 rursus
699 3081 800 3107 ibidem
814 3082 830 3107 l.
844 3081 869 3107 Si
883 3087 954 3108 tutor
961 3081 1130 3116 Reipublicae
1146 3083 1227 3108 causa.
1298 3085 1381 3111 Amit-
1445 3086 1494 3120 plis
1502 3085 1623 3119 plurimis
1634 3086 1688 3112 vsus
1696 3087 1739 3116 est,
1748 3095 1824 3120 agens
1832 3087 1862 3113 de
1871 3089 1965 3121 eo„qui
1975 3090 2125 3115 testamento
2133 3089 2165 3115 fic
2179 3090 2301 3117 heredem
2314 3078 2399 3117 mstis}

348 3125 404 3144 tere
438 3117 546 3144 tutelam
579 3117 724 3151 legitimam
762 3117 887 3151 leianus
906 3117 934 3143 in
953 3117 969 3143 l.
983 3126 994 3143 2
1008 3118 1038 3143 D.
1053 3117 1084 3143 de
1097 3117 1223 3151 legitimis
1238 3120 1380 3146 tutoribus.
1444 3127 1472 3148 vt
1486 3121 1503 3147 si
1516 3121 1585 3147 filius
1599 3127 1671 3146 natus
1684 3122 1742 3147 ell'et
1757 3123 1784 3148 in
1798 3122 1886 3148 decem
1900 3123 2038 3156 mensibus,
2059 3124 2133 3158 isque
2146 3133 2265 3152 mortuus
2278 3126 2365 3160 prius,
2386 3102 2426 3167 ’Ξ

346 3154 420 3180 Idem
441 3155 468 3180 in
482 3153 498 3179 l.
514 3162 522 3179 1
538 3154 570 3179 D.
579 3152 610 3178 de
626 3162 667 3185 eo,
682 3152 728 3187 qui
743 3161 790 3186 pro
803 3158 902 3185 tutore,
909 3160 954 3179 etc.
973 3153 999 3178 Si
1012 3153 1122 3179 omnino
1135 3162 1189 3179 non
1205 3154 1329 3188 Attigerit
1342 3163 1382 3182 tu-
1446 3158 1517 3183 suam
1530 3157 1635 3183 tutelam
1652 3157 1765 3188 venisset,
1779 3159 1902 3184 secundus
1916 3159 1990 3185 heres
2003 3160 2176 3187 hereditatem
2196 3161 2350 3188 obtinuisset.
2362 3183 2365 3192 ,.
2387 3184 2389 3187 .
2409 3163 2426 3178 ’-

347 3190 436 3222 telam,
449 3197 502 3216 non
517 3187 657 3215 tenebitur.
730 3188 824 3222 Neque
838 3189 908 3214 enim
928 3188 1055 3222 attingere
1069 3189 1169 3221 debuit,
1184 3190 1230 3222 qui
1243 3197 1312 3217 tutor
1327 3200 1381 3217 non
1394 3193 1426 3228 ss5
1445 3195 1548 3228 Inquit,
1569 3192 1707 3226 Boethius,
1727 3194 1794 3219 Ante
1809 3194 1897 3220 obiret
1915 3194 2000 3228 diem,
2022 3205 2099 3229 quam
2117 3197 2296 3223 testamentum
2316 3197 2367 3224 iun
2382 3208 2395 3220 :¹
2413 3207 2416 3219 2

347 3231 413 3252 erat.
508 3223 658 3250 Cohaerere
671 3223 760 3250 tutelis
775 3229 833 3249 ante
846 3224 966 3258 susceptis
986 3223 1158 3258 Triphonius
1173 3225 1201 3250 in
1217 3225 1233 3250 l.
1243 3226 1338 3258 penult.
1349 3228 1380 3253 D.
1444 3229 1534 3263 poll'et,
1554 3227 1676 3254 secundus
1689 3227 1762 3254 heres
1776 3229 1929 3255 succederet.
1998 3231 2071 3257 Idem
2084 3231 2139 3258 Cic.
2155 3231 2186 3258 de
2199 3232 2272 3259 Orat.
2283 3241 2301 3266 1,
2315 3236 2338 3262 18
2372 3228 2386 3258 (-
2403 3242 2404 3245 ¹

347 3259 380 3286 de
405 3259 624 3286 excusationibus.
719 3259 911 3285 Commendare
934 3258 1002 3285 tilios
1017 3260 1074 3285 suos
1087 3259 1195 3285 alicuius
1210 3262 1305 3287 tutelae
1324 3263 1380 3288 Cic.
1447 3266 1484 3297 Q
1501 3263 1623 3289 Scaeuola
1644 3271 1674 3289 cx
1693 3264 1788 3297 scripto
1806 3266 2018 3292 testamentorum
2041 3267 2097 3293 iura
2117 3266 2283 3301 defenderet,
2315 3274 2371 3302 nega

347 3296 380 3321 de
396 3297 470 3322 Orat.
487 3303 505 3325 r,
519 3300 565 3324 228
579 3303 599 3320 c.
615 3301 649 3327 53.
750 3294 940 3320 Commendata
955 3295 1050 3320 tutelae
1063 3295 1165 3321 nostrae
1180 3296 1283 3322 Lucret.
1298 3306 1319 3329 5,
1329 3305 1383 3330 859-
1448 3298 1495 3325 nili
1516 3299 1647 3333 postumus
1666 3304 1691 3324 et
1711 3305 1800 3332 natus,
1821 3307 1846 3325 et
1860 3306 1920 3325 ante
1932 3309 2010 3333 quain
2023 3302 2051 3328 in
2065 3303 2136 3329 suam
2150 3302 2256 3329 tutelam
2267 3303 2377 3334 venisset,⁴

347 3330 520 3357 Committere
534 3331 557 3355 sc
571 3330 598 3355 in
612 3328 720 3355 tutelam
733 3328 843 3354 alicuius
876 3330 944 3355 Ter.
959 3329 1027 3355 Prol.
1037 3331 1099 3355 Hec.
1114 3339 1148 3360 52.
1253 3333 1382 3359 Commit-
1447 3342 1506 3361 tuus
1524 3334 1596 3364 effer,
1616 3333 1736 3360 heredem
1753 3344 1813 3360 eum
1827 3337 1874 3361 effe
1889 3337 1970 3369 polle,
1985 3338 2101 3371 quiesset
2122 3338 2261 3364 secundum
2281 3339 2372 3373 pastum

347 3372 403 3392 tere
420 3365 497 3392 alicui
514 3365 622 3392 tutelam
644 3364 749 3398 leian.
766 3364 782 3389 Ι.
797 3365 873 3390 Muto
887 3365 918 3390 D.
933 3364 965 3390 de
977 3365 1074 3391 tutelis.
1167 3366 1240 3393 Idem
1255 3368 1282 3393 in
1295 3368 1311 3394 l.
1327 3369 1382 3394 Te·
1393 3375 1428 3403 99
1446 3377 1536 3396 natum
1551 3376 1575 3395 et
1589 3375 1723 3395 mortuum
1743 3368 1816 3396 heres
1839 3371 1987 3397 institutus:
2014 3381 2062 3407 ego
2074 3378 2159 3399 autem
2173 3373 2338 3400 defenderem
2355 3386 2358 3396 ·
2374 3371 2404 3406 1·1,,,”

348 3402 475 3427 {lamento
492 3401 523 3427 D.
536 3401 568 3427 de
581 3399 773 3427 testamentaria
786 3400 874 3426 tutela.
982 3401 1152 3427 Vacationem
1167 3403 1307 3428 tutelarum
1322 3413 1381 3430 con-
1449 3411 1537 3432 mente
1553 3404 1636 3435 fuin‘e,
1655 3405 1701 3438 qui
1714 3405 1893 3432 testamentum
1908 3406 2014 3440 fecisset,
2033 3413 2060 3435 vt
2074 3408 2092 3434 fi
2106 3408 2175 3435 filius
2188 3418 2241 3435 non
2255 3410 2321 3442 esset,
2333 3407 2373 3444 qui
2386 3407 2434 3438 ἐ’

348 3436 438 3462 cedere
451 3436 547 3467 alicui,
568 3436 593 3462 h.
607 3445 626 3462 e.
648 3437 687 3461 Ne
699 3442 803 3471 cogatur
816 3436 921 3461 alicuius
932 3437 1033 3462 tutelam
1040 3436 1167 3471 suscipere
1185 3437 1346 3465 Callistratus
1356 3440 1383 3466 in
1448 3442 1527 3468 telam
1541 3440 1653 3471 veniret,
1671 3441 1708 3466 Μ.
1727 3441 1822 3467 Curius
1838 3443 1896 3467 eti'ct
1917 3441 1998 3469 heres.
2096 3444 2240 3471 Secundum
2253 3445 2404 3478 postumum·
2426 3445 2431 3466 ¹

347 3470 366 3497 l.
381 3471 443 3497 Non
458 3478 555 3497 tantum
571 3472 601 3497 l).
617 3471 648 3497 de
663 3470 884 3497 excusationibus.
977 3469 1018 3496 Ad
1048 3471 1155 3497 tutelam
1185 3474 1284 3507 patriae
1314 3481 1384 3502 tanta
1448 3475 1505 3509 Pqsl
1513 3474 1656 3511 postumum.
1736 3476 1766 3501 In
1787 3477 1857 3503 suam
1870 3478 1951 3511 igitur
1969 3477 2077 3505 tutelam
2096 3481 2207 3512 veniffe,
2225 3480 2261 3507 est
2275 3479 2320 3506 Sui
2335 3477 2434 3506 iurwwo·

348 3506 493 3532 multitudo
508 3507 665 3533 feminarum
679 3506 822 3536 concurrit,
838 3512 874 3536 vt,
889 3512 934 3532 ete.
972 3505 1061 3532 lustin.
1083 3515 1119 3539 25.
1223 3509 1384 3538 Confirmata
1449 3521 1502 3538 non
1516 3510 1622 3540 tutoris,
1643 3516 1668 3535 et
1682 3518 1728 3544 per
1739 3517 1848 3539 aetatem
1863 3513 2043 3540 testamentum
2057 3515 2142 3541 facere
2155 3516 2231 3549 posse.
2317 3513 2354 3542 Sic
2386 3513 2408 3550 πῖ

348 3541 430 3567 tutela
450 3541 554 3575 leiau.
571 3542 599 3568 in
612 3543 628 3567 l.
643 3542 667 3568 Si
684 3540 811 3568 hereditat
825 3541 855 3567 D.
868 3540 900 3567 de
913 3540 1103 3569 testamentaria
1121 3543 1209 3569 tutela.
1313 3547 1383 3572 Con·
1395 3547 1428 3574 93
1447 3547 1566 3581 loquitur
1577 3546 1630 3580 ipse
1648 3546 1703 3571 Cic.
1719 3546 1745 3571 in
1760 3547 1832 3574 Brut.
1848 3558 1891 3581 ¹⁹4
1905 3555 1927 3574 ct
1940 3551 1995 3581 196.
2050 3550 2122 3585 Cous.
2132 3550 2198 3585 Nep.
2209 3556 2243 3583 18,
2251 3559 2272 3583 a,
2280 3559 2303 3577 2..
2344 3551 2347 3554 ’
2388 3567 2400 3576 =

348 3577 440 3602 venire
454 3576 569 3608 aliquem
589 3577 691 3603 tutelae.
707 3577 811 3604 subaud.
831 3576 934 3603 Iudicio
967 3577 1071 3610 leian.
1085 3577 1114 3603 in
1126 3578 1144 3604 l.
1159 3579 1185 3604 Si
1199 3585 1272 3606 tutor
1286 3581 1382 3616 Reipu-
1447 3583 1498 3608 sari
1512 3582 1539 3608 in
1552 3582 1638 3615 aliqua
1651 3581 1740 3613 tutela,
1752 3589 1801 3617 pro
1814 3584 1941 3610 Tutelam
1954 3585 2069 3619 aliquam
2081 3585 2262 3613 administrare
2275 3581 2427 3622 leiart.l¹

348 3611 431 3638 blicac
445 3613 516 3637 causa
532 3613 563 3637 I).
577 3613 608 3638 de
622 3613 696 3638 tutel.
710 3618 735 3638 et
749 3613 844 3638 ration.
865 3611 1047 3639 distrahendis.
1153 3615 1298 3642 Det-emere
1317 3623 1382 3643 tute·
1447 3618 1479 3644 dc
1492 3617 1612 3652 suspeffls
1625 3617 1772 3648 tutoribus,
1790 3619 1816 3645 Si
1830 3625 1901 3646 tutor
1914 3620 2034 3646 inimicus
2048 3621 2150 3655 pupillo
2163 3621 2341 3655 parentibusue
2353 3609 2418 3654 gij?

347 3647 399 3673 lam
413 3647 491 3674 alicui
510 3647 581 3673 Idem
595 3649 622 3673 in
637 3648 653 3673 l.
669 3648 813 3681 Legitimos
828 3649 859 3675 D.
874 3648 906 3674 de
920 3648 1044 3682 legitimis
1058 3648 1199 3676 tutoribus.
1271 3653 1381 3680 Deserre
1447 3659 1472 3680 et
1485 3652 1654 3690 generaliter,
1674 3651 1692 3676 fi
1708 3661 1757 3686 qua
1770 3654 1835 3680 iusta
1849 3656 1923 3681 causa
1937 3656 2087 3682 Praetorem
2100 3657 2232 3689 mouerit,
2253 3665 2297 3683 cur
2313 3662 2361 3682 non
2369 3648 2425 3681 ‘ms'

347 3682 425 3708 alicui
439 3682 546 3708 tutelam
561 3693 566 3708 :
602 3689 627 3708 et
643 3683 733 3709 Delata
747 3683 826 3709 alicui
840 3683 922 3710 tutela
941 3684 1044 3710 Paullus
1059 3683 1087 3709 in
1101 3683 1151 3710 l.Si
1165 3685 1249 3720 is,qui
1257 3687 1288 3713 D.
1297 3688 1329 3714 de
1338 3697 1379 3715 ex·
1445 3688 1474 3715 in
1494 3697 1523 3714 ea
1539 3687 1619 3714 tutela
1639 3688 1751 3714 versari:
1785 3690 1897 3716 reiicerc
1911 3699 1970 3716 eum
1984 3691 2099 3717 debebit.
2201 3691 2302 3719 Vocari¹
2312 3688 2341 3719 ad
2351 3679 2424 3716 TUM„

346 3718 534 3744 cusationibui.
607 3717 696 3743 Delata
710 3718 790 3744 alicui
803 3719 882 3745 tutela
896 3727 927 3745 ex
942 3720 1093 3746 testamento
1119 3719 1294 3755 Tryphonius
1313 3724 1341 3749 in
1361 3724 1378 3751 l.
1389 3728 1437 3747 100
1445 3723 1598 3758 Papinianus
1611 3722 1639 3748 in
1653 3722 1668 3747 l.
1684 3724 1738 3756 Qui
1751 3726 1857 3752 tutelam
1872 3727 1904 3752 D.
1918 3725 1949 3751 de
1963 3726 2154 3753 testamentaria
2171 3728 2259 3754 tutela.
2327 3737 2330 3739 ·

347 3754 444 3787 penult.
458 3754 489 3779 D.
504 3753 536 3779 de
549 3753 767 3778 excusationibus.
837 3755 938 3780 Paullus
953 3755 980 3780 in
994 3755 1012 3782 l.
1026 3754 1084 3781 Post
1095 3755 1234 3790 susceptam
1248 3758 1278 3783 D.
1293 3758 1325 3785 de
1337 3768 1381 3789 ex-
1485 3765 1507 3785 ‘r
1519 3765 1539 3784 ν
1549 3764 1573 3784 Τ
1587 3764 1603 3784 Ε
1614 3763 1658 3783 LA
1669 3764 1687 3783 R
1699 3765 1708 3783 1
1723 3765 1747 3790 s,
1763 3767 1785 3785 e.
1821 3760 1880 3786 Adi.
1935 3762 2007 3799 Quod
2018 3762 2051 3787 ud
2063 3763 2163 3788 tutelam
2172 3765 2296 3798 pertinet:
2320 3764 2362 3797 >tas,
2376 3741 2434 3824 13ἒὲ

348 3788 540 3819 curationibus,
558 3788 615 3814 Post
645 3789 785 3821 susceptam
807 3790 915 3816 tutelam
939 3799 1036 3821 caecus,
1054 3795 1098 3816 aut
1115 3798 1213 3825 mutus,
1224 3799 1269 3819 aut
1283 3794 1382 3827 surdus,
1447 3793 1566 3820 tutelaris
1600 3793 1703 3826 leian.
1715 3794 1743 3819 in
1757 3794 1774 3821 l.
1789 3796 1930 3822 Videamus
1947 3799 1970 3832 9.
1988 3805 1997 3822 1
2018 3797 2048 3822 D.
2064 3797 2095 3822 de
2108 3798 2182 3824 litem
2201 3797 2320 3825 iurando.
2336 3804 2338 3807 ¹
2374 3816 2390 3828 .,
2426 3827 2428 3829 ‚

347 3829 390 3848 aut
405 3824 528 3855 furiosus,
543 3830 586 3850 aut
600 3823 805 3850 valetudinarius
822 3825 961 3858 Deponere
974 3826 1080 3852 tutelam
1094 3827 1183 3859 potest.
1234 3829 1381 3864 Paupertas,
1446 3829 1586 3861 tutelares,
1606 3829 1636 3854 In
1649 3837 1749 3862 quorum
1763 3832 1841 3857 tutela
1850 3832 1913 3866 sunt
1927 3831 1997 3858 urbes
2016 3832 2135 3858 Macrob.
2151 3833 2251 3860 Saturn.
2265 3842 2284 3864 3,
2295 3840 2319 3865 9,-
2386 3829 2390 3851 Ι
2421 3839 2434 3858 'd

348 3866 412 3889 quae
439 3861 513 3891 operi
546 3865 571 3884 et
603 3859 679 3885 oneri
709 3860 805 3886 tutelae
825 3860 911 3893 impar
932 3861 976 3893 est,
1001 3861 1065 3887 solet
1076 3861 1194 3889 tribuere
1206 3866 1382 3893 vacationem.
1445 3864 1568 3891 tutelares
1583 3863 1703 3895 Arnob.3
1723 3873 1803 3898 P-115.
1897 3867 2003 3892 Praetor
2016 3868 2134 3894 tutelaris
2148 3868 2294 3902 Capitol.in
2307 3858 2387 3899 11111.Ρῖ
2433 3881 2434 3884 1

346 3893 508 3920 Descendunt
521 3894 616 3922 tutelae
630 3894 662 3922 ad
675 3894 805 3929 aliquem,
825 3896 877 3922 vid.
893 3895 1001 3924 Transit
1015 3896 1102 3924 tutela.
1192 3899 1330 3928 Descendit
1343 3906 1434 3934 ιιι-ιος
1442 3908 1464 3926 c.
1479 3907 1516 3926 10.
1623 3898 1674 3926 Sub
1697 3901 1772 3928 annii
1792 3899 1875 3929 adhuc
1895 3898 2050 3930 tutelaribus
2062 3910 2141 3938 agunt
2180 3903 2269 3931 Sidon·
2289 3897 2418 3961 EPfflbfflf‘
