2434 4156
364 151 433 194 803
713 137 758 178 T
871 138 888 179 1
1009 136 1050 176 Ν
1798 130 1843 170 Τ
1947 134 1964 173 Ι
2069 133 2113 173 T
2368 144 2410 203 '80
2413 158 2429 196 4

367 241 402 264 ιιι,
411 232 450 262 163
471 227 740 262 Tintinabulumfic
747 228 869 264 quuitur,
903 224 990 251 Redde
997 224 1086 263 pilam,
1094 222 1167 249 sona(
1174 230 1215 249 2⁶!
1223 220 1397 255 thermarum,
1491 228 1514 251 'r
1523 231 1533 251 1
1545 229 1566 250 Τ
1576 230 1597 252 Α
1605 229 1624 250 R
1633 227 1650 249 Ε
1658 227 1671 248 S
1680 227 1690 246 1
1700 224 1723 244 V
1733 223 1757 251 S,
1764 217 1784 245 i.
1791 226 1826 244 m.
1841 218 2005 256 [Τιταρήσιος]
2024 223 2129 250 Homero
2142 221 2218 250 iliad.
2228 230 2243 248 2
2267 220 2361 249 Flauius
2375 227 2416 264 ςῃ

365 265 456 294 ludere
470 265 572 300 pergis?
665 264 777 298 Virgine
789 264 830 289 vis
838 262 892 288 sola
907 261 974 286 lotus
988 259 1059 284 ab1re
1074 258 1191 286 domum.
1344 256 1365 294 ff
1385 265 1398 283 2
1456 265 1537 286 ortum
1547 259 1649 290 habens,
1661 258 1704 291 qui
1717 256 1744 280 in
1765 255 1866 281 Peneum
1884 257 2005 290 influent,
2021 258 2090 284 illius
2101 261 2171 293 aqui,-
2184 267 2232 283 non
2243 255 2361 290 confundi
2390 278 2401 289 K,
2428 278 2430 281 ,

370 301 484 329 Vehiculi
498 310 574 337 genus
584 299 724 336 ligrzficare
737 306 777 334 ap.
794 298 877 324 Plaut.
890 294 979 321 Pseud.
988 294 1004 320 1.
1013 303 1034 319 c.
1046 300 1069 319 et
1084 294 1152 319 Varr
1161 312 1168 319 .
1180 293 1212 319 de
1232 294 1261 321 L.
1273 293 1303 319 L.
1318 303 1343 328 p.
1359 302 1396 325 34,
1455 292 1536 326 instar
1548 296 1592 321 olei
1604 297 1722 320 innatans
1737 293 1856 316 excurrit.
1891 291 1985 316 Lucan.
1998 293 2024 323 6,
2037 296 2088 326 376
2097 293 2167 320 habet
2180 292 2328 319 Titaresus.
2382 314 2389 321 ,
2400 306 2418 322 ,v-

364 345 404 371 14.
424 338 480 362 vult
493 336 611 372 Scaliger.
630 345 696 371 quem
714 334 771 360 hene
785 332 880 367 refellit
891 330 924 355 ad
942 330 1027 355 Plauti
1038 329 1056 354 Ι.
1070 337 1092 354 c.
1107 328 1255 355 Gronout'us.
1403 351 1414 360 ,,
1493 335 1514 355 Τ
1523 337 1531 355 1
1541 337 1562 357 ‘r
1571 337 1591 356 H
1601 332 1620 357 ὁ
1632 336 1654 355 N
1663 333 1683 352 v
1697 331 1722 356 S,
1737 325 1754 350 i.
1770 333 1804 363 ιιι.
1843 325 1975 359 [Τιθωνὸς]
2011 326 2099 354 Frater
2112 326 2299 354 Laomedontis
2313 327 2361 353 fuit
2377 344 2409 355 «1...

400 378 421 397 Τ
432 378 441 396 1
450 379 472 397 N
483 377 505 398 T
517 379 526 397 1
537 377 558 397 N
575 378 593 396 N
606 376 649 397 ΑΒ
661 378 679 396 ν
691 376 705 395 1.
716 377 737 396 A
749 375 769 394 Τ
778 376 798 394 v
808 375 830 398 s,
842 374 865 398 a,
879 373 934 391 um.
970 364 1068 397 Greges
1085 363 1284 390 tintinnabulati
1303 363 1394 390 Sidon.
1421 357 1436 385 5
1457 364 1625 397 praeliantem
1639 365 1743 390 Aurora
1757 360 1867 393 dilexit,
1894 367 1920 387 et
1937 360 2040 394 rapuit,
2057 370 2088 388 ex
2099 372 2149 396 qua
2160 364 2329 389 Memnonem
2342 361 2360 387 fi

362 408 409 442 Ep.
425 415 451 440 2,
475 415 488 432 2
507 407 551 433 Al.
571 405 736 432 tinnibulati.
999 432 1008 439 ,
1457 398 1531 432 nuit,
1550 400 1592 427 sed
1605 399 1708 427 tandem
1721 396 1776 430 posi
1790 395 1960 430 longislimam
1974 401 2139 429 optatamque
2151 397 2244 429 vitam,
2257 395 2345 424 audita
2361 420 2362 423 ,
2380 396 2405 425 ..s

399 448 439 468 '1'1
452 448 473 467 N
484 449 505 468 Τ
516 448 523 467 ι
535 448 556 467 Ν
568 447 589 466 Ν
600 448 646 467 AC
656 440 676 467 57
687 446 702 465 L
714 447 733 465 v
745 445 769 468 s,
784 437 803 463 i.
822 444 857 462 m.
893 432 1045 468 [κωδωνῖςαν]
1065 434 1116 469 Qu*
1134 436 1306 460 tinnimentum
1314 432 1395 468 facit.
1457 433 1498 459 nis
1532 434 1582 461 filii
1614 439 1712 465 morte,
1746 432 1774 457 in
1787 431 1902 458 cicadam
1916 440 1930 457 a
1951 431 2036 458 Poetis
2050 433 2140 457 versus
2159 434 2206 459 esse
2220 432 2330 459 dicitur:
2372 416 2410 494 Β

362 477 446 505 Plaut.
463 477 549 503 Truc.
568 486 596 510 4,
610 485 628 506 3,
643 480 656 505 8
687 473 744 500 Nisi
764 471 794 498 ad
815 469 1000 498 tintinnaculos
1019 469 1097 496 vultis
1115 477 1162 496 von
1182 469 1259 496 educi
1278 469 1361 502 viros,
1374 472 1392 495 i.
1456 468 1504 494 vio
1518 477 1646 498 enarrante
1658 468 1734 502 Virg.
1749 467 1812 492 Aen.
1826 476 1850 499 4,
1864 473 1906 499 535
1926 466 2046 493 Tithoni
2058 475 2178 493 croceum
2190 468 2311 500 linquens
2327 467 2363 493 Au
2376 482 2385 494 ,ι
2401 466 2408 481 '³

362 512 549 547 adCarnrfices,
567 514 610 546 qui
621 508 770 535 tintinabula
787 505 885 537 habent,
904 504 938 531 ad
950 503 1094 540 sumendum
1107 504 1136 531 de
1146 505 1228 540 aliquo
1235 505 1394 540 supplicium·
1456 503 1520 530 bile.
1613 507 1680 532 Hor.
1694 504 1781 530 Carm.
1795 510 1814 534 1,
1827 508 1868 534 29,
1881 507 1894 531 8
1918 502 2024 528 Occidit
2036 507 2062 528 et
2076 502 2178 536 Pelopis
2189 503 2292 536 genitor
2303 494 2407 529 conuffi‘

363 549 432 576 Nam
448 551 491 584 qui
505 547 695 582 adfiaepplicium
709 542 856 569 ducebantur
865 539 1033 566 tivztinnabula
1045 539 1170 575 gerebant.
1204 541 1331 571 Zonaras,
1351 538 1395 565 τὲς
1412 538 1441 557 ¹0
1457 548 1528 571 rum,
1632 539 1824 571 Tithonusque
1844 543 1960 564 remotus
1973 537 2001 563 in
2015 545 2100 564 auras.
2373 529 2402 587 [JV

362 583 410 619 7¹²¹?
423 583 463 609 ἒπί
480 591 525 607 τινι
545 580 687 613 α’τοπὴματι
707 574 917 603 καταδικαιθέντκς
938 574 1017 600 &aveir
1039 573 1140 607 νενόμιςο
1159 573 1338 610 κωδωνοφορᾶν,
1354 574 1392 599 ἵνα
1495 580 1517 601 Τ
1529 582 1538 600 1
1549 580 1571 601 Τ
1585 581 1605 601 Η
1617 582 1636 602 Ο
1646 582 1666 601 Ν
1678 582 1685 600 i
1696 581 1715 598 V
1727 579 1753 606 S,
1766 581 1790 605 a,
1808 582 1861 599 um.
1887 573 1947 599 Adi.
1985 572 2120 605 [Ta-iulum]
2159 572 2204 603 Vt,
2218 570 2322 598 Coniux
2336 595 2342 597 .
2375 564 2402 599 ..3⁵⁷

362 616 444 653 μηδεὶς
463 615 585 650 [amalgiso
602 614 681 640 αὐτοῖς
699 611 884 648 ἐγχριπτόμενος
909 610 1051 643 μιάσματος
1076 609 1277 644 οἷνκπίμπλητοω.
1314 608 1393 642 Poſjt'l
1456 610 1556 637 Aurora
1568 610 1648 637 Ouid.
1669 609 1733 637 Fast.
1746 617 1768 640 3,
1783 616 1842 641 403.
1944 607 2020 634 Alma
2037 607 2174 636 Tithonia
2188 606 2276 633 Valet.
2295 607 2358 641 Arg·
2374 601 2397 633 ⁶?-

361 661 385 681 ct
399 663 446 680 non
457 657 536 687 inepte
543 650 582 684 fic
595 659 632 676 cos
645 651 766 685 quispiam
780 647 913 681 appellatos
926 644 1074 678 existimare,
1081 652 1196 682 propter,
1212 648 1331 681 crepitum
1339 646 1395 681 pla·
1457 645 1578 672 Seneetus
1591 645 1726 672 Tithonia
1739 645 1798 670 Stat.
1815 643 1878 670 Silu.
1892 651 1920 676 4,
1938 650 1961 675 3,
1976 650 2021 675 151.
2356 644 2359 649 ’
2374 637 2397 676 {⁴

361 697 448 726 garum
459 688 614 727 finitumque
621 684 758 711 verberum:
783 681 889 708 Turneb.
903 680 1009 715 Aduerfi
1022 691 1056 713 11,
1070 691 1106 707 ει.
1492 680 1561 707 TIT
1572 687 1592 707 H
1601 682 1621 708 ὁ
1629 687 1668 707 Nl
1682 686 1707 712 S,
1732 679 1792 705 idis.
1831 682 1934 705 Aurora
1950 678 2057 705 Tithoni
2075 681 2172 704 coniux.
2227 676 2287 704 Stat.
2301 674 2368 703 Silu..

401 730 421 749 T
431 730 439 748 1
449 730 469 749 N
479 729 498 748 v
508 728 529 747 N
538 727 554 746 c
563 721 607 745 v'1.
618 727 637 745 v
647 726 670 751 s,
684 719 702 744 i.
716 727 751 743 m.
772 718 851 743 Genus
864 718 1004 751 accipitris.
1039 715 1168 743 Columel.
1184 722 1206 746 8,
1218 721 1232 746 8
1252 716 1340 742 Genus
1353 724 1391 741 ac·
1411 715 1442 741 ¹5
1457 714 1544 742 Citius
1556 715 1708 743 Tithonida
1721 715 1814 741 moesti
1830 713 1950 740 deficient
1963 722 2043 746 rores,
2055 717 2074 740 i.
2087 714 2169 740 Citius
2182 720 2272 740 aurora
2279 712 2351 747 plora
2378 716 2382 724 ·

2374 740 2383 785 s

363 758 473 793 cipitris,
487 755 652 782 tinnunculum
670 758 763 781 vocant
783 752 886 783 rustici,
906 751 952 785 qui
971 751 1026 778 fere
1043 751 1071 778 in
1088 751 1217 778 aedificiis
1230 751 1306 777 nidos
1320 751 1391 777 facit.
1455 750 1593 787 Cephalum.

361 795 428 821 Plin.
446 801 483 823 10,
496 799 527 825 37
563 790 646 816 Auem
660 789 707 815 ess‘e
720 788 797 819 dicit,
825 787 960 814 columbas
977 786 1159 813 defendentem
1167 807 1175 819 ,
1216 792 1241 812 et
1255 786 1391 820 accipitres
1491 792 1512 812 ‘r
1522 793 1531 811 1
1541 793 1562 812 T
1571 793 1591 813 H
1601 793 1620 813 Y
1630 793 1656 813 M
1665 784 1683 812 Χ
1692 792 1708 812 L
1717 793 1739 812 v
1750 784 1809 853 sssf.
1819 792 1840 812 T
1850 793 1858 811 1
1870 791 1892 811 Τ
1903 792 1923 811 Η
1935 791 1955 811 Y
1965 791 1990 811 M
1998 790 2019 810 Α
2029 792 2045 812 L
2054 792 2071 811 L
2080 790 2102 811 V
2112 789 2140 816 s,
2157 784 2176 810 i.
2191 792 2227 810 m.
2247 780 2356 815 [Ti-‘Mu
2376 792 2377 795 ¹

361 828 526 855 territantem
553 825 654 852 occulta
682 829 790 851 naturae
814 822 856 854 vi,
894 823 923 849 in
948 827 1048 849 tantum
1078 828 1107 850 vt
1130 823 1217 849 visum
1247 829 1392 856 vocemque
1455 832 1502 848 nus
1508 821 1628 856 fruticis,
1641 830 1700 857 quae
1713 830 1729 847 a
1743 830 1773 846 no
1796 825 1834 847 ris
1846 819 1943 847 IaHuca
1963 823 2061 848 marina
2076 819 2179 846 dicitur.
2216 818 2347 844 Columel.
2359 826 2366 850 2

359 863 418 890 eius
442 861 553 896 fugiant.
1455 857 1628 889 Tithymalus
1641 857 1774 883 maiorum
1787 865 1895 891 quoque
1908 855 2062 882 animalium
2080 860 2200 881 ventrem
2213 853 2302 879 soluit.
2337 853 2361 878 I

399 904 420 924 T
430 904 439 923 1
450 903 471 922 N
484 903 537 926 Vs,
551 896 569 922 ἰ-
584 894 604 922 f.
638 895 733 930 Species
753 893 820 920 lauri
838 892 905 928 apud
925 893 991 920 Plin.
1007 901 1042 927 ις,
1057 902 1097 926 30.
1132 892 1213 919 Ouid.
1233 891 1296 917 Met.
1311 900 1347 923 10,
1362 896 1394 924 98
1414 892 1479 921 201⁰
1487 893 1576 929 Jicpra,
1588 893 1719 919 Maximus
1733 897 1818 918 autem
1827 900 1925 918 annuus
1933 900 2022 917 earum
2037 890 2112 917 labor
2121 890 2157 916 est
2171 889 2252 915 initio
2270 886 2358 920 veris,

359 934 392 960 Et
406 932 511 959 bicolor
524 936 635 964 myrtus,
648 937 673 958 et
686 929 772 957 bacci·
784 928 888 956 caerula
906 929 985 956 tinus.
1022 929 1095 966 Cons.
1116 929 1155 956 Id.
1169 928 1201 955 de
1218 927 1282 954 Arte
1302 927 1360 954 Am.
1373 936 1396 960 3,
1459 927 1571 961 thymali
1589 928 1665 954 floret
1684 928 1783 953 frutex.
1818 927 1885 953 Plin.
1899 929 1938 956 26,
1951 933 1965 956 3
1985 925 2173 958 Tithymalum
2190 923 2272 950 nostri
2287 921 2360 950 herb

361 970 410 1003 692
429 977 451 995 c.
472 974 524 994 not·
543 966 630 1001 Heisss·
1458 964 1527 991 riam
1540 969 1649 995 vocant,
1664 962 1712 989 alii
1728 962 1852 989 lactucam
1873 962 2017 996 caprinam:
2035 967 2193 994 narrantque
2211 958 2277 986 lac'te
2291 957 2366 984 eiusi

1459 1008 1580 1034 corpore,
1593 1007 1675 1033 quum
1688 998 1826 1029 inaruerit,
1838 997 1855 1023 fi
1869 998 1934 1023 cinis
1948 997 2250 1031 inspergatur,apparere
2266 994 2364 1026 literas,

563 1039 598 1071 T
694 1039 708 1071 I
801 1038 823 1070 P
871 1047 900 1070 et
947 1037 982 1070 T
1071 1038 1085 1069 I
1170 1036 1199 1069 R
1403 1063 1406 1067 ,
1457 1035 1517 1062 dam
1531 1033 1767 1067 adulterasalloqui
1775 1034 1900 1064 maluere,
1909 1041 1986 1066 quam
1996 1032 2135 1059 codicillis.
2172 1031 2239 1058 Add.
2247 1029 2286 1057 Id.
2294 1030 2338 1060 26,
2356 1046 2358 1050 ι

1412 1071 1444 1097 25
1457 1079 1500 1103 29,
1515 1072 1539 1097 6.
1574 1069 1678 1096 Colum.
1691 1076 1716 1101 9,
1731 1077 1765 1101 13·
1786 1070 1812 1101 6,
1830 1075 1863 1100 ις.
1881 1068 1948 1094 Cels.
1968 1077 1990 1101 5,
2004 1075 2029 1102 7.
2049 1067 2145 1094 Pallad.
2166 1075 2185 1099 1,
2204 1074 2242 1099 37.
2263 1071 2286 1092 et
2299 1065 2343 1091 Ma
2372 1079 2373 1082 =

395 1116 438 1137 '1¹1
452 1116 468 1136 P
480 1115 501 1136 Η
511 1116 539 1142 Ε,
556 1117 591 1136 es.
611 1108 630 1135 f.
651 1108 777 1136 Frumenti
792 1116 878 1144 genus.
908 1107 973 1134 Plin.
991 1111 1026 1139 18,
1041 1110 1063 1137 8.
1458 1114 1493 1140 ις.
1530 1105 1607 1140 Apul.
1622 1104 1654 1131 de
1662 1104 1774 1131 Herb.c.
1788 1104 1982 1134 108.Sammon.
1996 1113 2022 1130 v.
2035 1109 2076 1136 831
2089 1104 2188 1136 et,1136.

395 1152 491 1172 ΤιΡΗ
502 1152 520 1171 Y
535 1151 554 1171 o
567 1151 601 1177 Ν,
621 1144 638 1170 i.
651 1153 677 1171 n.
700 1144 789 1170 Herba.
809 1144 874 1171 Plin.
887 1152 925 1176 21,
940 1152 973 1170 11.
1493 1147 1624 1172 T1T1A,
1637 1148 1675 1165 ae.
1690 1140 1710 1165 f.
1729 1141 1802 1169 Auis,
1810 1138 1968 1165 vid.T1T11.

397 1188 420 1207 T
429 1188 438 1207 1
447 1187 462 1206 P
472 1187 491 1206 n
503 1187 523 1207 γ
534 1187 557 1212 3,
571 1180 600 1206 is.
608 1189 643 1206 m.
658 1180 759 1213 [Τῖφυς]
778 1180 836 1206 Viri
838 1182 969 1214 proprium
982 1173 1392 1212 innauibusfabricanditareefin-
1491 1184 1513 1203 'r
1521 1185 1530 1202 1
1539 1183 1560 1203 T
1570 1183 1579 1201 1
1591 1182 1607 1202 Ε
1616 1183 1638 1207 3,
1659 1173 1820 1209 [Tm-imam]
1836 1181 1884 1208 pro
1893 1173 2029 1201 Titienses
2032 1173 2117 1209 posuit
2125 1173 2279 1208 Propert.4,
2288 1177 2338 1203 1,31
2364 1185 2366 1191 ·

360 1218 459 1254 gulari,
480 1222 502 1242 et
514 1219 556 1251 qui
569 1219 771 1250 Argonautarum
784 1215 932 1251 gubernator
942 1214 1038 1250 fuerit,
1056 1210 1155 1239 auam
1174 1212 1250 1245 Virg.
1264 1211 1316 1237 Ecl.
1330 1220 1354 1243 4,
1366 1219 1394 1243 34
1455 1212 1515 1244 ties,
1528 1211 1710 1245 Rhamnesque
1725 1210 1789 1244 viri,
1810 1211 1975 1244 Luceresque
1988 1208 2094 1241 coloni,
2201 1208 2323 1240 Qatuor
2336 1203 2368 1232 hi*

359 1253 435 1280 Alter
447 1252 498 1278 erit
512 1258 568 1278 tum
587 1250 704 1285 Tiphys,
720 1255 746 1276 et
758 1251 838 1277 altera
859 1259 925 1284 quae
945 1248 1023 1276 vehat
1043 1248 1122 1282 Argo.
1178 1246 1259 1274 Ouid.
1277 1246 1356 1281 Epist.
1369 1248 1394 1276 6,
1410 1250 1442 1274 30
1454 1247 1582 1273 Romulus
1595 1247 1648 1281 egit
1661 1254 1753 1279 equos.

359 1293 394 1321 48
414 1286 487 1321 Quid
502 1286 554 1313 tibi
571 1294 629 1312 cum
643 1285 727 1319 patria
739 1286 827 1311 nauita
846 1286 941 1320 Tiphy
954 1285 1027 1310 mea?
1493 1289 1581 1309 T1T1
1592 1289 1612 1308 1.
1632 1273 1735 1315 [Ttnol]
1754 1280 1903 1307 Sacerdotes
1924 1289 1939 1307 a
1953 1279 2020 1307 titiis
2033 1279 2137 1311 auibus,
2163 1286 2225 1313 quas
2240 1277 2269 1304 in
2280 1284 2348 1310 augu
2363 1275 2366 1302 ἶ

397 1330 436 1349 Τ]
449 1329 463 1347 P
473 1320 495 1348 x?
504 1329 560 1353 LA,
573 1330 611 1347 ae.
627 1321 646 1346 f.
684 1321 790 1346 Vermis
808 1320 860 1346 siue
875 1320 992 1346 araneoli
1006 1318 1116 1353 species,
1135 1318 1177 1345 sex
1197 1317 1273 1353 pedes
1286 1317 1394 1350 habens,
1457 1317 1598 1344 obseruare
1609 1317 1735 1351 solebam,
1746 1316 1885 1350 appellati,
1903 1322 1931 1342 vt
1945 1316 1982 1343 ait
1995 1317 2083 1342 Varro
2096 1314 2127 1340 de
2137 1314 2167 1340 L.
2176 1314 2204 1340 L.
2213 1321 2241 1346 4,
2255 1319 2277 1345 ις
2290 1321 2316 1346 p.
2330 1319 2368 1343 23

360 1358 405 1385 sed
419 1363 504 1384 tantae
519 1357 643 1386 leuitatis,
655 1361 683 1382 vt
696 1356 771 1390 super
779 1364 873 1389 aquam
881 1363 996 1387 currens,
1010 1363 1063 1381 non
1070 1353 1173 1385 desidat,
1186 1353 1295 1380 auctore
1307 1353 1391 1380 Festo.
1458 1360 1536 1381 autem
1549 1352 1620 1386 effiozt
1637 1352 1692 1378 illae
1704 1360 1763 1378 aues
1781 1351 1865 1383 tiriae,
1885 1361 1961 1383 nemo,
1970 1358 2042 1387 puto,
2059 1350 2151 1376 docuit.
2187 1349 2283 1375 Lucan.
2296 1355 2317 1382 1,
2331 1354 2366 1380 5⁴,

360 1392 434 1428 Conf-
449 1393 539 1428 Scalig.
552 1391 585 1417 ad
605 1390 670 1417 Fest.
683 1391 766 1418 Plaut.
780 1391 846 1417 Pers.
860 1399 882 1423 2,
897 1400 919 1423 2,
934 1393 960 1417 61
980 1391 1071 1422 Noui,
1090 1397 1182 1416 omnes
1200 1389 1257 1415 sunt
1270 1389 1344 1415 lenae
1358 1389 1393 1415 le·
1593 1388 1625 1414 Et
1638 1387 1731 1413 doctus
1744 1386 1864 1413 volucres
1880 1396 1964 1421 augur
1985 1388 2089 1412 seruare
2108 1384 2228 1415 sinistras,

359 1429 390 1455 vi
403 1429 466 1454 fide:
481 1436 565 1462 neque
580 1427 665 1452 leuius
679 1426 777 1460 tipulae
797 1426 897 1459 pondus
912 1426 962 1458 est,
984 1435 1061 1460 quam
1075 1424 1139 1450 fides
1153 1425 1268 1451 lenonia.
1306 1426 1391 1452 Varro
1410 1429 1440 1456 35
1592 1424 1791 1457 Septemuirque
1798 1422 1882 1457 epulis
1896 1422 1988 1454 festus,
2003 1421 2132 1456 Titiique
2143 1418 2253 1452 sodales,

358 1464 426 1500 apud
438 1464 510 1490 Non.
528 1471 550 1495 2,
564 1467 615 1495 857.
634 1462 705 1488 habet
718 1461 846 1495 Tippula,
861 1461 956 1496 duplici
976 1467 1004 1487 Ρ,
1017 1464 1046 1487 it.
1061 1460 1160 1488 Arnob.
1174 1469 1190 1487 2
1203 1469 1227 1494 p.
1244 1465 1285 1493 84.
1592 1459 1623 1485 Et
1637 1458 1730 1490 Salius,
1743 1465 1788 1484 etc.

395 1505 416 1524 Τ
426 1506 434 1524 1
445 1506 463 1524 R
472 1506 488 1525 E
499 1504 529 1525 31
539 1505 561 1524 A
570 1505 625 1530 s,ae
636 1506 670 1523 m.
680 1498 814 1532 [Taf‘sm'm]
827 1495 1391 1531 17atesThebanus‚›nutatusquondam‚vtPoe.
1456 1495 1504 1522 Sed
1515 1495 1581 1522 Tac.
1595 1496 1643 1520 An.
1660 1503 1681 1526 1,
1694 1503 1726 1527 54
1746 1493 1781 1520 Vt
1794 1493 1926 1527 quondam
1939 1493 1978 1520 T.
1997 1492 2097 1519 Tatiu-
2115 1490 2261 1519 retinendis
2273 1487 2363 1516 Sabin

357 1540 398 1561 tae
405 1534 517 1566 tradunt,
524 1537 550 1559 in
556 1533 690 1568 feminam,
700 1531 756 1568 post
756 1532 849 1568 J'cprem
857 1541 934 1558 annos
945 1535 972 1558 in
981 1533 1079 1558 virilem
1086 1531 1199 1567 formam
1211 1531 1296 1558 rediit.
1333 1533 1392 1557 Eius
1456 1531 1507 1557 cris
1526 1531 1630 1557 Sodales
1646 1529 1740 1555 Titios
1753 1528 1907 1556 instituerat.
1937 1528 2011 1565 Conf.
2026 1528 2095 1555 Hist.
2111 1536 2132 1560 2,
2146 1535 2177 1560 95
2192 1525 2235 1554 vbi
2246 1535 2261 1552 a
2274 1525 2342 1551 Rom

358 1573 441 1597 anima
451 1573 556 1604 ponitur
576 1568 652 1603 Vlyffi
666 1570 742 1595 multa
751 1567 897 1603 praedicem
910 1567 977 1602 apud
989 1568 1086 1594 Homer.
1100 1566 1187 1599 Odyff.
1201 1575 1233 1592 ιι.
1273 1567 1342 1593 Vnde
1355 1576 1392 1592 oc·
1454 1567 1512 1601 regi
1524 1566 1640 1602 sacratos
1660 1567 1753 1591 innuit.

359 1604 474 1638 cafionrm
489 1603 577 1639 sumlit
590 1604 716 1630 Horatius
728 1603 822 1638 dialogi
834 1603 862 1629 de
875 1604 970 1630 artibus
983 1602 1176 1636 heredipetarum
1196 1602 1246 1628 Sat.
1261 1611 1284 1635 2,
1298 1612 1310 1633 ς
1331 1603 1394 1628 Cae·
1410 1610 1448 1637 40
1490 1608 1511 1627 Τ
1521 1608 1560 1629 1T
1570 1608 1604 1628 11.
1614 1608 1630 1628 L
1639 1606 1669 1631 Ο,
1683 1604 1735 1627 Ere.
1762 1598 1931 1636 [γαργαλίζει]
1951 1600 2054 1635 Proprie
2067 1597 2108 1632 ςβ,
2123 1604 2245 1625 certarum
2251 1598 2372 1632 partium

360 1647 431 1666 catus
447 1640 497 1666 fuit
511 1640 549 1666 ira
563 1639 683 1669 Iunonis,
703 1640 746 1664 cui
760 1639 825 1664 scire
838 1638 927 1665 futura
940 1639 1041 1672 Iupiter
1053 1638 1141 1670 dedit,
1160 1637 1312 1671 crimenque
1324 1637 1393 1663 leua-
1453 1635 1580 1672 contaflu,
1594 1647 1619 1663 υ.
1629 1646 1654 1673 g.
1662 1635 1710 1671 sub
1718 1636 1777 1668 alis,
1789 1639 1857 1662 circa
1864 1637 1911 1662 ilia
1924 1641 1969 1661 etc.
1976 1635 2052 1670 risum
2060 1636 2184 1661 velinuito
2193 1635 2309 1659 excitare.
2343 1631 2370 1657 P:-

358 1676 399 1702 vit
412 1676 523 1706 honore,
536 1674 586 1700 md.
601 1674 682 1700 Ouid.
697 1674 760 1699 Met.
775 1682 797 1705 3,
811 1681 864 1705 323.
958 1673 1013 1699 Cic.
1028 1674 1110 1700 Tusc.
1131 1682 1154 1707 ς,
1169 1680 1209 1705 ιις
1222 1682 1242 1698 c.
1258 1682 1284 1705 39
1304 1675 1394 1706 Itaque
1456 1673 1524 1706 gulis
1537 1672 1658 1699 titillatus
1670 1670 1828 1697 Terruihde
1841 1671 1925 1697 Iciun.
1940 1680 1960 1696 c.
1976 1679 2009 1696 12.
2024 1670 2053 1696 de
2070 1670 2188 1697 haeretici
2202 1674 2225 1694 et
2237 1665 2328 1699 Ebriofi
2341 1665 2367 1702 ft

359 1719 486 1745 augurem
501 1709 631 1736 Tiresiam
649 1717 726 1742 quem
748 1709 888 1742 sapientem
909 1707 1012 1744 fingunt
1033 1709 1143 1738 Poetae,
1162 1716 1295 1740 nunquam
1315 1708 1391 1734 indu·
1455 1711 1533 1742 tyrio.
1628 1706 1754 1733 Titillata
1767 1705 1844 1732 breui
1858 1715 1917 1732 cum
1931 1706 1984 1732 iam
1999 1705 2046 1732 sub
2064 1704 2117 1731 fine
2135 1704 2262 1739 Voluptas
2285 1702 2355 1728 Auso

360 1754 422 1772 eunt
430 1746 608 1780 deplorantem
616 1744 764 1770 caecitatem
774 1744 852 1770 suam.
887 1744 1010 1770 Caeterum
1023 1744 1114 1769 quen.
1128 1743 1178 1769 Sat.
1188 1751 1225 1773 13,
1240 1751 1300 1775 249.
1320 1751 1391 1778 quum
1458 1747 1511 1774 108,
1527 1743 1563 1769 16.
1636 1742 1739 1767 Lucret.
1753 1750 1776 1773 2,
1790 1750 1836 1774 429
1859 1741 1989 1768 Titillare
2004 1741 2086 1774 magis
2101 1740 2200 1772 sensus,
2221 1746 2299 1773 quam
2317 1737 2365 1763 lae·

359 1783 459 1808 Caecum
472 1781 551 1806 dicere
565 1782 647 1812 uellet,
662 1780 728 1805 dixit
752 1778 884 1805 Tiresiam
897 1780 940 1804 illo
961 1778 1044 1813 versic,
1079 1778 1136 1804 Nec
1151 1777 1265 1809 surdum,
1279 1787 1325 1804 nec
1339 1778 1392 1804 Ti.
1410 1782 1440 1809 45
1456 1778 1523 1804 sunt.
1630 1777 1685 1802 Cic.
1695 1776 1727 1803 de
1734 1776 1822 1803 Finib.
1833 1785 1889 1808 1,39
1898 1785 1918 1802 c.
1934 1785 1954 1803 ιι
1983 1776 2053 1803 Nam
2068 1776 2086 1802 si
2100 1784 2129 1801 ea
2143 1775 2195 1801 sola
2208 1774 2329 1808 voluptas
2341 1781 2354 1800 e

359 1817 451 1845 tesiam
466 1824 616 1850 quenquam
627 1815 675 1841 esse
689 1814 808 1841 deorum.
876 1815 952 1841 Vates
971 1813 1089 1840 Tiresias
1110 1814 1226 1848 Propert.
1242 1823 1270 1846 4,
1283 1822 1319 1844 ιο,
1332 1821 1372 1847 57.
1456 1812 1526 1847 quasi
1540 1811 1659 1838 titillaret
1672 1812 1773 1842 sensuS,
1792 1817 1820 1838 vt
1834 1812 1869 1837 ita
1884 1811 1982 1842 dicam,
2003 1817 2028 1837 et
2042 1811 2074 1837 ad
2087 1819 2131 1837 eos
2150 1819 2210 1836 cum
2223 1809 2374 1836 suauitate..

399 1858 420 1878 'r
436 1860 443 1878 1
459 1853 633 1881 RiDIxTES,
648 1851 678 1876 is.
694 1859 729 1875 ιιι.
762 1851 855 1876 Nomen
875 1853 942 1884 regis
955 1850 1095 1876 Armeniae.
1132 1849 1200 1874 Hor.
1213 1849 1301 1875 Catm.
1316 1857 1336 1881 t,
1349 1851 1391 1881 26,
1457 1855 1503 1877 etc.
1538 1848 1579 1875 Sic
1598 1847 1680 1874 Tusc.
1701 1856 1724 1880 3,
1741 1856 1773 1880 47
1788 1856 1809 1873 c.
1830 1855 1861 1873 20
1882 1846 2007 1874 Titillari
2027 1847 2170 1881 voluptate.
2273 1844 2317 1871 Ne
2336 1853 2352 1871 v
2370 1860 2371 1863 ι

361 1896 376 1922 5
395 1887 468 1921 Qud
484 1885 639 1912 Tiridatem
653 1890 756 1911 terreat.
797 1885 855 1911 Viti.
869 1885 934 1910 Plin.
950 1893 988 1915 30,
1002 1892 1025 1909 z.
1041 1890 1064 1909 et
1076 1893 1110 1914 33,
1124 1892 1146 1914 3-
1456 1883 1542 1917 gloria
1556 1883 1622 1909 Hor.
1637 1882 1688 1909 Sat.
1701 1891 1724 1915 2,
1738 1893 1757 1914 3,
1771 1891 1821 1916 1¹9·
1927 1882 1984 1909 Cic.
1997 1882 2048 1908 Off.
2063 1891 2087 1913 2,
2100 1885 2132 1908 62
2144 1890 2166 1907 c.
2184 1885 2208 1910 18
2231 1880 2303 1906 Haec
2318 1878 2352 1905 est

396 1930 417 1949 T
426 1929 435 1946 1
445 1928 463 1947 R
475 1928 493 1948 Υ
506 1927 529 1946 Ν
539 1927 563 1952 3,
583 1927 604 1945 Τ
616 1927 623 1944 ι
636 1927 653 1946 R
667 1927 685 1944 Y
696 1927 717 1944 N
728 1925 749 1943 Τ
759 1925 780 1944 H
791 1925 830 1946 ιν
841 1925 866 1946 s.
901 1917 976 1946 Recte
988 1921 1026 1944 ita
1036 1918 1198 1953 scribuntur:
1219 1917 1267 1946 sea
1279 1926 1393 1953 quaeren-
1457 1918 1595 1944 hominum
1603 1924 1682 1951 atque
1696 1926 1864 1951 magnorum:
1889 1917 1946 1948 illa,
1958 1917 2027 1952 quasi
2045 1919 2228 1944 assentatorum
2236 1914 2328 1950 populi
2346 1926 2359 1937 ιι
2374 1930 2377 1935 ·

360 1957 392 1984 da
400 1964 480 1984 tamen
487 1959 515 1982 in
530 1961 552 1982 T
565 1962 582 1980 Υ
592 1961 611 1981 R
620 1961 630 1980 1
641 1960 661 1979 N
673 1959 693 1980 T
703 1959 723 1980 H
732 1960 764 1980 Α.
1412 1960 1445 1986 50
1456 1953 1497 1979 nis
1511 1952 1643 1978 leuitatem
1656 1952 1789 1986 voluptate
1801 1952 1870 1986 quasi
1889 1952 2064 1980 titillantium.

1494 1993 1564 2014 TIT
1574 1993 1584 2012 Ι
1595 1993 1610 2012 L
1621 1988 1692 2014 [ΚΤ
1703 1993 1723 2013 V
1737 1994 1762 2020 S,
1782 1986 1822 2013 fis.
1845 1997 1880 2014 m.
1919 1988 2069 2024 [γάργαλος]
2104 1987 2170 2014 ΡῙίΠ.
2184 1995 2217 2020 11,
2231 1991 2256 2018 38
2271 1986 2287 2011 s.
2299 1992 2335 2020 77
2352 1985 2373 2012 12
2415 1990 2417 1998 ³
2432 2007 2434 2010 .

748 2026 782 2058 T
884 2026 898 2057 I
1003 2025 1023 2056 S
1459 2022 1597 2084 praecpsga
1611 2021 1753 2050 hilaritatis
1766 2022 1837 2050 sedes
1850 2042 1860 2056 ,
1893 2023 1964 2058 quod
1973 2023 2080 2050 titillatu
2088 2023 2203 2050 maxime
2216 2021 2366 2056 intelligitur

1478 2067 1520 2085 uas
1547 2067 1562 2084 u
1582 2063 1612 2084 it.

396 2106 419 2127 Τ
433 2108 443 2128 ι
455 2105 477 2131 S,
512 2099 569 2134 [σῖ]
590 2098 722 2124 Genitiuus
734 2094 890 2132 estantiquus
904 2104 920 2122 a
933 2094 982 2121 Tu
1011 2096 1143 2121 ronomine.
1177 2094 1259 2122 Plaut.
1268 2094 1325 2123 Mil.
1333 2104 1362 2131 4,
1370 2103 1394 2126 2,
1458 2067 1475 2093 q
1494 2101 1516 2121 'r
1529 2100 1537 2119 1
1550 2100 1571 2120 Τ
1582 2100 1589 2120 1
1601 2100 1641 2120 LL
1651 2099 1673 2119 Α
1683 2100 1762 2126 ΤΙο,
1775 2094 1840 2120 onis.
1857 2094 1876 2120 f.
1898 2093 2094 2130 [γαργαλισμδς]
2116 2093 2192 2121 Idem.
2228 2092 2284 2120 Cic.
2294 2091 2326 2118 de
2339 2091 2366 2118 Se
2384 2104 2394 2121 χ
2426 2085 2429 2101 ²

359 2145 392 2170 42
410 2136 465 2162 Τις
476 2141 559 2168 egeat,
572 2135 634 2168 quia
647 2139 672 2160 te
686 2137 780 2164 careat,
796 2132 832 2158 ob
845 2140 904 2158 eam
915 2139 972 2158 rem
1005 2139 1035 2156 uc
1049 2130 1135 2158 adme
1149 2131 1221 2157 missa
1233 2131 1277 2157 est.
1412 2140 1441 2167 55
1458 2137 1479 2157 c.
1494 2138 1524 2163 14
1541 2130 1574 2155 At
1584 2137 1638 2155 non
1651 2129 1686 2155 est
1700 2129 1940 2163 voluptatumtanta
1954 2130 2023 2164 quasi
2032 2130 2151 2157 titillatio
2166 2130 2194 2155 in
2209 2128 2320 2155 senibus.
2384 2140 2391 2147 «-

397 2177 418 2197 T
427 2179 437 2198 1
449 2177 463 2198 s
474 2178 512 2197 1A
524 2176 551 2202 s,
568 2178 597 2196 ae
614 2179 649 2196 m.
667 2169 763 2196 Siculus
769 2166 948 2202 antiquiffimus
954 2166 1067 2202 scriptor
1075 2168 1140 2192 artis
1147 2166 1292 2194 rhetoricae.
1335 2164 1393 2193 Viti.
1457 2174 1487 2192 re
1498 2164 1678 2191 titillationem
1689 2164 1808 2191 Scribon.
1823 2173 1877 2197 199.
1897 2168 1915 2190 i.
1925 2168 2041 2192 excitare.
2076 2165 2131 2191 Cic.
2141 2164 2172 2190 de
2180 2165 2242 2190 Nat.
2252 2165 2330 2190 Deor.
2338 2170 2357 2195 1,

359 2206 490 2241 Quinctil.
508 2215 529 2238 2,
551 2214 585 2237 17,
602 2213 627 2239 7.
649 2212 670 2236 3,
687 2213 707 2236 1,
721 2210 742 2233 8.
778 2204 835 2230 Fere
845 2212 898 2229 cum
911 2203 1183 2241 Coraceconiungitur.
1457 2200 1610 2236 Voluptate·
1624 2200 1720 2234 quibus
1740 2199 1810 2234 quasi
1829 2199 1948 2226 titillatio
1971 2200 2112 2226 adhibetur
2133 2199 2252 2225 sensibus.
2307 2197 2366 2226 Add
2382 2206 2409 2217 ⁴·v·
2429 2207 2433 2232 ³.

397 2249 459 2268 TIS
468 2248 479 2267 1
488 2249 512 2268 M
523 2248 544 2268 A
554 2248 574 2266 N
586 2248 601 2267 E
611 2247 635 2272 3,
649 2241 690 2266 vel
699 2246 729 2266 vt
742 2239 798 2271 alii,
821 2244 844 2264 Τ
855 2245 864 2264 1
877 2244 891 2264 s
903 2244 925 2264 Α
935 2244 984 2263 ΜΕ
994 2244 1015 2262 Ν
1025 2243 1041 2263 E
1053 2243 1080 2269 3,
1100 2246 1130 2262 ιε.
1149 2246 1185 2264 m.
1207 2234 1303 2270 Orestit
1314 2235 1393 2271 filius,
1457 2236 1536 2270 Epist.
1550 2244 1585 2268 90
1596 2242 1620 2261 et
1632 2244 1671 2267 92.
1743 2235 1894 2262 Dulcedinis
1916 2236 2001 2263 labilis
2022 2235 2126 2263 volucri
2140 2234 2293 2262 titillatione
2312 2233 2366 2260 mul
2410 2240 2411 2245 ¹

359 2281 402 2315 qui
409 2279 524 2312 Mycenis
538 2278 678 2317 imperauit.
713 2274 792 2301 Ouid.
808 2274 836 2299 in
848 2273 908 2300 Ibin
920 2283 945 2300 v.
959 2279 1015 2305 348.
1051 2272 1171 2300 Frontin.
1186 2281 1206 2306 1,
1219 2281 1243 2299 z.
1457 2271 1520 2298 nob.
1543 2281 1555 2303 7
1570 2281 1594 2306 p.
1613 2279 1662 2303 213.

397 2320 418 2338 Τ
428 2322 437 2340 1
447 2319 459 2338 s
468 2319 477 2337 1
490 2319 503 2338 P
516 2319 535 2338 u
545 2320 563 2338 o
574 2319 595 2337 N
605 2318 634 2342 Ε,
651 2319 685 2336 es.
703 2310 722 2336 f.
761 2308 902 2344 [Τισιφόνη]
947 2309 1067 2335 Vlrricem
1089 2308 1170 2334 caedis
1179 2306 1315 2344 fignificat.
1350 2305 1393 2340 Est
1416 2301 1449 2327 ⁶0
1494 2313 1515 2333 Τ
1528 2313 1536 2333 ι
1550 2313 1570 2332 Τ
1580 2313 1589 2332 1
1599 2313 1615 2332 L
1627 2312 1644 2332 1.
1655 2313 1675 2333 A
1684 2312 1763 2333 ΜΕΝ
1773 2313 1794 2333 Τ
1803 2313 1823 2332 ν
1832 2313 1865 2338 M,
1873 2306 1891 2334 i.
1905 2315 1931 2334 n.
1952 2307 2071 2342 fulgent.
2084 2305 2221 2340 Mythol.2
2241 2304 2367 2332 Tantalus
2378 2300 2399 2333 ui
2408 2301 2415 2309 '⁴

359 2357 411 2375 vna
423 2358 451 2374 ex
468 2349 561 2381 Furni,
574 2357 588 2372 a
602 2346 715 2372 caedibus
724 2343 874 2380 plectendis,
888 2342 975 2370 dicia:
995 2343 1093 2370 Tibul.
1111 2353 1126 2374 ι,
1142 2352 1164 2376 3,
1179 2346 1212 2378 69
1232 2343 1393 2377 Tisiphone·
1458 2343 1498 2371 lax
1508 2351 1574 2377 aqua
1587 2341 1757 2377 gulosislabia
1765 2342 1940 2369 titillamentis
1948 2343 2061 2378 attingit.

363 2393 415 2418 que
429 2384 532 2417 impexa
545 2384 616 2408 feros
630 2390 677 2415 pro
690 2380 805 2407 crinibus
818 2389 921 2413 angues.
1023 2379 1126 2405 Crinita
1140 2379 1229 2411 hydris
1243 2379 1394 2413 Tisiphone
1493 2384 1531 2404 ΤΙ
1543 2385 1562 2403 Τ
1572 2385 1581 2403 1
1592 2385 1606 2404 L
1618 2383 1633 2403 1.
1644 2384 1664 2404 v
1675 2383 1702 2410 s,
1714 2378 1732 2405 i.
1746 2388 1782 2405 m.
1803 2378 2010 2405 Theod.c0d.1.
2020 2384 2041 2407 8.
2050 2379 2113 2410 tit-5
2131 2376 2263 2411 Flagrum,
2275 2375 2343 2402 cuim
2351 2373 2368 2399 it
2377 2371 2421 2397 usu*

362 2419 454 2446 Claud.
463 2419 493 2444 de
502 2418 763 2452 Rapt.Prose1-p.1,40.
800 2414 896 2441 Pallida
904 2413 1052 2452 Tisiphone
1060 2415 1233 2447 Virgfieorg.
1242 2422 1318 2446 3552.
1337 2415 1394 2440 Sae-
1458 2414 1490 2440 de
1502 2413 1591 2441 breuis
1602 2413 1705 2440 aculeus
1716 2414 1887 2449 pigrescentes
1900 2421 1968 2441 artus
1975 2414 2091 2440 innocuo
2105 2412 2187 2439 titillo
2195 2410 2287 2446 poterit
2295 2409 2368 2436 admol
2377 2413 2414 2436 sc.»

364 2464 395 2482 va
403 2454 552 2488 Tisiphone
561 2453 628 2478 Hor.
638 2452 718 2478 serm.
728 2459 746 2481 ι,
755 2456 776 2482 g,
792 2457 831 2482 34.
900 2448 989 2486 Vltrix
997 2447 1145 2480 Tifiphone
1153 2449 1226 2480 Virg.
1237 2450 1300 2473 Aen.
1309 2453 1335 2480 6,
1344 2458 1393 2482 571.
1494 2455 1515 2475 Τ
1524 2457 1533 2475 ι
1544 2456 1566 2475 Τ
1579 2456 1588 2475 1
1598 2456 1613 2475 L
1622 2456 1638 2475 L
1648 2457 1666 2476 0
1676 2457 1688 2476 s
1697 2456 1717 2475 v
1729 2456 1753 2480 3,
1771 2459 1795 2482 a,
1809 2458 1863 2477 um.
1905 2449 2040 2485 [γάργαλον
2056 2451 2119 2482 ἔχων
2134 2447 2176 2475 Gl.
2197 2448 2240 2474 Gr.
2250 2446 2312 2478 Lat-1
2345 2444 2362 2468 τ’·
2382 2439 2426 2469 ΗΕ

398 2495 436 2514 Τ]
449 2495 462 2514 3
473 2495 514 2514 SA
525 2495 545 2514 N
556 2494 584 2517 Α,
598 2495 634 2512 ae.
648 2487 666 2512 f.
703 2485 793 2511 ItIdor.
814 2493 854 2516 20,
868 2491 880 2515 3
902 2483 1021 2514 Titiana,
1042 2482 1129 2513 Zema,
1148 2489 1280 2514 apozema,
1295 2483 1393 2507 Graeca
1419 2483 1450 2513 6,·
1457 2487 1504 2509 mis
1511 2484 1594 2517 facile
1607 2493 1621 2509 a
1636 2493 1774 2519 quocunque
1791 2484 1861 2511 :abiu
1874 2487 1949 2511 ridet,

362 2523 490 2550 vocabula
508 2524 573 2548 sunt.
624 2521 794 2546 Librariorum
802 2519 874 2554 forte
882 2524 1011 2553 peccatum
1018 2520 1114 2552 potius,
1134 2525 1207 2551 quam
1220 2515 1295 2551 ipfiut
1309 2514 1392 2542 aueto-
1493 2523 1514 2541 T
1523 2523 1532 2541 ι
1541 2524 1579 2542 Τι
1593 2523 1615 2541 Ν
1627 2525 1666 2542 Νι
1677 2525 1696 2543 v
1705 2526 1728 2549 3,
1742 2520 1760 2543 ι’.
1775 2528 1811 2544 m.
1826 2521 1902 2546 Poeta
1909 2526 1987 2551 vetut,
2001 2523 2070 2546 cuius
2077 2522 2156 2555 pauci
2161 2525 2258 2546 tantum
2267 2517 2314 2542 iam
2324 2509 2369 2544 essi
2400 2520 2402 2528 ·’

362 2562 401 2587 ris
416 2559 553 2589 barbaries,
565 2559 607 2592 qui
620 2556 696 2587 dedit,
706 2562 774 2590 puto,
789 2555 897 2585 Ptisana,
915 2562 939 2579 υ.
949 2562 974 2579 v.
1450 2550 1497 2587 fin
1511 2551 1576 2585 apud
1591 2553 1706 2577 Nonium.
2401 2568 2403 2571 .

401 2600 423 2620 T
436 2601 445 2619 1
454 2600 466 2619 S
475 2600 488 2620 s
501 2600 522 2619 Α
532 2599 546 2618 P
556 2598 575 2617 Η
585 2598 600 2618 Ε
610 2598 629 2618 R
640 2598 661 2616 N
672 2598 687 2617 E
697 2598 719 2620 3,
734 2591 763 2616 is.
785 2599 820 2616 m.
841 2590 945 2623 Satraps
959 2587 1078 2620 Persicus,
1091 2588 1132 2612 cui
1148 2586 1231 2620 filiam
1241 2591 1342 2622 nuptum
1354 2584 1394 2612 de·
1495 2592 1515 2611 T
1526 2593 1534 2611 1
1544 2592 1564 2611 T
1575 2593 1583 2611 1
1595 2592 1626 2617 ο,
1642 2586 1708 2612 (mis.
1722 2594 1757 2611 m.
1777 2583 1876 2620 [δαλὸς]
1894 2587 2000 2621 Lignum
2012 2586 2131 2618 adustum,
2144 2585 2211 2621 quod
2225 2585 2256 2611 ab
2268 2587 2325 2619 igne
2336 2590 2369 2607 ex;
2380 2582 2399 2604 ἰη

364 2629 404 2656 dit
417 2630 470 2657 Rex
481 2629 647 2657 Artaxerxes.
668 2626 726 2654 Vici.
740 2626 808 2660 Nep.
823 2633 848 2658 9,
861 2634 881 2657 3.
905 2632 926 2651 et
942 2632 980 2658 17,
994 2631 1018 2650 2.
1037 2630 1060 2649 ct
1072 2621 1162 2649 iustin.
1177 2631 1200 2655 5,
1210 2629 1230 2648 1.
1460 2622 1538 2648 Varr.
1552 2621 1583 2647 de
1597 2622 1657 2647 Vita
1667 2622 1728 2656 Pop.
1743 2621 1820 2648 Rom.
1835 2629 1853 2647 2.
1870 2623 1934 2656 αριια
1949 2621 2019 2646 Νοη.
2038 2629 2063 2652 2,
2084 2627 2136 2654 874
2155 2621 2255 2646 Contra
2266 2627 2280 2643 a
2293 2625 2364 2643 nouo
2381 2628 2382 2631 ¹

1417 2665 1452 2693 70
1462 2666 1543 2691 quum
1557 2658 1621 2683 item
1634 2666 1647 2683 e
1660 2656 1720 2682 foco
1734 2656 1762 2682 in
1778 2657 1872 2683 titione
1885 2665 1916 2682 ex
1930 2656 2003 2682 felici
2020 2657 2133 2687 arbore,
2155 2661 2180 2681 et
2200 2655 2227 2680 in
2247 2652 2335 2686 aquali
2348 2660 2369 2678 a‹
2389 2670 2390 2673 η

804 2699 838 2730 Τ
933 2699 947 2728 Ι
1046 2696 1081 2728 T
1461 2698 1486 2719 ta
1499 2693 1568 2725 esset,
1581 2700 1625 2718 etc.
1660 2692 1725 2719 Cels.
1740 2701 1760 2724 3,
1775 2701 1798 2718 12
1819 2692 2005 2726 Fomeutisque
2019 2692 2137 2725 protinus
2150 2688 2326 2717 validioribus
2339 2692 2366 2713 to
2382 2712 2385 2722 Κ

1462 2737 1508 2762 pus
1520 2727 1681 2754 circumdare
1694 2727 1828 2759 conuenit,
1839 2727 2004 2760 maximeque
2018 2727 2145 2752 inuolutis
2152 2725 2231 2757 testis,
2244 2723 2370 2751 etexstint

400 2778 422 2799 Τ
432 2779 441 2798 ι
453 2776 475 2797 Τ
486 2777 506 2797 Α
514 2776 547 2804 N,
558 2769 624 2805 anis,
643 2770 683 2796 vc!
695 2775 716 2795 T
726 2777 735 2796 1
746 2774 767 2794 T
777 2768 792 2795 λ’
802 2775 821 2794 N
832 2774 852 2794 v
866 2772 893 2799 s,
907 2766 925 2793 i.
938 2775 973 2793 m.
999 2764 1101 2798 [Τιτιέν]
1128 2765 1194 2791 Caeli
1205 2770 1229 2790 et
1245 2763 1400 2797 Terrae-fili·
1462 2763 1548 2789 nibus.
1585 2762 1622 2788 Id.
1637 2771 1661 2793 2,
1675 2770 1709 2796 17.
1729 2762 1845 2789 Laetam.
1860 2771 1888 2795 4,
1903 2771 1940 2795 14.
1967 2763 2043 2796 Apul.
2058 2763 2121 2788 Met.
2133 2771 2145 2793 7
2161 2771 2185 2795 p.
2200 2769 2260 2787 200.
2382 2786 2387 2792 ,,

357 2817 409 2834 ,urs
429 2807 596 2833 multitudinis
611 2809 683 2832 etiam
698 2814 795 2832 numero
809 2804 923 2830 Titanes
940 2801 1067 2833 dicuntur,
1080 2800 1185 2828 Seruius
1198 2800 1232 2826 ad
1248 2800 1311 2827 illud
1323 2799 1398 2832 Virg.
1500 2804 1521 2823 'r
1531 2804 1540 2822 1
1550 2803 1571 2823 T
1580 2804 1589 2822 1
1599 2805 1617 2823 v
1628 2805 1636 2823 1
1649 2803 1665 2822 ι.
1676 2803 1763 2823 1'r1v
1772 2804 1807 2829 M,
1821 2798 1839 2824 i.
1861 2806 1887 2824 n.
1914 2797 2000 2823 Festus
2012 2796 2110 2823 nullius
2123 2797 2170 2822 esse
2183 2792 2370 2830 significationi:

366 2844 431 2870 Aen.
446 2845 471 2874 6,
488 2847 534 2875 580
555 2840 606 2868 Hic
620 2842 707 2869 Genus
720 2841 859 2874 antiquum
878 2844 973 2869 terrae,
992 2837 1104 2863 Titania
1116 2836 1206 2870 pubes,
1300 2834 1398 2861 Fulmi-
1414 2832 1447 2860 7⁵
1464 2838 1492 2860 vt
1510 2833 1577 2866 apud
1598 2833 1711 2858 Graecos
1731 2834 1829 2868 βλίτυρι
1848 2839 1874 2860 et
1892 2831 2030 2865 σκιιδαψός,
2049 2832 2179 2867 laudatque
2215 2831 2294 2857 Plaut.
2315 2830 2371 2860 (Cat
2392 2835 2400 2864 ’,

367 2888 400 2905 ne
413 2878 510 2905 deiecti
526 2877 608 2904 fundo
621 2877 766 2904 voluuntur
780 2877 807 2902 in
823 2876 887 2901 imo.
942 2874 1032 2899 Terra
1053 2872 1167 2906 primum
1181 2871 1296 2898 Titanas
1308 2876 1397 2897 contra
1463 2871 1506 2901 39)
1525 2869 1588 2895 Non
1602 2877 1650 2901 ego
1671 2868 1738 2894 istud
1755 2869 1865 2894 verbum
1881 2868 2006 2900 emfltem,
2023 2867 2120 2902 (editur
2139 2865 2371 2897 nurzcen1iffim2ti1
2402 2886 2403 2891 ,

368 2915 505 2941 Saturnum
519 2913 621 2947 genuit:
645 2912 768 2946 Gigantes
787 2910 874 2944 postea
892 2914 983 2935 contra
1004 2909 1103 2935 Iouem.
1139 2908 1169 2933 Et
1186 2907 1274 2933 ferunt
1296 2906 1399 2932 fabulae
1462 2904 1614 2938 Fulgentius
1628 2912 1662 2929 20
1682 2903 1875 2930 Titiuillitium
1887 2904 1939 2930 dici
1952 2903 2094 2931 voluerunt
2107 2902 2150 2929 fila
2163 2901 2267 2937 putrida
2280 2897 2381 2935 (interp

369 2950 483 2976 Titanas
496 2948 529 2974 ab
547 2949 613 2974 irata
627 2954 717 2973 contra
732 2946 794 2972 deos
810 2951 889 2977 terra,
903 2943 934 2969 ad
949 2945 1004 2969 eius
1018 2943 1147 2970 vltionem
1164 2950 1270 2969 creatos.
1324 2940 1399 2968 Vnde
1461 2940 1554 2972 tabida,
1568 2948 1626 2975 quae
1638 2942 1692 2974 iugi
1711 2943 1879 2972 intentionem,
1892 2946 1915 2966 ct
1927 2938 2036 2966 11⁴0&an
2054 2936 2165 2974 profluis
2175 2937 2295 2974 sfflinere
2314 2945 2360 2962 non
2377 2929 2405 2968 i!

369 2991 394 3011 et
406 2985 520 3011 Titanes
535 2983 599 3009 dieti
614 2983 670 3008 sunt
700 2981 748 3007 εἰπᾶ
768 2982 810 3010 τῖς
839 2981 927 3011 τίσεως,
961 2978 988 3005 id
1000 2979 1044 3010 est,
1063 2979 1096 3005 ab
1109 2978 1218 3004 vltione.
1273 2976 1400 3004 Hafscnus
1462 2985 1528 3011 quae
1542 2975 1573 3001 de
1586 2974 1644 3000 telis
1656 2974 1758 3001 cadunt.
1794 2975 1891 3001 Laudat
1910 2975 1994 3001 deinde
2009 2976 2087 3001 lacum
2107 2975 2191 3001 Plauti
2208 2977 2252 3000 cit.
2272 2979 2295 2998 et
2307 2971 2412 2998 adda

370 3020 484 3046 Seruius.
590 3018 670 3052 impii
689 3017 803 3044 Titanes
821 3017 888 3042 Hor.
903 3016 989 3041 Carm.
1005 3023 1027 3046 3,
1041 3025 1068 3047 4,
1083 3023 1121 3048 43.
1238 3013 1327 3039 Validi
1345 3013 1397 3040 Ti·
1417 3011 1449 3036 80
1463 3021 1492 3038 re
1506 3010 1646 3037 admodum
1662 3010 1789 3036 vihffima.
1845 3011 1915 3038 Nam
1928 3017 1952 3037 et
1966 3010 2179 3036 M.Cornutusin
2191 3009 2273 3035 Satira
2286 3008 2331 3040 ait,
2346 3005 2386 3034 T¹
2406 3024 2416 3039 -,,

369 3061 440 3082 tanes
454 3053 534 3081 Ouid.
552 3054 616 3080 Fast.
630 3061 650 3085 3,
666 3061 727 3088 797.
834 3051 880 3077 Dii
893 3059 950 3076 cum
964 3050 1089 3082 Titanis,
1108 3058 1167 3075 cum
1187 3048 1342 3083 Gigantibus
1356 3049 1401 3075 sua
1463 3048 1551 3074 Flacce
1566 3047 1599 3072 do
1614 3045 1672 3071 tibi.
1710 3047 1776 3072 Haec
1789 3046 1837 3072 illi.
1879 3047 2006 3072 Turnebus
2020 3056 2048 3071 cx
2063 3047 2186 3082 Fulgentii
2205 3045 2285 3071 certas
2305 3045 2368 3069 elit-it

370 3090 478 3126 propria
493 3089 560 3116 bella
571 3089 698 3123 gesserunt
717 3088 772 3115 Cic.
788 3087 819 3114 de
838 3087 900 3113 Nat.
916 3086 994 3111 Deor.
1015 3095 1037 3117 ς,
1051 3095 1091 3117 70.
1181 3084 1254 3110 Plato
1267 3085 1400 3111 Titanum
1463 3081 1712 3110 vilitiumavilitate
1726 3089 1808 3108 textus
1816 3080 1917 3108 dic‘sum.
1952 3081 2048 3117 Quidni
2058 3088 2141 3116 portus
2148 3079 2352 3110 Teliuillitium,
2366 3086 2372 3096 =
2394 3094 2396 3098 -
2410 3079 2416 3107 ζ

369 3136 384 3153 e
399 3134 493 3160 genere
507 3126 594 3151 statuit
607 3134 661 3156 eos,
676 3125 722 3159 qui
736 3130 764 3150 vt
778 3123 819 3150 illi
832 3120 994 3153 caelestibus,
1009 3120 1040 3147 sic
1054 3120 1082 3147 hi
1094 3120 1401 3154 aduersenturmagistra-
1464 3119 1514 3145 tela
1523 3117 1649 3152 delapsus?
1665 3118 1802 3143 Grcnouiur
1810 3118 1932 3144 adPIanti
1939 3118 1956 3144 1.
1965 3127 1986 3143 c.
2007 3113 2421 3151 Titicm'usdam‘pastorisuel1-,.¹

370 3162 440 3189 tibus
452 3160 525 3187 Idem
539 3160 570 3186 de
586 3160 676 3194 Legib.
693 3170 713 3191 2,
727 3167 751 3191 ς.
880 3158 1002 3184 Titanum
1018 3166 1079 3182 onus
1101 3158 1200 3191 Iapetus
1214 3162 1289 3190 pater
1303 3157 1399 3182 Prome·
1463 3154 1590 3180 villitium
1604 3155 1630 3178 in
1640 3153 1795 3187 prouerbium
1810 3152 1897 3186 ueniste
1906 3158 1991 3186 putat,
2004 3155 2047 3188 qui
2060 3152 2138 3177 villos
2152 3158 2175 3178 et
2187 3153 2256 3178 lanae
2273 3151 2403 3181 minuti

368 3198 434 3224 thei:
455 3199 497 3232 qui
515 3196 565 3230 ipsc
578 3204 667 3230 quoque
685 3195 787 3226 Titan,
806 3195 876 3220 velut
893 3193 1021 3230 gcntilicio
1041 3194 1143 3223 nomine,
1161 3197 1272 3217 vocatur.
1310 3192 1402 3217 quen.
1419 3191 1448 3220 85
1464 3189 1495 3216 da
1509 3189 1638 3224 diligentia
1646 3188 1838 3223 perstquerctur,
1875 3187 2040 3222 Villitiums.
2054 3188 2185 3214 villitium
2197 3196 2212 3213 a
2223 3186 2295 3213 villis
2309 3181 2370 3211 dictu

370 3232 464 3263 Sata-t,
480 3239 505 3263 33
525 3231 607 3264 Qeis
621 3230 732 3256 meliore
747 3230 802 3255 luto
815 3229 891 3254 fiuxit
910 3226 1062 3262 praecordia
1073 3226 1168 3253 Titan.
1206 3227 1333 3261 Hyperion
1348 3235 1403 3261 quo·
1465 3225 1531 3252 lanis
1549 3223 1682 3250 lanicium.
1737 3223 1812 3249 Aua
1834 3224 1987 3258 Fulgentium
2003 3224 2108 3249 Cornuti
2126 3223 2201 3250 verba
2215 3221 2292 3258 staff>
2315 3217 2379 3247 Ti·
2409 3231 2425 3240 v

369 3277 447 3301 queex
461 3268 580 3293 Tnanum
593 3274 692 3291 numero
704 3263 746 3297 cst,
759 3267 801 3299 qui
814 3265 878 3290 Solis
886 3270 980 3298 parens
992 3261 1141 3294 etaflrorum
1147 3261 1247 3297 fertur.
1284 3263 1352 3288 Hinc
1360 3262 1402 3288 Sol
1465 3261 1506 3288 Sic
1520 3260 1624 3286 Floccus
1643 3261 1685 3293 qui
1699 3259 1754 3285 nihi
1777 3259 1845 3284 aliud
1857 3268 1926 3293 quam
1946 3258 2034 3290 villus,
2053 3267 2102 3284 rem
2116 3265 2258 3284 contemtam
2286 3254 2378 3293 ιςιιαᾶιι’

370 3304 468 3335 Titan,
482 3303 550 3328 Luna
565 3301 686 3332 Titanis,
702 3302 787 3326 Diana
800 3298 913 3325 Titania
926 3307 941 3324 a
960 3299 1043 3324 Poetis
1061 3295 1185 3324 ait-untur.
1218 3297 1275 3323 Cic.
1291 3298 1318 3323 in
1332 3299 1403 3323 Atat.
1465 3296 1542 3322 flocci
1557 3296 1650 3325 facere,
1664 3300 1709 3319 etc.
1743 3294 1880 3321 Probabilaes
1892 3293 2025 3329 disputatio
2039 3294 2115 3329 sane,
2130 3293 2176 3329 fid
2187 3302 2259 3329 quam
2267 3286 2379 3328 seuerio*
2404 3290 2427 3322 'g

372 3341 406 3365 60
431 3339 517 3371 Qicm
533 3345 614 3371 quum
624 3341 749 3370 perpetuo
763 3334 868 3360 vestiuit
888 3333 986 3359 lumine
1001 3333 1095 3359 Titan.
1150 3331 1230 3359 Ouid.
1246 3334 1309 3359 Met.
1324 3342 1346 3364 3,
1362 3341 1402 3367 173
1465 3330 1610 3358 titiuillicio
1619 3337 1670 3355 non
1678 3329 1794 3356 emiffint.
1816 3330 1848 3364 Is.
1863 3329 2063 3362 Volfadllsclam
2071 3338 2148 3361 2,2,19
2156 3338 2179 3363 p.
2190 3328 2350 3362 163.edit.pr1'
2405 3340 2410 3350 »

373 3375 492 3408 Dumque
515 3372 554 3398 ibi
582 3372 713 3406 perluitur
731 3369 808 3396 solita
819 3368 933 3396 Titania
953 3368 1057 3402 lympha
1074 3371 1092 3394 i.
1105 3369 1198 3394 Diana.
1303 3368 1401 3394 Ardens
1415 3373 1449 3396 90
1466 3365 1587 3394 Caeliiad
1596 3365 1700 3398 Cic-855
1720 3364 1913 3398 Sauetanquam
1925 3365 1951 3390 in
1959 3360 2345 3399 quodaminciliomniaiamad
2365 3364 2378 3381 ι’

373 3409 458 3434 'l'itan
476 3408 573 3434 laxauit
587 3406 721 3434 feruidum
735 3405 804 3445 dieu]
820 3404 906 3444 Senec.
936 3405 1014 3429 Herc.
1031 3404 1089 3429 Oet.
1104 3402 1122 3428 s·
1135 3404 1160 3428 6.
1293 3403 1400 3430 Calidus
1464 3405 1512 3443 legi
1524 3403 1586 3433 vult,
1599 3406 1721 3435 tanquam
1734 3400 1763 3425 in
1781 3401 1895 3434 quodam
1913 3400 2057 3428 titiuilitio.
2111 3401 2174 3427 Mox
2186 3403 2248 3426 enim
2260 3398 2289 3425 de
2301 3396 2369 3432 eodeni
2382 3410 2386 3435 ἧι

374 3444 459 3469 Titan
473 3445 568 3470 Lucan.
583 3454 605 3474 4,
618 3452 650 3473 5¹·
719 3440 847 3468 Feruidus
861 3440 947 3467 Titan
960 3439 1047 3464 Senes.
1061 3438 1140 3464 Herc.
1154 3439 1214 3465 Fur.
1230 3447 1264 3465 ιι.
1318 3439 1401 3466 Flam-
1463 3444 1540 3466 tricas
1557 3436 1632 3462 dixit.
2364 3441 2368 3455 .-
2385 3439 2403 3465 gf

372 3478 456 3512 miger
468 3479 554 3505 Titan
568 3479 664 3504 Lucan.
680 3486 700 3509 ι,
715 3484 769 3510 4ις.
906 3473 1047 3501 Luctificus
1066 3474 1152 3499 Titan
1173 3474 1245 3499 Idem
1264 3481 1291 3507 7,
1307 3483 1331 3501 2.
1351 3475 1403 3501 dies
1498 3478 1617 3500 T1T1v
1627 3478 1651 3502 s,
1666 3479 1689 3502 a,
1705 3479 1757 3497 um.
1779 3472 1865 3498 Gentis
1876 3480 1974 3498 nomen:
1988 3472 2075 3508 plures
2093 3470 2186 3498 Titios
2199 3469 2295 3497 indicat
2306 3468 2338 3495 Vo
2380 3471 2396 3502 .;]=

372 3512 455 3544 1r1sti1
468 3520 567 3549 pugnae
586 3513 751 3548 Pharsalicae.
785 3511 842 3538 Sen.
861 3511 926 3537 Her.
946 3510 1006 3536 Oet.
1028 3514 1069 3541 891
1091 3509 1192 3534 Titana
1211 3510 1311 3543 fugies?
1331 3511 1402 3546 Resp.
1462 3515 1509 3536 tut.
1525 3509 1597 3535 Orat.
1610 3517 1629 3533 1.
1649 3505 1720 3541 C⁰'¹s·
1735 3507 1829 3541 ReincJZ
1850 3508 1909 3533 ναν.
1923 3505 1989 3534 1-εᾶ.
2003 3518 2028 3539 2,
2048 3517 2085 3537 14,
2122 3508 2189 3533 Hinc
2202 3507 2255 3532 Lex
2263 3500 2397 3539 Titini-g]
2423 3529 2426 3536 ,

373 3549 431 3583 Ipse
450 3556 491 3573 me
511 3549 596 3574 Titan
616 3549 692 3583 fugit.
740 3547 826 3580 Solem,
845 3547 907 3574 hanc
919 3547 1003 3578 lucem,
1022 3547 1102 3571 vitam
1115 3544 1173 3570 adeo
1188 3547 1317 3581 intelligit.
1352 3548 1404 3574 Soli
1420 3544 1653 3580 95galibus1araa
1672 3541 1738 3568 Sext.
1754 3542 1835 3569 Titio
1856 3542 1984 3569 Tribuno
2008 3542 2107 3577 plebis,
2128 3543 2158 3568 A.
2172 3542 2205 3567 V.
2218 3542 2248 3568 C.
2263 3543 2316 3573 634.
2332 3538 2358 3564 v't
2421 3542 2427 3546 ”

373 3583 517 3611 valedicunt
529 3587 654 3610 morituri.
1461 3583 1532 3616 agris
1546 3578 1654 3614 publicis
1670 3577 1797 3616 afflgnatis
1816 3577 1950 3612 impositum
1966 3577 2077 3613 quaestor
2095 3579 2228 3612 colligeret.
2263 3575 2319 3602 Val.
2335 3572 2366 3610 M
2377 3593 2391 3619 ,Ι

409 3625 430 3645 Τ
440 3624 538 3645 ιΤΑΝ
551 3625 586 3644 1v
596 3625 617 3648 3,
630 3628 654 3651 a,
668 3628 722 3646 um.
741 3618 801 3644 Adi.
821 3615 957 3651 [Τιτίνιος]
980 3615 1025 3647 Vt,
1038 3614 1111 3641 Astra
1118 3614 1231 3642 Titania
1244 3616 1318 3651 Virg.
1333 3617 1398 3644 Aen.
1463 3616 1530 3642 Sext.
1545 3621 1649 3649 quoque
1662 3613 1669 3619 '
1694 3616 1769 3640 nium
1777 3613 1866 3640 similis
1879 3615 1947 3640 casus
1960 3613 2111 3648 prostrauit:
2129 3618 2183 3638 erat
2197 3611 2328 3642 inuocem,
2343 3633 2360 3645 Δ,
2377 3612 2390 3625 ”’
2402 3613 2404 3615 “
2415 3614 2425 3630 ¹¹

374 3657 399 3686 6,
413 3662 467 3689 725.
583 3654 652 3680 Bella
664 3654 776 3680 Titania
789 3653 834 3679 Sil.
854 3661 888 3685 ιε’,
908 3660 964 3685 725.
1463 3660 1494 3686 ge
1510 3655 1580 3685 grata
1595 3647 1721 3683 gratiosus
1743 3649 1809 3683 apud
1829 3650 1965 3684 populum.
2061 3648 2114 3674 Lex
2135 3647 2215 3673 Titia
2235 3647 2266 3673 de
2279 3648 2349 3672 mune
2361 3638 2421 3673 i&

411 3697 432 3716 Τ
442 3697 452 3716 1
462 3695 484 3715 Τ
495 3695 516 3714 Α
526 3694 550 3714 Ν
560 3695 569 3713 1
580 3695 600 3714 Α
611 3694 629 3715 c
641 3696 658 3714 v
671 3695 698 3721 3,
711 3698 733 3719 a,
747 3698 800 3715 um.
810 3688 869 3714 Adi.
891 3685 1059 3720 [Τιτανικκός]
1075 3685 1155 3712 Ouid.
1164 3686 1227 3713 Met.
1236 3694 1314 3721 7³99
1329 3687 1398 3714 Hinc
1462 3689 1571 3713 minatur
1584 3685 1615 3710 ab
1633 3684 1748 3711 Ausonio
1764 3686 1850 3719 Epigr.
1866 3690 1904 3717 88,
1921 3685 1950 3711 de
1961 3692 2008 3720 qua
2026 3685 2076 3719 Iege
2088 3682 2122 3715 fic
2140 3683 2231 3709 Tacit.
2252 3683 2316 3708 Ann.
2327 3687 2375 3717 11,-
2388 3683 2391 3689 ¹
2423 3690 2427 3698 ¹

374 3724 523 3752 Titaniacis
536 3723 621 3750 ablata
634 3723 800 3756 draconibus,
814 3725 893 3750 intrat
964 3721 1089 3749 Palladias
1101 3729 1185 3747 arces:
1204 3722 1232 3748 de
1246 3723 1344 3756 Medea,
1358 3724 1399 3750 So·
1408 3734 1455 3753 100
1463 3723 1570 3761 surgunt
1583 3726 1676 3753 patres,
1690 3719 1824 3755 legemque
1832 3721 1937 3747 Titiam
1945 3719 2070 3753 flagitant,
2085 3726 2135 3752 qua
2155 3724 2262 3744 cauetur
2279 3715 2376 3751 antiqu!
2395 3719 2413 3745 ,·’

371 3761 403 3787 Iis
413 3762 539 3796 progenie,
558 3762 600 3795 qui
617 3760 695 3785 Titan
711 3757 752 3792 qli.
1462 3766 1521 3790 qu1s
1535 3755 1570 3782 ob
1583 3755 1682 3781 causam
1695 3757 1818 3782 orandam
1832 3756 1968 3790 pecuniam
1980 3755 2110 3780 donumue
2125 3754 2242 3787 accipiat.
2292 3752 2343 3778 Hac
2350 3748 2375 3779 fle
2405 3758 2418 3766 ’-

409 3801 429 3820 Τ
441 3803 448 3821 1
459 3803 480 3821 Τ
490 3802 510 3821 Λ
520 3802 541 3821 N
555 3802 562 3820 1
574 3801 596 3824 S,
609 3794 668 3821 idis.
688 3795 706 3820 f.
724 3796 870 3825 Patronym.
882 3791 1003 3822 adz‘efflue
1016 3794 1116 3827 ponitur
1129 3791 1195 3827 apud
1205 3793 1295 3819 quen.
1312 3793 1362 3819 Sat.
1377 3799 1401 3826 8,
1460 3793 1551 3818 bantur
1564 3790 1686 3823 aduocati,
1704 3796 1747 3826 qui
1758 3794 1931 3818 mercenariam
1943 3789 2071 3817 clientibm
2089 3796 2184 3824 operam
2199 3786 2366 3824 praestabili-125
2382 3784 2399 3808 -.“

375 3837 413 3861 132
448 3831 560 3856 Omnem
575 3830 704 3858 Titanida
718 3838 829 3864 pugnam
922 3829 994 3855 Inter
1005 3827 1127 3859 maiores,
1141 3827 1276 3863 ipsumque
1295 3830 1399 3855 Prome-
1460 3827 1555 3862 Titius
1568 3825 1649 3853 homo
1669 3827 1763 3861 loquax
1778 3828 1836 3853 sane
1852 3833 1877 3853 et
1896 3827 1954 3852 satis
1967 3830 2064 3856 acutus,
2083 3824 2124 3850 sed
2138 3830 2188 3850 tam
2202 3823 2296 3851 solutus
2308 3825 2331 3847 et
2341 3817 2400 3849 11¹⁰!

372 3865 430 3890 thca
444 3873 523 3898 ponas
541 3869 558 3891 i.
579 3866 696 3898 Titanas,
714 3868 756 3902 qui
768 3865 863 3892 Caelum
877 3865 934 3892 olim
949 3869 1135 3900 oppugnarunu
1154 3863 1321 3900 remottffimae
1332 3864 1401 3892 nobi·
1461 3862 1539 3895 gestu,
1553 3868 1580 3886 vt
1596 3860 1694 3887 saltatio
1710 3864 1835 3897 quaedam
1847 3863 2001 3892 nasceretur,
2020 3861 2062 3886 cui
2075 3860 2206 3886 saltationi
2225 3857 2314 3886 Titius
2325 3861 2379 3892 ιιοῐξῑ,
2404 3855 2424 3876 '5¹

371 3900 454 3927 litatis
467 3899 604 3936 descriptio.
1411 3914 1452 3937 ¹⁰5
1460 3898 1504 3923 set.
1541 3898 1579 3923 Ita
1593 3897 1735 3923 cauendum
1752 3898 1796 3927 est,
1812 3907 1845 3924 ne
1859 3896 1922 3931 quid
1935 3896 1964 3921 in
1976 3895 2077 3930 agendo
2090 3895 2236 3923 dicendoue
2243 3893 2325 3926 facias,
2336 3887 2423 3940 tullssxfi

1455 3932 1521 3961 tatio
1528 3932 1645 3961 rideatur
1651 3934 1718 3961 Haec
1726 3933 1862 3963 Cic.Btuto
1871 3940 1914 3966 225
1921 3940 1943 3959 e.
1950 3932 1990 3960 62.
1996 3959 2002 3968 Δ
