2434 4156
265 104 335 152 267
657 95 683 134 s
760 96 799 136 A
881 97 919 137 G
1721 94 1747 134 s
1853 96 1892 136 A
2000 95 2036 136 L
2312 82 2383 146 ‘265

266 187 359 222 §aurfta
375 182 419 209 Sil.
436 190 469 215 9,
481 191 532 216 4²0
563 183 593 210 Et
614 183 686 210 iuxta
705 185 793 219 sagulo
807 185 1023 212 circumuolitare
1037 184 1143 212 rubenti
1158 182 1300 210 Lictorem.
1365 184 1533 219 Cappadocus
1547 184 1648 211 minute
1660 183 1737 211 tritus
1752 188 1776 209 et
1792 183 1919 210 immistus
1931 184 2005 212 melli
2031 184 2135 211 Colum.
2151 185 2177 216 6,
2192 190 2230 217 17,
2243 190 2268 217 7.
2350 184 2384 211 Set

267 225 324 250 fuit
337 223 374 245 ita
393 227 419 244 ue
431 219 535 253 Saguli,
551 226 580 245 vt
593 220 770 254 paludamenti
783 220 911 255 appellatio
925 224 1058 247 communis
1077 222 1249 254 imperatoriae
1260 229 1300 245 ve·
1366 221 1464 247 Auson.
1483 219 1539 247 Eid.
1557 228 1584 254 17
1598 230 1622 255 p.
1637 225 1681 252 481
1698 220 1893 246 lrritamentum
1916 220 2011 253 quibus
2031 219 2146 251 additur,
2166 226 2327 252 aequoreum
2348 219 2384 247 Sal
2414 233 2415 237 =

257 256 296 291 sti
307 262 330 281 et
344 227 452 280 ligeris.
493 254 551 280 Vid.
572 261 771 282 PALVDA't‘vs
789 255 877 281 liftor.
961 257 1020 281 Liu.
1035 264 1061 290 7,
1075 265 1106 288 34
1125 255 1194 280 Haec
1210 255 1301 281 omnia
1367 256 1432 281 Plin.
1445 264 1477 288 3ι,
1491 264 1508 290 7
1538 255 1586 282 Sed
1601 262 1625 281 et
1639 256 1737 281 summa
1751 255 1890 280 fluminum
1904 255 2042 282 densantur
2058 255 2085 281 in
2097 255 2175 280 salem
2185 274 2193 286 ,
2207 262 2282 279 amne
2292 253 2385 288 'relique

264 290 353 324 sagulo
366 289 464 324 gregali
477 290 598 321 amie'tus,
611 291 809 317 centurionibus
826 291 889 316 item
902 291 1107 325 manipularium
1128 289 1244 315 militum
1257 289 1302 315 ha-
1364 291 1447 317 veluti
1466 292 1512 317 sub
1525 291 1584 326 gelu
1596 291 1707 322 fluente,
1725 296 1753 317 vt
1766 289 1833 325 apud
1847 289 1950 324 caspias
1965 298 2068 325 portas,
2088 298 2154 324 quae
2170 289 2228 315 salis
2243 289 2382 324 fluminaap

262 327 322 352 bitu
335 325 436 357 duffis,
450 335 483 351 ne
498 325 591 352 ducem
605 326 744 352 circumire
758 326 843 351 hostes
858 332 995 361 notarent,
1014 325 1187 360 perlustrauit.
1260 326 1302 351 Sa·
1329 329 1343 355 ς
1365 326 1502 360 pellantur.
1520 329 1523 331 “
1609 327 1683 354 Idem
1696 335 1734 359 33,
1750 335 1769 358 4
1788 325 1925 352 Torretur
1939 332 2034 352 etcum
2047 326 2106 352 salis
2120 333 2223 359 grum0.
2313 324 2387 352 Gram

261 361 352 395 gulum
364 361 510 395 Hispanum
532 362 591 387 Liu.
606 369 654 394 27,
667 369 703 392 19.
819 360 892 386 Idem
909 370 950 393 21,
963 372 975 393 4
1011 361 1089 387 Multi
1103 361 1177 394 saepe
1190 360 1303 386 militari
1364 362 1428 388 Salis
1449 362 1567 388 Scribon.
1585 370 1632 394 135.
1740 361 1852 393 Plin.32‚
1866 368 1883 394 7
1898 361 1916 386 s.
1930 369 1959 393 39
1987 362 2049 388 Sunt
2069 368 2093 388 et
2113 362 2217 387 Montes
2232 359 2315 385 natiui
2332 360 2395 389 salise.

261 397 350 432 sagulo
362 404 492 431 opertum,
506 396 582 422 humi
596 395 734 427 iacentem,
749 397 818 422 inter
831 396 977 429 custodias,
992 396 1165 430 stationesque
1184 396 1302 422 militum
1365 402 1394 423 vt
1407 397 1434 422 in
1449 397 1519 424 Indis
1533 398 1690 428 Orommus,
1704 397 1732 422 in
1746 406 1799 431 quo
1814 396 2015 430 lapicidinarum
2027 397 2109 424 modo
2125 396 2242 423 caeditur
2255 392 2393 432 renascens·¹

258 433 456 467 conspexerunt.
1366 434 1503 466 maiusque
1524 441 1614 467 regum
1635 433 1747 465 veftigal
1766 441 1796 458 ex
1817 441 1849 458 eo
1869 431 1918 461 est,
1940 440 2017 465 quam
2030 442 2061 458 ex
2076 441 2141 460 auro
2154 438 2232 466 atque
2246 431 2393 468 margaritisff

296 474 369 495 SAG
381 475 431 494 AT
442 476 450 494 1
462 473 494 499 0,
509 466 576 492 onis.
596 465 615 490 s.
653 464 754 496 ποιλμδς
771 465 848 492 Gloff.
864 467 920 493 Lat.
935 468 980 493 Gr.
1000 466 1050 492 vid.
1065 471 1193 493 SAGVM.
1366 468 1526 503 Adspergere
1539 469 1618 495 salem
1633 468 1770 498 carnibus,
1791 474 1814 493 et
1826 467 1882 493 Sale
1898 476 2002 499 carnes,
2019 468 2072 494 vid.
2093 473 2272 495 ADSPERGO·
2343 466 2393 496 Oua

297 510 309 529 s
320 511 341 530 A
352 505 427 530 ΕᾸΤ
435 510 454 528 V
465 510 488 534 s,
502 510 588 532 a,u1n.
602 500 661 525 Adi.
700 501 869 535 [σαμφόρας]
905 502 1025 537 ‚Qn'sago
1036 501 1139 527 indutus
1153 500 1195 535 est.
1232 502 1301 529 Suet.
1322 509 1351 527 10
1366 503 1508 537 plurimum
1523 503 1645 530 habentia
1659 505 1719 530 salis
1736 502 1855 529 Scribon.
1871 508 1917 535 185.
1935 506 1953 528 i.
1964 503 2038 537 probe
2046 504 2132 538 salita.
2210 501 2330 528 Obruere
2343 501 2393 535 salet¹

261 539 290 566 in
302 539 374 566 Caes.
396 548 416 565 c.
432 543 463 570 48
488 537 669 563 conuiuatum
689 535 781 561 assidue
796 536 900 563 duobus
916 537 1058 568 tricliniis,
1077 546 1131 563 vno
1144 546 1198 571 quo
1212 538 1301 572 sagati,
1363 538 1416 564 vid.
1432 545 1549 565 OBRVO.
1656 539 1739 566 Salem
1754 539 1884 573 Lingere,
1903 538 1931 563 dc
1950 538 2083 572 tenuiffimo
2103 538 2183 565 vit‘lu.
2217 536 2271 563 vid.
2290 536 2409 567 Lambini.

259 575 405 610 palliatiue,
417 574 501 600 altero
516 581 569 606 quo
583 571 664 605 togati
680 580 740 597 cum
761 572 950 599 illustrioribus
970 573 1168 606 prouinciarum
1189 573 1299 599 discum-
1363 573 1396 599 ad
1410 575 1475 601 Hor.
1490 573 1540 600 Od.
1558 577 1621 605 1‚16.
1716 575 1809 609 Meurs
1831 574 1859 600 de
1877 576 1946 600 Luxu
1961 575 2028 600 Rom.
2042 573 2156 607 Mantzffi
2170 584 2191 600 c.
2208 583 2230 599 2.
2323 571 2393 606 Salesi

258 612 361 639 herent.
468 608 571 634 Deinde
584 616 637 632 cras
652 607 729 639 sagati
744 608 899 640 prodeamus
922 608 976 633 Cic.
986 607 1095 642 Philipp.
1114 617 1152 641 14,
1167 618 1185 635 1.
1242 609 1298 634 Cic.
1363 610 1434 635 Plur.
1445 616 1493 643 pro
1507 609 1664 636 Condimento
1676 610 1737 646 ipso.
1774 610 1905 637 Columel.
1921 619 1946 644 7,
1955 614 1978 642 8,
1991 618 2010 642 4
2030 609 2200 644 Adspergitur
2214 607 2283 634 tritis
2296 602 2400 638 salibhsi:

259 646 292 674 ad
319 646 454 672 Caesarem
482 644 615 669 iuniorem
640 642 706 676 apud
726 643 796 668 Non.
815 652 853 676 14,
870 653 895 669 ιο
925 642 1013 669 Pridie
1027 644 1117 670 Nonas
1132 645 1298 676 Februarias,
1362 644 1430 671 Add.
1445 646 1628 677 Varr.2,11,5.
1665 646 1770 672 Colum.
1781 654 1808 680 7,
1816 650 1862 678 4‚8
1878 652 1924 671 etc.
2030 642 2052 681 ff
2066 653 2078 676 3
2106 644 2162 677 Sal,
2183 646 2280 671 Vitium
2298 646 2325 668 in
2337 649 2401 683 gemti

259 690 341 717 quum
358 681 389 707 ad
404 686 428 706 te
444 680 532 705 literas
545 686 621 703 mane
634 677 754 703 dediss‘em
764 698 770 707 ,
791 678 909 704 descendi
924 678 956 704 ad
971 679 1061 705 forum
1075 686 1194 713 togatus,
1215 689 1296 714 quum
1317 688 1342 714 15
1361 683 1417 706 mis.
1455 680 1591 714 Plin.37,2
1609 681 1637 706 de
1651 682 1802 712 murrhinis‚
1823 680 2003 707 Translucere
2018 680 2178 714 quidquam,
2196 685 2241 706 aut
2255 678 2349 712 pallere
2360 679 2394 706 vif!

258 718 358 750 reliqui
371 714 526 741 Consulares
540 713 618 746 sagati
633 712 730 738 vellent
744 713 907 740 descendere.
1011 715 1155 750 Capitolin.
1172 716 1299 741 Antonin.
1364 716 1430 742 tium
1445 715 1480 741 est
1495 725 1500 741 :
1537 716 1600 742 item
1615 716 1677 742 sales
1690 725 1869 750 verrucaeque
1882 725 1935 743 non
1949 716 2110 747 eminentes,
2129 717 2187 748 sed,
2205 722 2233 741 vt
2249 715 2276 740 in
2290 722 2403 748 corpora·

259 753 326 780 Phil.
340 760 373 785 27
404 751 452 776 Per
471 748 643 788 Brundusium
664 749 770 774 veniens
790 750 817 774 in
832 749 952 780 Italiam,
969 755 1057 784 togam
1076 758 1101 777 et
1122 752 1177 785 ipse
1201 750 1298 783 sumsit,
1363 752 1459 783 etiam,
1478 750 1631 785 plerumque
1645 751 1743 778 sessiles.
1801 754 1903 778 Fuerint
1918 761 1974 788 ergo
1989 752 2058 777 Sales
2071 751 2216 786 asperitates
2230 749 2345 786 quaedam
2363 756 2401 781 tua.

259 796 285 816 et
299 788 396 814 milites
411 791 513 818 togatos
526 786 574 810 effe
587 784 653 809 inssn
669 794 674 809 :
711 793 758 810 nec
773 793 888 818 vnquam
901 786 980 819 sagati
993 787 1101 813 fuerunt
1120 788 1168 820 (in
1181 786 1254 818 vrbe,
1270 790 1297 812 in
1363 786 1405 813 θα
1423 786 1588 822 deprehensae.
1705 787 1800 819 Calor,
1817 788 1919 822 sanguis
1929 808 1937 820 ,
1962 786 2042 813 sudor
2060 786 2215 813 auiditatem
2247 784 2405 815 animaliu'rw'

258 823 358 856 Italia)
377 821 482 847 milites.
584 819 655 845 Galli
672 820 766 853 sagati,
780 820 946 855 braccatique
964 822 1019 848 Cic.
1037 831 1083 856 pro
1098 823 1175 849 Font.
1189 831 1218 854 23
1232 832 1253 848 c.
1268 831 1299 848 11.
1362 822 1477 848 naturali
1490 822 1556 853 sale,
1575 828 1667 856 augent
1699 823 1765 849 Plin.
1780 832 1818 856 10,
1826 831 1859 858 72
1873 825 1889 849 s.
1904 832 1946 856 93.
1963 822 2029 858 quod
2041 822 2166 849 Harduin.
2180 825 2360 856 interpretatur
2371 821 2396 853 dus

258 858 374 886 Martial.
388 862 412 886 6,
426 864 446 881 ιι
471 861 598 890 comparat
625 855 697 890 fiamn
724 862 894 894 putaepertatem
924 866 977 883 cum
1009 859 1096 885 Marci
1116 860 1232 890 luxuria,
1250 858 1296 884 Te
1310 871 1346 889 20
1362 859 1473 884 naturali
1485 861 1643 884 incitamento
1650 857 1785 893 s-stimulo
1798 862 1831 885 ad
1843 860 1922 885 cibum
1931 866 2056 894 potumue.
2252 855 2272 893 ff
2298 865 2316 889 4
2351 851 2403 890 Sau'

257 894 388 921 Cadmaea
400 892 500 923 Tyros,
512 899 553 916 me
566 891 670 924 pinguis
683 890 768 916 Gallia
784 891 875 922 veslit,
911 893 958 918 Vis
972 899 996 919 te
1011 902 1183 928 purpureum,
1198 894 1297 926 Marce,
1362 894 1473 927 [σοφία]
1506 900 1555 928 pro
1568 893 1703 928 Sapientia.
1740 894 1808 920 Ter.
1822 895 1887 920 Eun.
1902 904 1923 927 3,
1937 904 1957 927 ι,
1973 903 2001 920 ιο
2029 893 2133 920 Labore
2164 892 2252 918 alieno
2283 894 2397 926 magntim

257 931 356 964 sagatus
369 936 454 953 amem
469 928 477 952 3
584 926 689 951 Cultam
702 926 875 961 vestitamque
888 927 1019 954 familiam
1039 930 1141 955 vtiliter
1155 929 1237 962 magis
1253 929 1296 955 ha-
1361 936 1461 964 partam
1475 929 1603 963 gloriam,
1623 929 1713 955 verbis
1728 929 1801 963 sae-pe
1814 929 1842 955 in
1857 931 1881 957 se
1895 936 2075 963 transmouet,
2095 928 2142 963 qui
2156 927 2233 954 habet
2248 927 2336 959 salem,
2355 928 2397 963 quil

256 966 316 992 beat
330 972 408 999 quam
422 962 546 992 delicate,
567 961 594 986 id
608 961 660 993 est,
673 962 804 988 munitam
822 962 963 997 diligenter
976 973 990 990 a
1005 964 1151 999 frigoribus
1164 971 1189 990 et
1202 964 1297 991 imbri·
1361 966 1390 991 in
1403 971 1428 991 te
1442 965 1486 991 est.
1524 964 1578 991 Vbi
1592 965 1708 991 Donatus
1722 975 1730 995 ;
1757 965 1797 991 Sal
1810 966 1966 992 neutraliter
1979 965 2186 992 Condimentum
2199 974 2205 989 ι
2220 964 2397 990 Masculinumt

255 1002 304 1028 bus
320 1011 324 1025 :
360 1007 427 1033 quac
441 1005 552 1031 vtraque
568 997 743 1031 prohibentur
756 998 857 1032 optime
870 999 983 1032 pellibus
1004 1000 1140 1026 manicatis
1159 1006 1185 1025 et
1205 1000 1297 1033 sagatis
1361 1010 1410 1035 pro
1424 1000 1563 1035 Sapientia.
1653 1000 1701 1027 Sed
1718 1001 1801 1027 Bentl.
1836 1001 1890 1034 Qii
1911 1002 1950 1027 Sal
1965 1001 2059 1034 habet,
2081 999 2161 1033 Qiod
2181 1000 2210 1025 in
2223 1006 2248 1026 te
2263 999 2315 1031 est,
2331 1002 2398 1026 etiam

254 1035 363 1063 cucullis
383 1034 486 1060 Colum.
502 1042 533 1065 ιι,
549 1041 568 1065 1,
583 1041 618 1058 2¹.
714 1033 785 1067 Sagis
818 1034 955 1060 cucullatis
985 1036 1048 1062 mihi
1073 1039 1154 1072 magis
1174 1036 1297 1071 probari,
1313 1041 1341 1066 ²5
1360 1044 1448 1063 contra
1462 1037 1526 1062 hunc
1539 1043 1562 1061 et
1576 1036 1753 1069 Priscianum,
1774 1043 1798 1062 et
1818 1036 1940 1063 Nonium
1959 1045 2035 1071 3,197
2055 1036 2177 1071 defendit.
2231 1035 2331 1062 Mun-eto
2347 1034 2397 1061 Salv

253 1070 361 1105 ostendi,
381 1069 432 1095 vid.
453 1073 674 1094 CVCVLIATVS.
1356 1073 1494 1107 placuerat.
1536 1071 1594 1098 Vici.
1608 1081 1663 1097 mox
1679 1082 1704 1097 n.
1717 1075 1742 1098 6.
1781 1073 1862 1098 Notat
1876 1079 1955 1098 autem
1970 1082 2016 1101 non
2023 1072 2172 1108 fimpliciter
2181 1070 2347 1106 sapientiam,
2358 1069 2392 1105 sec

290 1113 302 1132 S
313 1114 334 1132 A
344 1112 364 1132 G
373 1111 392 1129 V
404 1112 420 1130 L
430 1106 451 1130 Ᾱ
462 1110 482 1129 Τ
493 1110 511 1128 v
526 1110 553 1135 s,
565 1112 589 1136 a,
602 1112 656 1129 um.
676 1102 736 1129 Adi.
759 1104 876 1137 [aae'yaror
889 1102 1049 1141 ἐνδεδυμένοι]
1085 1108 1174 1142 Sagulo
1186 1105 1296 1133 indutus.
1357 1108 1462 1135 hilarem
1476 1107 1598 1143 quandam
1606 1127 1613 1138 ‚
1631 1114 1654 1133 et
1660 1109 1798 1142 placentem
1812 1110 1840 1133 in
1847 1111 1941 1143 primis
1953 1108 2055 1143 quodam
2067 1107 2177 1134 mordaci
2189 1109 2298 1133 acumine
2306 1105 2395 1141 sapien*

252 1142 358 1168 Suet.in
366 1140 487 1167 Vitell.c.
502 1148 524 1166 11
544 1139 644 1166 Vrbem
660 1137 774 1174 denique
788 1140 819 1166 ad
834 1141 960 1168 clafficum
975 1143 1082 1169 introiit
1096 1142 1230 1177 paludatus
1245 1142 1298 1168 fer·
1360 1146 1432 1169 tiam.
1474 1142 1514 1176 Est
1529 1146 1612 1179 igitur
1624 1143 1664 1169 Sal
1678 1141 1799 1176 Venustus
1811 1144 1928 1179 quaedam
1943 1144 2029 1169 maida
2044 1150 2067 1170 et
2079 1146 2171 1180 agilis,
2184 1142 2282 1178 sevisum
2296 1139 2399 1175 afficiem-

252 1186 338 1212 roque
351 1176 504 1208 succinffits,
518 1176 588 1201 inter
602 1174 670 1214 signa
685 1181 763 1210 atque
776 1177 883 1210 vexilla,
892 1178 1013 1212 sagulatis
1026 1178 1217 1210 comitibus,ae
1228 1177 1299 1204 dete·
1360 1178 1479 1211 iucunde,
1496 1187 1548 1205 tum
1567 1179 1720 1211 Vrbanitas,
1737 1182 1814 1211 iocus,
1829 1186 1852 1205 et
1865 1178 1935 1204 dista
1946 1178 1980 1205 ad
1991 1179 2067 1215 risum
2081 1181 2121 1205 vel
2139 1177 2324 1205 delectationem
2345 1179 2399 1203 com-

252 1214 302 1240 &is
316 1212 532 1239 commilitonum
545 1219 635 1237 armis.
1312 1221 1344 1245 3ο
1358 1213 1438 1249 pofita
1449 1233 1456 1245 ,
1474 1220 1526 1240 tam
1541 1215 1669 1250 Singulari
1682 1224 1753 1249 quam
1768 1216 1866 1241 Plurali
1878 1224 1984 1242 numero.
2054 1214 2178 1242 Afranius
2197 1213 2263 1249 apud
2281 1212 2399 1239 Priscian

293 1255 306 1274 s
320 1255 339 1274 A
349 1254 370 1275 G
380 1255 400 1274 A
410 1254 516 1278 R1vs,
535 1246 553 1272 i.
580 1256 615 1272 m.
653 1245 830 1280 [σαγοπώλης]
867 1248 991 1285 ‚Qtisaga
1001 1249 1096 1276 vendit.
1134 1249 1240 1276 Gruter.
1255 1249 1296 1275 111-
1361 1256 1375 1282 ς
1390 1258 1414 1283 p.
1432 1252 1481 1281 639
1500 1251 1535 1275 Vt
1549 1250 1678 1284 quidquid
1692 1251 1812 1284 loquitur
1826 1251 1861 1276 sal
1875 1259 1978 1276 merum
1992 1249 2041 1277 est!
2113 1251 2215 1277 Lucret.
2229 1258 2255 1282 4,
2271 1251 2325 1281 1136
2347 1248 2399 1274 Par·

251 1285 339 1318 script.
355 1293 378 1317 p.
393 1286 442 1315 650
454 1292 479 1308 n.
495 1291 507 1308 2
545 1283 599 1308 ME
608 1282 629 1307 R
638 1282 658 1307 C
668 1282 758 1308 ATO
767 1283 788 1309 R
826 1283 869 1309 SA
878 1285 900 1309 G
909 1285 979 1310 ARI
990 1285 1042 1311 VS.
1114 1285 1136 1311 C
1145 1286 1168 1312 O
1177 1285 1227 1311 LL
1236 1285 1255 1311 E
1264 1285 1296 1311 G.
1362 1285 1440 1317 vula,
1460 1285 1573 1318 pumilio
1582 1304 1589 1316 ‚
1609 1287 1716 1320 χαρίτων
1729 1289 1771 1320 ἰὰ,
1792 1291 1847 1312 tota
1867 1295 1971 1313 merum
1986 1286 2030 1313 sal.
2137 1285 2234 1312 Catull.
2249 1284 2281 1311 de
2294 1283 2401 1317 Quintiis

251 1320 329 1346 SAG
339 1319 479 1344 ARIOR.
516 1317 594 1351 Spon.
607 1318 681 1343 Misc.
695 1326 718 1351 p.
735 1320 778 1352 67.
1362 1323 1419 1355 (87)
1438 1325 1465 1353 ὃς
1485 1320 1590 1347 Totum
1603 1320 1681 1352 illud,
1696 1321 1822 1353 formosa,
1836 1330 1904 1355 nego
1917 1331 1922 1347 ε
1957 1331 2017 1348 nam
2033 1322 2105 1348 nulla
2124 1321 2259 1353 venustas,
2280 1319 2363 1347 Nulla
2375 1319 2401 1345 iu

287 1361 300 1380 S
311 1362 331 1381 A
341 1360 361 1380 G
371 1361 392 1381 A
402 1361 420 1379 R
430 1360 439 1378 1
450 1360 482 1385 A,
496 1361 534 1378 ae.
549 1353 568 1378 s.
606 1353 794 1387 [σκγοπωλεία]
831 1351 872 1385 Est
886 1358 992 1388 proprie
1004 1355 1181 1389 Adiefliuum,
1206 1355 1298 1390 Nego·
1362 1362 1416 1382 tam
1431 1364 1526 1390 magno
1539 1355 1575 1381 est
1590 1364 1700 1389 corpore
1714 1356 1782 1382 mica
1795 1357 1863 1382 saliS.
1923 1357 1980 1382 Vid.
1994 1357 2124 1390 (Qintffil.
2138 1360 2164 1390 6,
2178 1365 2199 1389 3,
2277 1353 2401 1382 ΙῐὶέῗονίιμΙ

250 1389 329 1416 tiatio
343 1389 464 1423 Sageda,
484 1395 513 1413 vt
524 1387 553 1413 ab
570 1388 696 1420 Argento,
711 1388 873 1421 Argentaria.
911 1390 969 1423 le.
982 1391 1011 1416 in
1025 1391 1042 1416 l.
1060 1397 1244 1424 procuratores
1264 1392 1297 1418 D.
1316 1400 1343 1426 35
1367 1393 1470 1419 Variar.
1484 1390 1542 1418 lec'l.
1556 1401 1593 1423 ις),
1608 1400 1631 1422 ¹3
1658 1390 1742 1417 Salem
1755 1392 1822 1425 apud
1833 1391 1967 1417 Catullum
1979 1395 2159 1426 interpretatur
2177 1390 2349 1424 Venustatem,
2366 1399 2401 1417 ar·

251 1426 284 1452 de
297 1424 459 1452 Tributaria
470 1422 591 1453 actione,
612 1423 681 1448 Duas
695 1423 888 1456 negotiationes
901 1425 1049 1457 exercebat,
1058 1434 1118 1460 puta
1134 1428 1259 1460 sagariam
1271 1432 1297 1452 et
1361 1431 1502 1463 gutiamque
1514 1436 1543 1454 ac
1555 1429 1658 1462 leporem
1672 1437 1680 1451 :
1715 1426 1831 1462 quomado
1841 1427 2031 1462 Graecisalfizm
2038 1428 2086 1462 flea
2099 1436 2156 1453 uoce
2169 1436 2228 1462 quae
2237 1427 2296 1453 huic
2309 1426 2401 1461 respons

251 1460 411 1488 linteariam.
519 1458 623 1492 Sagaria
637 1458 808 1497 communio:
846 1458 905 1492 le.
920 1460 948 1485 in
962 1460 978 1486 l.
993 1461 1061 1486 Cum
1076 1461 1179 1487 duobus
1193 1460 1216 1497 §.
1231 1462 1298 1494 Qui·
1363 1464 1418 1493 det,
1438 1472 1563 1498 acremque
1584 1463 1798 1497 pulchritudinem
1820 1462 1990 1497 appellabant,
2010 1461 2121 1496 οἷλμυρόν
2143 1462 2186 1496 κῃ
2205 1460 2276 1496 δριμύ
2296 1462 2392 1487 naman

250 1497 311 1523 dam
324 1498 355 1523 D.
370 1504 418 1530 pro
431 1494 517 1525 socie,
538 1494 655 1527 Q1idam
668 1495 795 1528 sagariam
808 1495 1025 1521 communionem
1039 1496 1165 1522 inierunt.
1253 1497 1299 1522 Fa·
1361 1497 1526 1533 intelligentes
1538 1507 1585 1523 non
1598 1501 1709 1530 inertem,
1718 1507 1759 1523 nec
1767 1504 1859 1533 parum
1872 1504 1956 1533 aptam
1969 1497 2003 1524 acl
2015 1497 2239 1532 conciliandosjibi
2252 1506 2300 1527 eos,
2312 1500 2354 1532 qui
2365 1499 2390 1524 vi
2406 1518 2408 1530 ,

250 1542 309 1560 cere
322 1532 448 1566 sagariam
471 1531 546 1564 Apul.
556 1531 618 1556 Met.
632 1538 641 1556 1
654 1539 677 1563 p.
687 1537 735 1562 ¹05·
842 1531 949 1556 Senatus
968 1532 1127 1558 a11&0ritate
1141 1531 1240 1566 sagaria
1260 1532 1299 1558 Si·
1362 1532 1451 1566 diffent
1463 1543 1471 1558 :
1501 1533 1548 1568 fed
1559 1540 1647 1559 contra
1659 1532 1754 1566 mistam
1767 1532 1893 1566 venustate
1906 1533 2026 1569 quadam,
2045 1543 2074 1560 ac
2081 1532 2185 1570 fastam
2197 1533 2231 1560 ad
2243 1532 2408 1559 alliciendum

250 1570 328 1595 senna
349 1567 416 1603 apud
434 1567 508 1592 Non.
531 1574 561 1598 ¹4
571 1584 577 1596 ,
594 1574 622 1594 ιο
643 1565 716 1600 forte
730 1564 759 1590 de
771 1565 819 1591 tali
827 1566 1016 1600 perturbatione
1028 1577 1120 1603 agens,
1139 1568 1181 1594 vbi
1194 1569 1298 1595 Senatus
1307 1573 1344 1598 40
1363 1577 1468 1604 quaeque
1485 1575 1601 1604 tanquam
1618 1572 1710 1604 pungit
1727 1578 1756 1594 ac
1775 1569 1927 1595 uehementer
1940 1576 2086 1602 commouet,
2103 1576 2132 1596 vt
2146 1569 2220 1604 dapes
2229 1568 2282 1603 sale
2294 1567 2392 1594 condita

243 1605 317 1641 sagis
331 1602 459 1640 sumendis
470 1603 606 1637 periculum
620 1602 689 1635 Reip.
708 1600 842 1626 indicaret.
1360 1603 1483 1630 deleflare
1495 1607 1577 1639 magis
1589 1607 1742 1639 excitareque
1755 1603 1897 1637 defiderium
1909 1605 1958 1630 cibi
1971 1605 2152 1640 conjicerem-unt.
2209 1605 2240 1631 Id
2258 1603 2358 1637 testatur
2369 1602 2392 1637 eJ.

288 1648 300 1666 S
310 1647 331 1666 A
343 1645 364 1665 G
374 1646 390 1665 E
400 1645 412 1665 S
423 1644 444 1663 T
454 1644 508 1667 RE,
523 1637 552 1663 is.
569 1646 595 1662 n.
634 1637 691 1662 Huc
705 1636 787 1672 refert
802 1636 949 1663 Turnebus
964 1646 997 1668 12,
1013 1639 1043 1663 16
1078 1644 1101 1663 ee
1113 1637 1153 1670 fic
1172 1640 1298 1673 explicam
1362 1640 1511 1666 Plutarchus
1525 1644 1552 1665 in
1563 1650 1578 1673 5
1592 1640 1634 1665 lib.
1649 1641 1816 1672 συμποσιακῶν
1829 1643 1909 1674 capite
1925 1647 2040 1666 extremo.
2078 1642 2147 1667 Haec
2165 1640 2302 1667 Viblort'us.
2337 1639 2388 1666 Plin

251 1677 437 1710 Operimentum
450 1672 565 1705 craffum,
585 1678 615 1698 vt
622 1672 742 1708 sagorum
756 1679 812 1698 erat
826 1672 928 1707 craffior
935 1680 1044 1708 pannus.
1090 1673 1190 1699 Fundus
1202 1673 1300 1706 estuar-
1361 1683 1398 1707 31,
1411 1684 1424 1707 7
1443 1675 1511 1709 Ergo
1527 1674 1632 1701 hercule
1644 1676 1697 1701 vita
1712 1675 1854 1702 humanior
1867 1675 1920 1702 sine
1934 1676 1984 1702 sale
1998 1676 2091 1711 nequit
2102 1677 2207 1711 degere,
2226 1675 2343 1710 adeoque
2357 1683 2392 1701 ne>
2406 1680 2408 1684 ¹

244 1711 293 1747 sus
319 1709 418 1736 Lucilii
442 1708 508 1743 apud
526 1708 599 1734 Non.
622 1716 659 1740 14,
671 1716 683 1739 3
715 1707 821 1746 Penula,
836 1708 854 1734 si
869 1710 991 1742 quaeris,
1013 1708 1179 1741 cantheriuS,
1197 1711 1297 1743 seruus,
1362 1711 1497 1737 cessarium
1511 1711 1670 1737 elementum
1684 1711 1735 1743 est,
1758 1717 1786 1737 vt
1799 1711 1929 1738 transierit
1944 1711 2093 1738 intelleftus
2106 1712 2137 1739 ad
2157 1713 2304 1746 voluptates
2321 1711 2403 1740 animi

249 1745 369 1780 segestre.
442 1745 482 1770 Sic
495 1745 602 1770 Mercer.
615 1749 640 1778 p.
651 1752 705 1776 537.
726 1744 794 1776 etsie
807 1744 943 1780 legendum.
993 1744 1050 1770 Vid.
1070 1750 1242 1772 SEGESTRE.
1313 1752 1346 1778 45
1364 1755 1478 1780 quoque.
1514 1746 1584 1773 Nam
1599 1748 1635 1773 ita
1649 1747 1712 1772 sales
1726 1747 1906 1781 appellantur,
1924 1748 2065 1782 omnisque
2083 1749 2153 1774 vitae
2173 1748 2244 1782 lepos
2264 1746 2392 1774 et¹su11s1m
2411 1757 2415 1760 ·

288 1788 300 1808 S
310 1789 331 1807 A
343 1786 364 1807 G
375 1787 394 1806 v
405 1786 426 1805 N
436 1785 505 1805 TIA
516 1798 522 1807 ,
539 1787 578 1804 ae.
601 1778 621 1804 f.
659 1779 823 1818 [Eoeyxvrlaf]
860 1781 994 1805 Ptolemaeo
1009 1789 1039 1812 2,
1053 1791 1082 1815 4.
1119 1787 1142 1806 et
1158 1781 1224 1807 Plin.
1244 1790 1272 1814 3,
1285 1790 1298 1813 3
1363 1781 1492 1812 hilaritas,
1500 1782 1673 1817 laborumque
1687 1783 1793 1816 requies
1808 1791 1862 1808 non
1875 1782 1929 1809 alio
1946 1783 2029 1817 magis
2043 1784 2174 1811 vocabulo
2188 1783 2292 1810 conflat.
2333 1783 2391 1809 Mar-

250 1817 389 1853 Hispaniae
401 1815 469 1841 vrbs.
504 1814 586 1840 Eidem
599 1816 672 1839 etiam
684 1814 820 1847 Sargunna
834 1813 904 1840 difla
918 1824 939 1840 c.
947 1825 966 1841 1.
1363 1817 1419 1844 tial.
1434 1827 1455 1849 3,
1469 1826 1502 1844 20
1522 1818 1625 1852 Lepore
1642 1817 1738 1844 tinctos
1752 1819 1839 1844 Attico
1853 1818 1914 1844 sales
1934 1826 2030 1846 narrat.
2137 1820 2227 1845 Homo
2248 1818 2391 1853 ingeniosus,

286 1860 299 1879 S
310 1859 332 1878 A
341 1858 361 1878 G
370 1858 391 1877 v
402 1857 422 1876 N
431 1857 452 1877 ‘r
462 1856 482 1874 v
492 1856 521 1882 s,
542 1850 582 1876 vel
601 1856 614 1875 s
626 1856 647 1875 Α
657 1855 678 1875 G
688 1856 707 1875 v
719 1856 740 1875 N
751 1855 772 1874 T
782 1856 845 1876 VM.
881 1850 1045 1885 [Σάγεντος]
1082 1851 1219 1886 Hispaniae
1233 1854 1294 1878 ciui·
1363 1859 1464 1885 acutus,
1478 1861 1546 1887 acer,
1561 1860 1585 1879 et
1598 1854 1645 1887 qui
1659 1854 1805 1888 plurimum
1819 1854 1847 1880 in
1861 1853 2000 1880 scribendo
2013 1860 2040 1881 et
2052 1855 2110 1881 salis
2123 1854 2203 1882 habet
2217 1860 2241 1881 et
2255 1855 2321 1880 fellis
2334 1853 2391 1880 Plin.

250 1895 291 1915 tas
306 1889 375 1914 vltra
390 1887 484 1913 Iberum
491 1886 599 1921 fluuium
613 1895 627 1910 a
640 1885 789 1918 Zacynthus
803 1884 912 1912 condita.
985 1886 1077 1912 Florus
1091 1895 1114 1919 2,
1128 1890 1144 1913 6
1172 1888 1300 1921 Saguntus
1363 1889 1408 1922 Ep.
1424 1897 1446 1921 3,
1462 1897 1498 1921 21,
1513 1897 1531 1914 1.
1552 1888 1581 1914 de
1595 1891 1727 1915 Martiale.
1843 1889 1907 1916 Salis
1920 1890 1991 1916 enim
2006 1890 2066 1916 satis
2080 1891 2130 1922 est,
2145 1891 2298 1916 sannionum
2308 1897 2390 1924 parum

249 1930 326 1951 vetus
340 1921 482 1956 Hispaniae
496 1922 600 1952 ciuitas,
614 1926 639 1946 et
652 1920 793 1954 opulenta,
814 1920 930 1956 fideique
942 1930 1002 1955 erga
1016 1923 1152 1948 Romanos
1175 1932 1299 1957 magnum
1310 1931 1340 1957 30
1363 1925 1420 1951 Cic.
1435 1925 1506 1950 Fam.
1522 1932 1548 1958 9,
1562 1927 1598 1951 16.
1623 1928 1639 1951 i.
1651 1925 1721 1960 satis
1738 1928 1855 1952 materiae
1869 1925 1903 1951 ad
1914 1925 2060 1958 ridendum,
2074 1926 2144 1962 Jatis
2155 1926 2389 1962 ingenii,fidpaucl

250 1960 360 1995 quidem
375 1957 417 1984 sed
431 1956 504 1983 triste
518 1962 728 1983 monumentum.
833 1957 926 1983 Strabo
941 1966 952 1988 3
973 1958 1098 1992 saguntus
1118 1959 1243 1993 (inquit)
1262 1969 1300 1985 oc-
1361 1960 1453 1986 audent
1464 1959 1545 1986 ridere
1557 1961 1585 1986 ob
1599 1967 1701 1993 metum,
1715 1964 1791 1995 pauci
1807 1959 1907 1995 poffitnt
1921 1962 1949 1988 ob
1960 1964 2125 1988 calamitatem
2136 1969 2275 1997 temporum.
2334 1958 2383 1985 Cl‘t'·

249 1998 332 2022 currit
345 2004 359 2020 a
375 1993 523 2027 Zacynthii}
536 1991 653 2022 condita,
673 2001 744 2032 quam
754 1992 866 2017 Annibal
878 1999 965 2018 contra
979 1994 1069 2027 Populi
1081 1995 1185 2032 Romani
1193 1994 1300 2029 foedera
1362 1997 1436 2022 Orat.
1451 2001 1482 2028 87
1495 2005 1517 2021 c.
1532 1999 1564 2022 26
1585 1996 1656 2022 Huic
1669 1996 1759 2030 generi
1772 1998 1901 2023 orationis
1915 1997 2101 2032 adspergentur
2116 1998 2194 2024 etiam
2210 1997 2275 2024 sales.
2315 1993 2380 2020 Idem

250 2031 369 2061 diruens,
389 2029 443 2055 belli
458 2027 658 2063 Punicisecundi
665 2029 801 2063 Jchitauit
813 2027 960 2053 incendium.
1003 2029 1162 2062 Vrhisjnum
1176 2032 1300 2065 eleganter
1362 2033 1399 2064 Q
1413 2032 1494 2057 Fratr.
1512 2040 1531 2062 1,
1539 2040 1561 2063 2,
1577 2040 1592 2058 2
1612 2032 1718 2065 Qubus
1732 2032 1839 2067 quidem
1853 2033 1882 2058 in
1893 2033 1971 2059 rebus
1991 2033 2009 2059 si
2036 2033 2104 2068 apud
2132 2041 2157 2060 te
2186 2034 2240 2067 plus
2256 2028 2378 2058 aussorl'tflss

251 2065 369 2102 describit
381 2064 461 2090 Silius
477 2072 495 2094 1,
508 2071 551 2096 271
561 2062 620 2102 sqq.
713 2062 773 2088 Liu.
787 2071 812 2088 21
834 2063 865 2088 ab
878 2066 953 2089 initio
961 2070 1009 2098 per
1022 2063 1107 2090 bonam
1121 2072 1221 2099 partem
1239 2065 1301 2091 libri
1363 2075 1436 2097 mea,
1455 2075 1533 2100 quarn
1550 2073 1608 2099 tna,
1628 2069 1681 2094 siue
1695 2074 1786 2094 natura
1801 2068 1891 2102 paullo
1905 2069 2008 2102 acrior,
2026 2068 2079 2095 siue
2094 2069 2218 2103 quaedam
2229 2064 2324 2093 dulcedo
2333 2063 2380 2089 ira-

251 2112 291 2130 νει
304 2107 326 2127 et
334 2100 420 2136 fatum
434 2098 504 2123 orbis
522 2097 647 2133 describit.
838 2132 843 2137 ι
869 2132 875 2137 ·
1315 2110 1343 2137 ςς
1363 2102 1490 2134 cundiam,
1511 2102 1563 2128 siue
1577 2102 1682 2130 dicendi
1697 2104 1747 2136 sal,
1767 2104 1928 2138 facetiaeque
1942 2105 2095 2137 valuissent,
2111 2104 2179 2131 nihil
2191 2105 2242 2130 sane
2256 2097 2384 2132 essetquod

291 2144 334 2163 SA
344 2142 363 2162 G
375 2142 394 2159 v
405 2140 454 2160 NT
465 2141 473 2159 1
484 2141 505 2159 N
516 2140 536 2158 v
548 2140 560 2159 s
570 2152 577 2163 ‚
596 2141 627 2164 a,
646 2140 701 2157 um.
737 2131 878 2166 Saguntini
895 2136 960 2159 ciues
975 2134 1081 2170 Sagunti
1099 2135 1159 2163 Liu.
1174 2144 1211 2169 21,
1225 2143 1240 2161 2
1253 2141 1301 2162 etc.
1365 2145 1414 2163 nos
1434 2138 1592 2171 poeniteret.
1697 2141 1728 2165 In
1747 2140 1897 2166 cauillando
1917 2147 2008 2167 natura
2028 2141 2189 2172 inuenustus,
2206 2146 2251 2164 nec
2268 2141 2318 2162 arte
2332 2141 2386 2160 con-

252 2172 409 2208 Saguntinac
423 2169 486 2196 sicus
505 2169 573 2196 Cato
586 2168 619 2195 R.
636 2168 667 2195 R.
682 2172 706 2199 8,
721 2175 740 2193 1.
1364 2171 1445 2204 ditus,
1459 2172 1539 2198 diluti
1555 2174 1612 2199 salis
1628 2180 1653 2199 et
1668 2174 1737 2199 fellis
1752 2175 1842 2206 ignaui
1865 2177 1963 2201 Auson.
1973 2177 2050 2210 Epist.
2066 2185 2097 2202 11.
2212 2172 2349 2200 Librorum
2358 2168 2392 2193 sa-

1362 2208 1400 2233 les
1420 2209 1537 2241 Propert.
1553 2216 1573 2239 3,
1587 2217 1624 2238 21,
1638 2213 1672 2237 28.
1765 2209 1822 2233 Cic.
1836 2210 1888 2233 Art.
1902 2218 1920 2239 1,
1937 2218 1965 2234 10
1985 2212 2051 2236 Pure
2065 2213 2212 2245 loquuntur
2225 2205 2393 2244 epistolaetuae=

640 2241 659 2271 S
770 2241 796 2271 Α
907 2242 922 2272 Ι
1365 2251 1425 2268 cum
1443 2242 1613 2274 humanitatis
1631 2242 1729 2276 sparsae
1745 2243 1811 2273 sale,
1833 2248 1888 2267 turn
1910 2243 2022 2275 insignes
2035 2247 2135 2270 amoris
2150 2245 2228 2271 notis.
2329 2238 2393 2266 ldess'
2433 2258 2434 2262 ι

1315 2277 1350 2302 60
1365 2277 1449 2303 Tusc.
1464 2284 1520 2308 535
1538 2279 1569 2303 C.
1584 2278 1700 2304 Caesaris
1715 2278 1742 2302 in
1757 2286 1811 2310 quo
1824 2276 1892 2304 mihi
1907 2277 2012 2302 videtur
2027 2279 2102 2303 fuisse
2117 2279 2245 2311 specimen
2263 2274 2393 2303 humanita

291 2319 484 2344 SA10NFs,
509 2308 620 2343 ministri
643 2309 808 2341 iudiciorum,
827 2308 944 2336 liFlorum
966 2311 1088 2345 quoddam
1114 2318 1137 2337 et
1161 2310 1303 2338 mattarum
1367 2313 1416 2343 tis,
1435 2311 1508 2341 salis,
1528 2312 1680 2343 suauitatis,
1697 2312 1804 2344 leporis.
1921 2313 1993 2338 Idem
2008 2312 2059 2338 Off.
2076 2321 2095 2344 1,
2111 2320 2148 2343 135
2168 2321 2188 2337 c.
2204 2321 2234 2345 37
2273 2313 2328 2338 Sale
2341 2317 2394 2336 ver(
2408 2335 2410 2338 ,

256 2361 343 2389 genus.
378 2348 487 2375 Cassiod.
501 2348 565 2373 Var.
581 2355 618 2378 12,
632 2354 643 2377 3
662 2344 768 2380 officium
776 2345 929 2381 praeseribit
944 2346 1077 2372 Vniuersis
1092 2347 1242 2378 Saionibus,
1256 2347 1304 2380 qui
1366 2354 1392 2374 et
1412 2347 1515 2373 facetiis
1533 2347 1626 2373 Caesar
1647 2346 1736 2372 Catuli
1748 2345 1829 2379 patris
1842 2346 1923 2372 frater
1936 2348 2001 2372 vicit
2013 2356 2112 2373 omnes.
2206 2347 2261 2372 Cic.
2275 2348 2306 2372 de
2319 2343 2394 2372 Finib

256 2391 313 2414 sunt
328 2384 499 2413 Cancellariis
517 2382 645 2416 deputati.
1368 2388 1416 2413 με
1438 2384 1525 2414 Quem
1549 2381 1657 2415 quidem
1681 2381 1770 2407 locum
1788 2389 1847 2407 cum
1872 2380 1953 2406 multa
1981 2382 2113 2407 venustate
2135 2387 2161 2407 et
2185 2382 2259 2407 omni
2283 2381 2341 2412 sale,
2359 2382 2409 2417 etc'

1369 2417 1462 2442 Amari
1478 2416 1556 2447 sales,
1574 2417 1626 2441 uid.
1642 2422 1792 2442 AMARVS.
1882 2414 1999 2449 Adsperss
2015 2415 2078 2441 sales
2096 2415 2188 2441 Claud.
2202 2417 2230 2441 in
2243 2417 2395 2449 prixn.Conl

642 2443 661 2473 S
773 2444 800 2472 A
902 2441 928 2472 L
1319 2455 1350 2486 65
1369 2452 1471 2477 Stilich.
1497 2460 1526 2483 2,
1552 2459 1608 2484 170.
1726 2452 1832 2476 Facetus
1847 2451 1881 2476 sal
1908 2451 2026 2483 Pli11.36,
2042 2453 2082 2482 63.
2177 2449 2270 2476 Seneca
2290 2451 2395 2477 Suasori,

294 2502 337 2522 SA
347 2501 375 2526 L,
388 2493 456 2519 salis.
476 2501 510 2518 m.
524 2497 547 2517 et
561 2499 586 2516 ιι.
624 2487 711 2522 [ἕλε]
747 2487 871 2522 Densatus
883 2486 924 2512 ille
936 2488 1034 2522 liquor,
1053 2494 1098 2521 quo
1113 2491 1140 2514 in
1159 2487 1304 2514 condiendis
1369 2488 1472 2521 prima,
1493 2486 1679 2512 Callisthenem
1698 2485 1795 2511 occidit
1815 2485 1961 2512 Alexander
1981 2493 2090 2520 propter
2104 2485 2288 2518 intempestiue
2299 2485 2393 2512 Libero

257 2531 319 2558 cibis
334 2533 437 2556 utimur.
472 2529 499 2554 A
513 2528 604 2553 Graeco
619 2524 632 2554 ἦ
645 2522 707 2554 EM,
729 2521 826 2559 Spiritu
838 2532 852 2548 a
863 2529 937 2558 pero,
957 2529 986 2548 ut
1000 2522 1115 2556 sollemne
1134 2522 1182 2554 est,
1201 2527 1229 2548 in
1240 2523 1303 2556 fibi·
1368 2523 1441 2548 sales.
1514 2522 1570 2548 Sale
1583 2522 1672 2555 Nigro
1686 2520 1826 2552 delectari,
1846 2523 1908 2546 iocis
1921 2531 2015 2547 amaris
2036 2523 2101 2548 Hor.
2111 2521 2189 2554 Epist.
2204 2523 2309 2552 2‚2‚60.
2348 2521 2392 2547 Sen

258 2569 307 2593 lum
321 2565 470 2600 transeunte.
508 2564 604 2589 Neutro
617 2569 704 2596 genere
717 2562 790 2585 etiam
803 2558 829 2584 di
859 2568 913 2589 um,
933 2556 1037 2590 ostendit
1051 2557 1122 2583 Non.
1138 2568 1156 2589 3,
1173 2566 1217 2591 ¹97
1237 2559 1301 2583 Var-
1368 2558 1400 2584 cle
1413 2558 1569 2589 Tranquill.
1584 2558 1660 2583 Vitae
1678 2565 1696 2587 1,
1709 2566 1727 2589 4
1747 2556 1864 2589 Quidam
1878 2556 2054 2582 vrbanitatem
2076 2557 2194 2582 nesciunt
2208 2556 2345 2589 continere,
2355 2565 2396 2585 nec

258 2611 291 2628 ro
308 2599 510 2627 Commentario
522 2597 607 2624 veteri
616 2595 691 2623 Fabii
701 2594 812 2621 Pictoris
829 2594 890 2628 legi,
900 2594 1001 2620 Muries
1015 2593 1044 2619 fit
1052 2602 1083 2619 cx
1098 2592 1241 2628 sale,quod
1251 2593 1302 2619 sale
1368 2592 1520 2627 periculosis
1534 2592 1665 2618 abstinere
1679 2592 1784 2617 salibus.
1880 2593 1942 2618 Stat.
1957 2592 2020 2618 Silu.
2036 2601 2056 2624 1,
2070 2595 2096 2624 6,
2109 2594 2125 2618 6
2143 2593 2171 2618 Et
2186 2591 2273 2617 ridens
2283 2591 2358 2623 iocus,
2371 2598 2396 2617 et

261 2622 397 2664 soididum
413 2635 507 2661 susttun
527 2634 587 2668 (leg
609 2633 732 2662 tunsum)
754 2631 799 2661 est,
813 2635 837 2656 et
853 2631 881 2656 in
899 2629 981 2655 ollam
996 2629 1087 2655 rudem
1109 2629 1218 2656 fiffilem
1233 2629 1302 2655 adie-
1316 2635 1352 2663 7ο
1369 2628 1432 2655 sales
1448 2629 1578 2663 proterui.
1685 2627 1834 2653 Vehemens
1846 2627 1944 2653 salibus
1958 2628 2025 2653 natis
2036 2628 2105 2654 intra
2119 2628 2256 2661 pomoeria
2266 2647 2274 2659 ,
2291 2626 2311 2654 h.
2322 2635 2340 2654 e.
2351 2627 2393 2652 Vr·

261 2673 334 2700 &um
352 2671 387 2698 est
397 2691 405 2703 ‚
421 2677 445 2696 et
461 2669 547 2704 postea
561 2668 587 2694 id
603 2668 637 2694 sal
652 2668 773 2700 Virgines
786 2666 900 2693 Vestales
912 2665 981 2691 serra
994 2665 1079 2691 ferrea
1093 2665 1186 2691 secant.
1225 2666 1303 2691 Pona-
1368 2665 1456 2696 banis,
1478 2673 1525 2690 non
1539 2661 1640 2696 rusticis
1660 2663 1751 2690 quen.
1766 2663 1816 2689 Sat.
1832 2671 1856 2695 9,
1870 2671 1902 2689 11.
1998 2663 2072 2689 Tota
2088 2664 2132 2689 illa
2147 2664 2308 2689 comicorum
2317 2662 2391 2702 scieta-

260 2719 313 2734 mus
333 2711 407 2733 etiam
427 2710 504 2732 locum
524 2704 606 2734 Festi,
623 2713 675 2729 cum
689 2706 715 2728 in
732 2708 851 2728 MVR1ES
866 2700 963 2733 omiffias
973 2700 1019 2733 fit,
1041 2700 1140 2726 Muries
1154 2700 1197 2730 est,
1213 2709 1304 2734 quem-
1370 2709 1430 2726 rum
1445 2708 1537 2725 manus
1550 2700 1577 2725 in
1591 2708 1633 2724 me
1646 2699 1795 2725 Venenatos
1810 2698 1873 2725 sales
1888 2700 1946 2724 suos
1959 2697 2052 2724 effudit
2071 2699 2128 2724 Seu.
2142 2698 2174 2724 de
2181 2699 2242 2725 Vita
2257 2699 2326 2725 beata
2335 2703 2396 2732 carl.

261 2743 407 2771 admodum
426 2741 556 2768 Veranius
569 2740 656 2771 docet,
676 2747 715 2770 ea,
730 2746 795 2772 quae
809 2737 838 2763 fit
852 2746 882 2763 ex
898 2737 948 2763 sale
961 2735 1071 2762 sordido
1085 2736 1112 2762 in
1126 2736 1178 2770 pila
1191 2736 1303 2770 pinsato,
1369 2734 1499 2762 Versiculi
1514 2734 1610 2761 habent
1625 2734 1703 2759 salem
1717 2743 1746 2760 ac
1759 2734 1876 2768 leporem
1899 2733 1985 2760 Catul.
1999 2734 2031 2760 ad
2050 2734 2189 2761 Aurelium
2203 2735 2221 2760 s.
2237 2737 2272 2765 16,
2280 2742 2304 2769 7.
2355 2731 2398 2758 Vt-

264 2785 290 2805 et
310 2780 336 2805 in
360 2778 439 2805 ollam
460 2776 571 2804 fritilem
586 2774 723 2804 ςοιιιεᾶὶο,
745 2773 838 2808 ibique
857 2778 951 2808 operto
966 2773 1127 2806 gypsatoque
1141 2778 1167 2798 et
1181 2772 1210 2797 in
1222 2772 1304 2798 furno
1370 2771 1431 2798 bani
1454 2770 1516 2796 sales
1557 2770 1612 2796 Cic.
1631 2770 1702 2795 Fani.
1718 2778 1743 2801 9,
1754 2777 1788 2802 ις.
1896 2771 2020 2795 peculiari
2033 2773 2130 2797 ratione
2150 2770 2332 2803 Nep.2,·,13‚2
2352 2767 2398 2808 Te·

263 2814 405 2850 percofto,
423 2813 465 2840 cui
478 2813 604 2846 Virgines
618 2810 731 2836 Vestales
746 2810 815 2835 serra
829 2809 915 2835 ferrea
929 2808 1013 2838 Γοᾶἲο,
1033 2814 1057 2833 et
1072 2808 1098 2833 in
1111 2808 1205 2834 seriam
1219 2807 1305 2833 conie-
1321 2814 1352 2841 75
1371 2807 1443 2832 &um
1463 2806 1609 2839 antiquitus
1631 2805 1801 2830 constitutum
1822 2805 1879 2839 plus
1900 2805 1958 2830 salis
1979 2814 2058 2839 quam
2080 2807 2178 2832 sumtus
2194 2805 2319 2832 habebat:
2353 2802 2398 2830 salt:

263 2851 323 2882 διο,
338 2858 405 2885 quae
423 2849 458 2875 est
475 2849 544 2874 iutus
558 2848 587 2873 in
602 2846 663 2872 aede
678 2845 786 2877 Vestae,
806 2845 833 2870 in
849 2853 916 2878 penu
931 2845 1079 2875 exteriore,
1095 2853 1190 2877 aquam
1207 2843 1307 2877 iugem,
1371 2845 1390 2869 i.
1404 2840 1539 2874 venustatis
1552 2841 1581 2867 ab
1594 2847 1649 2866 arte
1663 2847 1685 2865 ct
1698 2844 1797 2875 ingenio
1813 2839 1947 2866 architec'li
1960 2848 1982 2866 et
1997 2841 2099 2867 domini.
2189 2839 2273 2875 Affine
2288 2848 2365 2866 tamen
2378 2836 2398 2871 egl

262 2887 307 2913 vel
329 2884 494 2920 quamlibet,
529 2888 710 2918 praeterquam
731 2889 796 2914 quae
817 2889 862 2913 per
876 2880 971 2906 fistulas
986 2879 1074 2910 venit,
1095 2879 1209 2911 addunt,
1229 2885 1307 2912 atque
1373 2877 1436 2904 illud
1455 2879 1530 2904 amici
1549 2878 1664 2911 Nepotis,
1684 2876 1783 2902 Catulli
1797 2882 1825 2909 83
1854 2875 1936 2903 Nulla
1951 2877 1977 2902 in
1993 2883 2044 2903 tam
2059 2886 2154 2912 magno
2167 2877 2203 2902 est
2217 2885 2326 2910 corpore
2344 2875 2399 2901 mici

263 2932 294 2949 ea
309 2922 415 2948 demum
429 2921 456 2946 in
470 2919 604 2945 sacrificiis
617 2922 735 2944 Vtuntur.
807 2917 950 2950 Plerumque
962 2921 1042 2940 tamen
1057 2915 1195 2949 Mafiulini
1214 2917 1311 2950 generis
1375 2914 1443 2941 salis.
1640 2910 1660 2948 q
1683 2920 1694 2944 5
1731 2911 1788 2944 Sal,
1813 2912 1946 2947 aliquando
1960 2914 2034 2938 Mare
2049 2913 2153 2945 dicitur,
2161 2916 2219 2947 quia
2226 2912 2319 2947 salsum
2333 2909 2374 2943 est,
2388 2919 2397 2936 e

264 2956 307 2991 est.
380 2956 448 2982 Cato
460 2955 526 2990 apud
540 2953 663 2981 Priscian.
678 2960 690 2984 ς
707 2953 787 2985 p.659
805 2952 840 2977 Ex
855 2951 915 2983 sale,
935 2950 980 2984 qui
1002 2951 1068 2984 apud
1083 2950 1311 2985 Carthaginienses
1375 2959 1404 2975 ex
1416 2952 1486 2975 cuius
1500 2947 1611 2983 aquasal
1624 2949 1736 2979 elicitur,
1752 2950 1825 2982 plane
1842 2955 1871 2974 vt
1884 2945 1930 2973 ιὲλς
1946 2949 2101 2974 Graecorum.
2138 2949 2211 2980 Virg.
2227 2949 2290 2972 Aen.
2308 2955 2326 2977 1,
2336 2955 2366 2978 39
2383 2946 2400 2972 Ε

266 2994 304 3020 fit.
399 2992 473 3018 Idem
497 2992 528 3016 R.
553 2991 583 3016 R.
609 2994 637 3019 88
670 2987 753 3013 Salem
772 2986 911 3013 candidum
935 2986 965 3012 fic
979 2986 1069 3012 facito.
1144 2986 1308 3020 Amphoram
1328 2992 1359 3017 80
1378 2986 1480 3019 spumas
1497 2984 1553 3010 salis
1572 2991 1632 3009 aere
1654 2983 1774 3009 ruebant.
1878 2984 1951 3009 Idem
1966 2984 2029 3009 Aen.
2046 2992 2066 3015 ς,
2081 2988 2128 3017 848
2156 2984 2234 3009 Mene
2248 2982 2306 3008 salis
2318 2980 2416 3016 placids.

265 3044 311 3049 ——
347 3028 458 3062 impleto
473 3035 556 3061 aquae
571 3033 661 3060 purae,
676 3025 703 3049 in
718 3023 770 3049 sole
785 3023 878 3056 ponito
893 3032 899 3047 :
934 3021 974 3048 ibi
989 3022 1112 3048 fiscellam
1126 3031 1185 3048 cum
1199 3022 1250 3048 sale
1265 3031 1311 3056 po-
1378 3021 1497 3053 vultum,
1512 3018 1656 3052 fluctusque
1673 3020 1777 3052 quietos
1814 3020 1940 3053 Ignorare
1954 3018 2026 3044 iubes
2043 3020 2052 3044 ζ
2166 3018 2237 3044 Idem
2252 3019 2315 3044 Aen.
2329 3027 2352 3050 3,
2364 3022 2411 3050 383.

265 3064 353 3100 pulari
369 3062 530 3097 suspendito,
544 3067 568 3088 et
584 3062 714 3094 quass'ato,
749 3073 794 3078 -—
831 3059 915 3084 donec
930 3057 963 3083 sal
979 3058 1102 3084 defluet-it
1116 3057 1247 3084 tabescere
1267 3073 1312 3077 —
1379 3064 1402 3083 ct
1423 3064 1518 3088 10‚214.
1561 3054 1658 3080 Catull.
1673 3057 1772 3088 Argon.
1787 3056 1804 3080 s.
1819 3058 1858 3087 63,
1873 3057 1907 3089 67
1930 3054 2035 3080 Fluctus
2046 3053 2104 3080 salis
2117 3053 2278 3080 alludebant.
2336 3055 2364 3079 Ει
2372 3061 2400 3082 ιε,

265 3116 311 3123 ,-
331 3100 364 3126 Ε3
378 3099 477 3126 muries
491 3099 550 3128 erit,
562 3098 604 3123 vel
618 3104 731 3123 carnem.
745 3094 786 3120 vel
800 3095 894 3125 caseos,
907 3094 949 3119 vel
964 3094 1114 3119 salsamenta
1130 3103 1183 3127 quo
1198 3093 1312 3119 condias.
1379 3093 1455 3119 Tum
1469 3089 1575 3118 tremuli
1589 3090 1645 3115 salis
1659 3090 1777 3117 aduersas
1791 3098 1947 3125 procurrere
1960 3090 1989 3115 in
2001 3089 2090 3115 vndas.
2195 3091 2278 3115 Vesco
2298 3089 2347 3115 sale
2359 3089 2400 3115 sax.

266 3138 329 3162 Eam
342 3135 457 3161 muriam
494 3149 537 3153 -—
573 3133 600 3158 in
615 3132 669 3158 sole
678 3130 779 3165 ponito.
816 3131 906 3164 Vsque
919 3130 985 3155 adeo
999 3130 1027 3155 in
1042 3130 1094 3155 sole
1110 3129 1216 3160 habeto,
1231 3129 1313 3155 donec
1378 3129 1467 3163 peresa
1487 3127 1589 3153 Lucret.
1604 3134 1623 3157 1,
1639 3134 1694 3160 327.
1891 3123 1912 3162 ff
1930 3128 1944 3152 6
1981 3125 2038 3157 Sal,
2058 3131 2177 3160 quatenus
2196 3126 2361 3160 masculinum
2373 3121 2405 3156 ell

267 3171 452 3198 concrcuerit:
488 3169 550 3195 inde
566 3169 613 3194 flos
629 3167 687 3194 salis
704 3166 756 3192 siet.
829 3166 914 3192 Floris
929 3165 986 3191 salis
999 3168 1089 3191 mentio
1103 3168 1178 3191 etiam
1192 3165 1257 3191 Plin.
1278 3173 1314 3196 3ι,
1330 3173 1358 3200 83
1378 3163 1422 3197 este
1435 3164 1464 3190 ab
1477 3166 1573 3197 integro
1587 3162 1651 3187 Salis
1667 3172 1672 3186 z
1707 3167 1824 3196 quatenus
1846 3163 1968 3188 Neutrum
1988 3171 2003 3187 a
2019 3163 2179 3187 Nominatiuo
2199 3161 2270 3192 Sale,
2294 3160 2412 3195 probabil-¹

270 3217 305 3233 10.
414 3205 486 3231 Idem
502 3214 537 3236 3ι,
553 3213 568 3236 9
588 3203 667 3230 Nihil
691 3202 783 3228 vtilius
806 3202 856 3227 sale
880 3207 905 3228 et
929 3201 982 3227 sole
1001 3201 1065 3227 totis
1081 3200 1255 3235 corporibus,
1275 3199 1314 3226 di-
1379 3199 1422 3233 est.
1492 3198 1590 3224 Ennius
1604 3197 1671 3231 apud
1683 3196 1751 3223 Gell.
1768 3205 1792 3228 2,
1809 3200 1839 3223 26
1867 3197 2024 3223 Caeruleum
2046 3198 2145 3230 spumat
2164 3196 2213 3223 sale
2233 3196 2349 3223 conferta
2362 3200 2405 3221 ratu

268 3251 328 3268 cunt
342 3253 348 3268 :
384 3241 448 3276 quod
463 3240 496 3266 ad
510 3240 638 3275 Podagras
651 3242 678 3264 in
691 3240 782 3273 primis
794 3238 912 3272 applicat.
983 3237 1030 3264 Sed
1047 3238 1155 3272 plurima
1168 3237 1196 3262 de
1211 3236 1262 3262 sale
1279 3235 1315 3261 ibi
1379 3235 1491 3270 pulsum.
1561 3234 1640 3267 Qtam
1654 3231 1879 3266 [estimem-firmat
1898 3233 2021 3259 Priscian.
2034 3240 2046 3265 ς
2061 3242 2084 3266 p.
2100 3235 2148 3264 639
2163 3233 2246 3258 Etiam
2259 3233 2303 3258 hoc
2310 3233 2362 3259 Sale
2369 3231 2405 3257 En«

269 3278 385 3309 Plinius,
408 3283 507 3311 nempe,
524 3285 560 3307 31,
580 3285 594 3309 7
616 3291 624 3295 -
645 3284 670 3300 ιιι
701 3275 742 3308 qui
762 3270 795 3304 ‹Jt
810 3274 875 3298 locus
888 3271 1007 3306 clafficur.
1079 3272 1214 3298 Sallustius
1229 3272 1257 3297 in
1271 3272 1314 3296 Iu-
1379 3271 1438 3297 nius
1454 3268 1562 3305 protulit
1575 3275 1620 3293 etc.
1692 3269 1759 3302 Quin
1777 3268 1879 3294 Charis.
1894 3276 1902 3293 1
1915 3277 1939 3301 p.
1955 3276 1977 3300 ¹3
1992 3274 2055 3293 extr.
2093 3267 2150 3294 Sale
2160 3268 2273 3303 semper,
2296 3274 2324 3293 ot
2347 3274 2411 3293 mars«

270 3313 364 3346 gurtha
377 3321 399 3339 c.
412 3317 443 3346 89
468 3312 564 3345 Neque
583 3310 678 3341 salem,
698 3317 783 3341 neque
796 3307 846 3333 alia
860 3308 936 3340 gulae
952 3308 1124 3336 irritamenta,
1231 3307 1314 3333 Plaut.
1380 3314 1406 3333 et
1419 3306 1491 3332 -lac‘te
1512 3303 1563 3330 dici
1584 3302 1680 3328 debere
1697 3303 1831 3329 contendit.
1936 3304 2052 3330 Muretus
2072 3306 2146 3329 etiam
2165 3304 2232 3330 Ter.
2247 3304 2313 3329 Eun.
2330 3312 2350 3335 3,
2358 3311 2374 3341 1,
2386 3309 2405 3328 ιιι

271 3349 354 3374 Casin.
371 3357 393 3379 3,
408 3357 433 3380 2,
448 3353 461 3377 8
486 3350 513 3372 in
521 3347 605 3382 senem
618 3344 709 3370 nullius
718 3345 813 3377 pretii,
834 3343 898 3368 Non
912 3343 1010 3369 ecastor
1024 3344 1074 3369 vili
1089 3344 1124 3369 est
1138 3348 1222 3369 emtus
1233 3362 1239 3372 ‚
1258 3351 1314 3368 mo-
1325 3356 1360 3380 90
1379 3344 1457 3378 legit,
1475 3341 1521 3375 qui
1533 3339 1584 3365 sale
1600 3338 1686 3365 habet.
1794 3338 1834 3364 Sal
1848 3339 2042 3377 illonosyllabum
2051 3340 2175 3373 produci,
2194 3342 2230 3364 ait
2245 3338 2313 3364 Beda
2327 3339 2406 3367 demet

271 3383 317 3408 dio
331 3385 376 3417 qui
389 3384 462 3409 venit
476 3383 543 3409 salis.
578 3382 649 3409 Serui
662 3380 773 3415 vilrffimi
786 3378 851 3413 apud
858 3380 962 3404 Graecos
975 3377 1152 3414 ἆλώνητοιῘαΙε
1159 3385 1241 3413 paruo
1248 3381 1315 3405 emti.
1380 3380 1427 3404 tris
1441 3387 1464 3411 p.
1479 3383 1539 3408 2339
1553 3375 1598 3402 bis,
1705 3374 1904 3408 Auson.Ep1gr.
1919 3377 1950 3403 36
1971 3374 2022 3406 Sal,
2035 3375 2140 3406 oleum,
2154 3374 2239 3408 panis,
2255 3374 2321 3405 mel,
2335 3374 2406 3409 piper(

273 3420 337 3452 Ergo
357 3425 429 3453 auget
448 3420 587 3449 uilitatem,
601 3426 655 3443 cum
673 3416 736 3442 dicit
749 3422 802 3440 non
815 3413 865 3439 vili
879 3414 926 3439 ess'e
940 3421 1055 3444 emtum,
1070 3416 1128 3439 licet
1142 3414 1246 3439 venerit
1260 3422 1314 3439 vno
1376 3413 1475 3445 herba,
1491 3419 1597 3439 nouem,
2372 3433 2377 3436 ,
2393 3441 2400 3448 ·

272 3454 333 3479 salis
347 3454 447 3479 modio.
524 3455 580 3480 Cic.
595 3452 627 3478 de
641 3451 746 3478 Amicit.
760 3453 794 3482 69
808 3458 829 3474 c.
846 3458 872 3481 ¹9
891 3450 1044 3482 Verumque
1058 3449 1095 3474 est
1110 3448 1175 3474 illud
1191 3449 1262 3483 quod
1277 3449 1316 3474 di·
1418 3456 1461 3475 sA
1473 3454 1507 3474 1.1
1520 3453 1536 3472 F
1546 3453 1565 3473 ο
1576 3452 1593 3471 D
1603 3453 1611 3471 1
1623 3451 1646 3471 N
1658 3451 1734 3484 A,·ae.
1749 3444 1768 3470 f.
1804 3445 1884 3471 Locus
1898 3444 1989 3481 abisa!
2001 3444 2339 3479 ffoditur,vtAerifodina.
2370 3443 2405 3470 Vll

272 3490 350 3521 citur,
364 3488 460 3514 multos
474 3490 577 3515 modios
586 3488 644 3514 salis
658 3487 734 3514 simul
749 3484 861 3511 edendos
870 3485 925 3515 effe,
933 3491 962 3510 vt
974 3485 1108 3510 amicitiae
1123 3493 1216 3510 munus
1229 3484 1316 3518 exple·
1380 3491 1451 3511 truu.
1465 3489 1487 3514 8,
1499 3491 1511 3515 3
1532 3483 1579 3508 Per
1591 3480 1743 3519 sallfpdlnas
1756 3487 1937 3514 percurrentes
1950 3481 2036 3507 fontes
2051 3487 2076 3508 et
2091 3482 2168 3508 lacus.
2218 3515 2223 3519 ,

273 3530 328 3551 tum
344 3523 381 3549 sit.
475 3525 581 3550 Concha
595 3524 653 3550 salis
668 3523 728 3557 puri
746 3522 813 3547 Hor.
830 3520 911 3546 Serm.
927 3528 946 3551 1,
962 3528 984 3551 3,
1000 3529 1036 3553 14.
1131 3521 1254 3546 Animam
1269 3529 1316 3553 pro
1332 3524 1362 3550 93
1418 3527 1458 3546 SA
1470 3525 1486 3544 L
1497 3525 1545 3545 AR
1556 3524 1563 3543 l
1575 3523 1632 3548 VS,
1652 3525 1671 3541 1.
1693 3524 1727 3555 ιιι.
1763 3515 1932 3550 [οέλοπώλης]
1968 3517 2102 3552 Qiisalem
2115 3515 2312 3550 velsalsamenta
2325 3512 2410 3541 venditi·

274 3560 324 3586 sale
338 3559 423 3585 datam
437 3559 476 3584 sui
490 3559 526 3584 ait
541 3559 698 3594 Chrysippus
723 3558 779 3584 Cic.
794 3557 826 3582 de
841 3556 900 3582 Nat.
915 3555 994 3581 Deor.
1008 3557 1086 3587 2,160
1098 3564 1119 3581 c.
1129 3558 1172 3588 64.
1245 3555 1315 3582 Add.
1383 3553 1496 3583 Martial.
1512 3565 1532 3584 ι,
1547 3561 1583 3587 42
1603 3550 1682 3584 Qud
1695 3550 1761 3577 viles
1776 3552 1850 3591 pueri
1872 3552 2037 3579 salariorum.

273 3596 306 3621 de
328 3596 385 3622 Fin.
406 3603 417 3627 ς
438 3603 504 3624 c.13.
576 3596 651 3621 Varr.
676 3595 707 3620 R.
731 3594 763 3619 R.
784 3600 810 3624 2,
832 3600 867 3625 4,
887 3600 924 3617 10.
995 3598 1018 3616 et
1046 3600 1101 3616 mox
1140 3597 1315 3617 sin-nsvin.
1418 3595 1629 3625 SALARva,
1642 3596 1666 3619 a,
1684 3587 1821 3627 ⁰¹¹¹·.Ad¹‘
1858 3588 1908 3621 [τί
1921 3588 2000 3622 ἁλός]
2035 3585 2107 3625 Quod
2138 3585 2173 3611 ad
2197 3586 2277 3622 salem
2302 3588 2405 3622 pertines

274 3629 294 3665 q
312 3639 328 3657 2.
365 3629 551 3656 Ammoniacus
567 3630 600 3655 sal
620 3629 739 3656 Scribon.
753 3636 784 3662 45
798 3634 843 3653 etc.
947 3626 1069 3652 Fofficius
1084 3626 1117 3651 sal
1137 3626 1257 3653 Scribon.
1272 3630 1316 3652 60.
1384 3626 1444 3653 Liu.
1458 3633 1501 3657 29,
1515 3631 1546 3658 37
1576 3622 1695 3656 Vedtigal
1718 3628 1797 3648 etiam
1820 3632 1921 3649 nouum
1951 3632 1982 3649 ex
2014 3623 2104 3648 salaria
2131 3630 2234 3661 annona
2269 3623 2405 3660 statuerun-o

276 3669 336 3692 206.
430 3665 551 3692 Marinus
570 3672 619 3698 217.
690 3664 794 3691 Friftus
814 3662 872 3689 Col.
885 3669 911 3696 7,
924 3670 946 3694 ς,
960 3671 984 3694 9.
1089 3663 1171 3688 Vesco
1186 3663 1237 3688 sale
1257 3663 1317 3688 saxa
1385 3662 1450 3687 Pliu.
1464 3669 1498 3692 3ι,
1512 3668 1529 3694 7
1547 3659 1618 3685 Sicut
1630 3664 1737 3692 apparet
1749 3667 1781 3684 ex
1797 3659 1905 3685 nomine
1920 3659 2031 3685 Salariae
2044 3657 2114 3688 viae,
2127 3665 2254 3690 quoniam
2276 3658 2320 3685 illa
2338 3656 2370 3684 sal
2387 3662 2403 3695 ξι

275 3702 373 3735 peresa.
404 3701 508 3727 Lucret.
525 3709 544 3731 1,
558 3707 606 3733 327
627 3700 654 3725 cle
668 3710 731 3735 aqua
744 3702 849 3726 marina.
953 3698 993 3724 Sal
1014 3697 1129 3723 torridus
1148 3698 1278 3724 Columel.
1293 3705 1318 3731 7,
1329 3707 1376 3726 100
1385 3696 1493 3723 Sabinos
1507 3695 1608 3729 portari
1622 3695 1800 3721 consueuerat.
1873 3694 1969 3721 Salaria
1981 3693 2024 3733 via
2036 3693 2135 3718 Romae
2149 3692 2185 3718 est
2199 3694 2340 3727 appellata,
2358 3697 2403 3726 quii

275 3744 299 3769 5,
311 3741 333 3765 8.
426 3736 466 3762 Sal
481 3735 570 3762 foffilis
590 3736 657 3760 Cels.
665 3738 690 3769 6,
700 3744 729 3766 ¹3-
799 3741 821 3760 et
841 3733 972 3760 Columel.
987 3736 1011 3764 6,
1020 3742 1056 3765 33,
1071 3742 1079 3758 ι
1101 3733 1144 3758 vbi
1157 3735 1203 3759 alii
1216 3733 1316 3760 Fusilis.
1385 3741 1432 3766 per
1451 3740 1507 3757 eam
1526 3729 1616 3755 Sabini
1637 3730 1671 3755 sal
1685 3738 1700 3755 a
1713 3730 1781 3756 mari
1794 3729 1950 3757 deferebant
1972 3729 2030 3755 Liu.
2044 3735 2070 3762 7,
2083 3736 2109 3760 9.
2217 3730 2340 3756 Memorat
2351 3726 2403 3754 illan

276 3771 392 3798 (ἶοδιιιιιι
410 3772 468 3798 Col.
484 3780 518 3801 12,
535 3780 575 3803 53,
588 3780 614 3803 4.
722 3771 807 3796 Varro
822 3770 852 3796 R.
866 3771 896 3795 R.
911 3777 930 3801 1,
943 3779 965 3802 7,
979 3775 992 3799 8
1035 3769 1065 3794 In
1082 3768 1168 3794 Gallia
1182 3768 1319 3803 transalpi-
1373 3768 1469 3793 'Varro
1483 3766 1513 3792 R.
1528 3766 1559 3791 R.
1582 3774 1607 3797 1,
1622 3773 1659 3799 14,
1674 3773 1694 3797 3.
1750 3775 1771 3797 3,
1787 3775 1805 3799 ι,
1820 3769 1845 3792 6.
1902 3774 1926 3798 3,
1937 3773 1961 3796 2,
1976 3773 2010 3795 ιι.
2092 3763 2165 3799 Conf,
2178 3764 2244 3790 Fest.
2315 3771 2337 3790 et
2349 3763 2402 3789 Suet

278 3816 312 3832 na
347 3821 392 3826 —
427 3808 528 3840 aliquot
547 3808 668 3840 regiones
686 3805 786 3836 acceffi,
821 3821 866 3825 —
901 3805 947 3831 vbi
968 3804 1045 3831 salem
1059 3813 1105 3829 nec
1119 3803 1257 3830 Foslicium
1270 3813 1317 3831 nec
1380 3803 1445 3830 Ner.
1461 3811 1482 3828 c.
1496 3806 1538 3835 48.
1668 3835 1674 3840 .
2394 3832 2399 3837 .

277 3842 412 3869 Marinum
432 3842 556 3868 haberent
572 3852 579 3872 ;
614 3840 657 3867 scd
679 3849 709 3867 ex
729 3840 887 3873 quibusdam
906 3840 985 3875 lignis
1003 3839 1145 3866 combustis
1158 3839 1318 3866 carbonibus
1419 3845 1432 3864 s
1444 3844 1466 3863 A
1478 3843 1493 3862 ι.
1504 3843 1526 3863 Α
1538 3842 1555 3861 R
1566 3843 1575 3861 1
1587 3841 1607 3861 v
1618 3842 1652 3868 Μ,
1666 3843 1684 3861 1.
1706 3845 1731 3863 n.
1766 3836 1881 3872 [μιθδς]
1916 3834 2083 3869 Stipendium,
2095 3835 2141 3870 fin
2156 3835 2268 3866 Marem,
2283 3842 2352 3870 quam
2361 3838 2402 3868 qut:

279 3877 346 3905 falsie
376 3885 426 3912 pro
456 3886 488 3903 eo
506 3883 650 3905 vterentur.
719 3876 760 3902 Sal
778 3882 917 3903 montanue
925 3896 936 3910 ,
953 3876 1101 3911 Hispanus,
1120 3875 1318 3908 Ammoniacus,
1328 3890 1371 3918 105
1381 3879 1430 3909 pro
1443 3879 1516 3908 opera
1529 3873 1570 3899 vel
1582 3869 1719 3905 ministerio
1733 3875 1826 3909 accipit
1840 3882 1848 3898 .·
1880 3880 1896 3898 a
1909 3870 1965 3897 Sale
1979 3873 2100 3907 originem
2112 3871 2199 3899 babere
2212 3872 2253 3898 vel
2264 3869 2337 3907 ipsius
2348 3873 2401 3929 υιὶῗῗ
