2434 4156
254 190 414 231 propositum
427 190 506 218 Ouid.
519 192 583 219 Met.
592 200 614 225 3,
628 201 674 226 13¹·
696 190 724 216 Ο
746 192 848 219 Relifla
859 198 987 227 repetere,
1006 192 1094 219 Redire
1107 190 1140 216 ad
1151 188 1287 222 inter-ruffa

252 229 348 263 negotia
361 226 428 252 Hor.
442 227 520 261 Epist.
532 236 551 260 i,
566 236 592 262 7,
607 237 646 260 97.
748 229 853 254 Colum.
871 237 905 260 ii,
919 237 944 260 2,
959 230 974 253 6
995 230 1084 261 Itaque
1098 226 1129 251 ab
1146 223 1236 264 Idibus
1250 226 1289 250 la.

251 261 350 289 nuariis
385 275 429 281 ——
465 263 482 288 ii
497 264 582 290 maior
595 263 631 289 est
645 263 737 289 vineae
750 263 791 289 vel
805 263 904 289 arbusti
924 264 1016 290 modus
1026 283 1033 294 ,
1053 259 1180 296 quidquid
1195 268 1224 285 ex
1244 268 1288 285 au—

252 304 345 324 tumno
356 297 500 332 putationis
515 299 655 332 superfuit,
674 298 844 332 repetendum
859 298 903 324 est.
1264 330 1268 334 .

253 342 272 365 4
285 341 306 358 c.
320 340 344 359 2.
380 332 452 359 Idem
460 334 490 359 A.
500 343 508 359 i
519 334 546 359 in
554 335 629 359 Verr.
641 342 669 368 17
690 334 814 360 Comitiis
827 333 904 360 t'affis
918 333 1007 360 eadem
1023 334 1066 359 illa
1080 337 1168 357 vetera
1180 330 1286 356 consilia

252 368 362 403 pecunia
380 368 480 395 maiore
493 375 655 401 repetuntur,
673 372 691 395 1'.
706 370 871 395 Renoumzeur.
1067 364 1087 402 q
1105 376 1123 400 4
1158 368 1177 392 E
1188 367 1286 401 lougin-

252 413 299 444 quo
309 410 399 438 petere.
505 404 602 430 Tibul.
620 414 637 435 i,
652 413 679 438 3,
694 412 724 436 39
751 408 778 430 in
794 403 956 440 discriptione
968 404 1120 434 mercatoris,
1139 401 1195 428 Nec
1209 409 1290 435 vagus

253 439 351 474 ignotis
366 444 482 473 repetens
495 440 648 474 compendia
661 439 746 471 terris,
758 446 802 465 etc.
837 443 856 466 i.
880 449 909 466 ex
921 440 1062 474 lovigiulnit
1083 443 1107 462 et
1126 440 1225 463 remotis
1239 444 1287 462 rer-

253 477 292 502 ris
305 474 400 510 referre
407 473 520 507 studens.
579 473 678 509 *Affinis
692 473 725 508 est
737 476 782 501 illa
793 477 860 501 ratio
879 478 1058 509 memmenni,
1079 481 1150 508 quum
1164 473 1223 499 Alte
1240 473 1289 498 Re·

273 509 363 536 etitam
376 510 525 536 orationem
541 509 662 536 dicimus.

274 555 316 572 aec
328 545 432 580 schiat,
453 545 549 579 inquit,
566 551 618 572 tam
633 545 718 578 longa,
733 551 758 571 et
772 552 824 571 tam
837 546 888 571 alte
900 545 1009 578 repetita
1026 544 1130 570 oratio?
1164 546 1181 569 i.
1194 547 1289 578 aprin-

252 584 327 617 cipi'is
340 591 420 608 rerum
435 581 533 615 exozfii:
605 579 707 606 Ibidem
717 589 742 612 23
762 582 897 615 Repetam,
914 586 938 606 et
952 587 1004 604 non
1017 578 1049 605 ab
1063 579 1228 605 incunabulis
1243 587 1289 604 no-

255 616 322 643 strae
341 616 436 642 veteris
454 616 616 650 puerilisque
638 616 774 642 doen-inae
794 616 922 650 quendam
940 613 1063 641 ordinem
1082 621 1290 649 praeceptorum.

255 652 374 686 Repetita
390 652 491 685 longius
504 651 686 685 interrogatio,
707 650 776 684 apud
789 650 917 684 Qiineiil.
926 656 954 681 ς,
967 657 993 684 7.
1096 650 1152 677 Cic.
1166 659 1214 684 pro
1229 650 1291 676 Clu-

254 694 306 714 ent.
319 689 352 713 66
374 688 497 720 Repetam
517 686 605 721 paullo
623 686 700 712 altius
719 686 837 718 Iudices,
873 691 898 710 et
921 683 1011 712 omnia
1031 694 1097 719 quae
1118 686 1146 712 in
1166 685 1292 711 diuturna
1313 692 1337 715 ις

255 723 414 749 obscuritate
436 722 584 754 latuerunt,
618 722 650 747 fic
669 722 798 756 aperiam,
816 727 844 746 vt
866 728 896 746 ea
914 728 1020 748 cernere
1041 721 1123 748 oculis
1137 720 1293 747 videamini.

257 758 341 785 Altius
354 757 439 783 omnis
454 757 493 783 rei
507 757 645 792 repetenda
658 758 745 783 oratio
762 757 796 783 est
815 754 945 788 Qiinffll.
963 759 994 789 6,
1014 766 1035 783 2.
1132 757 1188 783 Cic.
1202 756 1232 782 de
1246 757 1294 782 Le-

257 793 310 828 gib.
327 798 385 824 i,18
406 802 426 818 c.
441 795 457 818 6
471 788 516 827 pr.
545 793 605 819 Alte
617 802 700 825 vero,
719 798 745 818 et
764 797 791 817 vt
812 797 934 824 oportet,
958 801 972 818 a
991 793 1075 826 capite
1095 792 1178 818 frater
1196 791 1295 825 repetis

258 828 329 862 quod
345 829 505 861 quaerimus.
611 828 651 854 Ab
665 828 749 854 initiis
763 826 843 852 Vrbis
863 827 941 853 Caius
957 829 984 854 in
1000 827 1074 853 l.iD.
1089 826 1121 854 de
1134 828 1202 861 orig.
1218 827 1293 853 iuris.

256 863 298 891 Ab
311 864 415 898 origine
437 864 522 896 prima
539 869 656 898 repetens
678 861 814 895 expediam
827 871 932 888 omnem
947 864 1044 889 famam
1064 864 1141 896 Virg.
1154 864 1252 896 Georg.
1265 871 1293 895 4,
1307 862 1341 880 20

257 902 313 929 286.

256 944 266 961 i
285 944 307 960 c.
325 943 364 960 20.

255 970 360 996 ritatem
374 973 499 1002 repetam.

254 1005 352 1031 Heren.
369 1012 386 1034 i,
401 1012 438 1035 14.

407 898 448 925 Ab
465 899 575 930 vitinus,
589 898 629 923 vel
645 898 684 923 Ab
697 898 790 923 vltima
802 898 958 932 antiquitate
972 905 1091 932 repetere
1114 898 1169 924 Cic.
1185 897 1216 924 de
1236 898 1293 924 Fin.

458 934 531 960 Idem
540 934 570 960 de
580 933 670 959 Diuiu.
680 940 698 964 i,
708 941 723 958 2
740 933 874 967 Principio
881 934 989 966 Ass'yrii,
1008 939 1038 960 vt
1050 933 1082 959 ab
1095 933 1195 959 vltiniis
1206 933 1296 959 audio-

571 970 610 994 Ab
624 968 719 994 vltitno
732 967 835 1002 aliquid
847 975 979 1003 repetere,
1002 973 1020 995 i.
1033 969 1063 995 ab
1076 971 1152 994 initio
1172 968 1248 994 Auc'i.
1261 967 1294 994 ad

545 1003 599 1029 Cic.
614 1003 645 1029 de
659 1004 760 1030 Inuent.
774 1013 793 1036 i,
808 1013 817 1030 i
832 1005 921 1038 Quun
937 1011 1025 1030 autem
1040 1013 1081 1030 res
1094 1004 1126 1030 ab
1141 1004 1226 1031 nostra
1241 1012 1293 1030 me-

256 1039 342 1065 moria
357 1044 464 1072 propter
478 1038 632 1065 vetustatem
646 1046 770 1071 remotas,
789 1048 820 1066 ex
834 1039 970 1066 literarum
983 1040 1160 1066 monumentis
1175 1045 1294 1073 repetere
1313 1038 1340 1064 25

254 1073 376 1105 institue,
393 1081 437 1099 etc.
535 1075 590 1100 Cic.
605 1074 637 1101 de
646 1074 737 1109 Legib.
748 1084 765 1105 i,
780 1083 810 1100 20
831 1075 877 1101 Dii
890 1076 1064 1107 immortales,
1078 1084 1156 1109 quam
1176 1081 1202 1101 tu
1215 1075 1293 1109 longe

253 1109 320 1135 iuris
335 1108 464 1143 principia
477 1109 587 1143 repetis!
622 1111 690 1145 cons.
708 1110 746 1137 id.
762 1111 831 1137 Fam.
843 1120 877 1143 13,
890 1120 929 1145 29.
1035 1112 1090 1137 Cic.
1105 1111 1136 1137 de
1150 1111 1224 1137 Orat.
1236 1120 1250 1140 i,
1264 1119 1292 1142 91

255 1145 324 1171 Cum
338 1151 465 1178 repeteret
482 1154 565 1179 vsque
578 1155 591 1172 a
606 1147 705 1173 Corace
719 1147 805 1172 nescio
822 1156 885 1181 quo.
979 1147 1019 1174 Sic
1034 1146 1110 1173 Acad.
1124 1156 1152 1180 4,
1166 1155 1190 1178 ¹3
1211 1147 1294 1180 Repe-

254 1187 313 1207 tunt
326 1181 379 1207 iam
393 1181 418 1206 P.
428 1180 573 1211 Valerium,
608 1196 652 1201 ——
689 1188 896 1209 commemorant
910 1182 1038 1216 reliquos.
1145 1182 1201 1209 Cic.
1216 1183 1294 1208 Verr.

254 1224 331 1249 4,io3
355 1216 394 1242 De
408 1224 461 1249 quo
479 1215 495 1241 [i
506 1217 593 1250 paullo
605 1217 682 1243 altius
697 1217 801 1249 ordiar,
822 1227 850 1245 ac
863 1224 981 1252 repetere
994 1217 1149 1244 memoriam
1157 1217 1296 1251 religionis
1311 1221 1342 1245 ΞΟ

252 1251 375 1281 videbor,
394 1251 530 1284 ignoscite.
635 1254 795 1280 Memoriam
808 1254 919 1280 alicuius
933 1254 1058 1288 temporis
1072 1254 1128 1280 Cic.
1142 1262 1190 1288 pro
1206 1254 1295 1279 Deiot.

252 1295 296 1313 20.
350 1287 489 1319 originem
505 1292 623 1321 repetere
642 1289 720 1314 Caius
741 1289 768 1315 in
784 1289 818 1316 l.i
833 1291 865 1316 D.
875 1290 905 1315 de
924 1289 992 1323 orig.
1007 1290 1083 1316 iuris.
1190 1289 1250 1315 Liu.
1264 1288 1293 1314 in

253 1321 383 1347 Praefat.i
404 1322 453 1346 Res
466 1321 501 1347 est
515 1322 633 1347 immensi
648 1324 752 1356 operis,
770 1331 797 1350 vt
811 1334 878 1358 quae
893 1326 966 1360 supra
983 1324 1238 1358 septingentesimum
1252 1333 1295 1350 an-

252 1365 318 1382 num
333 1362 473 1390 repetatur.
530 1357 572 1383 Sic
586 1357 707 1390 Repetita
722 1360 882 1385 consuetudo
895 1367 919 1386 et
931 1359 1079 1386 institutum
1091 1360 1194 1392 dicitur,
1202 1360 1246 1386 hoc
1259 1358 1293 1392 est

251 1392 336 1427 Longo
355 1393 486 1418 interuallo
504 1393 598 1423 relata,
616 1392 668 1425 siue
688 1402 703 1417 a
722 1393 867 1429 longiffimis
887 1393 1021 1433 rftrorfiam
1042 1395 1190 1433 tempqrihus
1202 1398 1294 1428 petita.
1310 1401 1337 1426 35·

253 1427 309 1453 Cic.
323 1427 384 1453 Diu.
399 1426 427 1453 in
436 1427 509 1454 Caee.
518 1430 552 1460 67
565 1437 586 1453 c.
596 1435 625 1453 22
645 1428 739 1461 Neque
754 1438 826 1455 enim
838 1437 920 1463 inagis
933 1431 1034 1454 animos
1044 1428 1185 1454 hominum
1197 1437 1292 1454 nocen-

251 1463 320 1490 tium
335 1471 375 1488 res
391 1472 506 1497 vnquam
521 1462 573 1489 vlla
585 1464 740 1496 commouit,
748 1473 825 1498 quam
839 1465 901 1491 haec
917 1465 1049 1491 maiorum
1057 1463 1229 1496 consuetudo,
1237 1464 1292 1489 lon-

251 1507 286 1532 go
300 1498 441 1524 interuallo
455 1498 566 1532 repetita
579 1505 658 1531 atque
671 1499 761 1526 relata.
837 1501 989 1535 Repetitum
1001 1500 1047 1532 est,
1063 1505 1092 1526 vt
1106 1499 1209 1525 duobus
1223 1507 1294 1525 man-

251 1534 358 1560 daretur
371 1534 505 1560 consiilum
518 1543 614 1560 nomen
634 1534 830 1569 imperiumque
844 1536 903 1561 Liu.
917 1544 946 1567 3,
968 1544 1002 1567 33.
1105 1536 1225 1568 Repetita
1242 1535 1293 1564 die,

251 1571 352 1596 Locutio
363 1579 378 1596 α
395 1571 506 1596 Iuriscon
520 1571 579 1595 ultis·
594 1570 713 1605 usurpata
721 1578 770 1606 pro
787 1581 821 1603 ro,
834 1571 898 1606 quod
909 1571 1049 1597 antidataiii
1062 1572 1193 1605 appellant.

250 1606 344 1640 piamis
358 1604 452 1631 deiide
466 1606 502 1631 inl
518 1611 717 1638 ruiiientorum,
737 1607 857 1641 Repetita
872 1607 978 1640 quidem
993 1606 1035 1632 die
1049 1606 1198 1632 cautionem
1213 1605 1293 1631 inter-

252 1640 315 1675 poni
330 1649 382 1666 non
397 1640 530 1673 debuisse,
548 1644 566 1667 i.
580 1643 628 1667 Die
647 1642 770 1678 retrorsus
783 1646 907 1668 ementita.
1002 1642 1049 1668 Vbi
1061 1641 1113 1667 dies
1126 1648 1176 1677 pro
1189 1647 1294 1675 tempore

250 1676 360 1711 intelligi
374 1676 451 1708 dehet,
470 1683 498 1701 ut
505 1678 533 1702 in
547 1676 591 1702 illa
603 1678 730 1708 locutione,
750 1679 852 1709 Annua,
865 1677 953 1709 bima,
968 1677 1046 1703 trima
1062 1676 1114 1702 die.
1219 1677 1293 1702 Idem

250 1710 282 1736 de
297 1711 393 1736 damno
408 1711 516 1741 ίηῖεόὶο,
529 1711 672 1737 Videamus
691 1711 708 1738 si
724 1713 811 1739 cautio
827 1713 852 1738 ei
864 1713 990 1740 offeratur
1006 1712 1141 1746 postquam
1154 1712 1242 1738 missus
1257 1711 1293 1738 est

250 1745 279 1772 in
293 1745 482 1780 polsessionem,
503 1755 535 1772 an
551 1746 623 1780 prius
638 1747 761 1774 decedere
777 1748 880 1781 debeat,
900 1757 977 1782 quam
993 1748 1009 1774 si
1026 1757 1051 1774 ei
1065 1755 1197 1777 caueatur,
1213 1748 1292 1774 etiam
1309 1751 1343 1777 45
1360 1751 1388 1776 de
1400 1750 1484 1786 Legib.

251 1781 283 1808 de
298 1791 329 1808 eo
345 1782 451 1814 damno,
460 1782 530 1817 quod
545 1783 570 1808 ei
583 1783 723 1816 contigerit
737 1784 904 1818 posteaquam
919 1784 1007 1810 missus
1016 1783 1051 1809 est
1066 1784 1093 1810 in
1108 1783 1296 1818 poffessionein:

251 1817 322 1851 quod
337 1817 445 1851 quidem
461 1817 542 1852 magis
557 1817 698 1852 probatur:
718 1819 829 1854 repetita
839 1820 920 1853 igitur
928 1820 971 1846 dic
990 1819 1134 1846 cauendum
1144 1820 1203 1846 crit.
1223 1822 1241 1845 i.
1250 1820 1295 1844 Re-

244 1852 356 1890 ferenda
370 1853 494 1889 retrorsus
507 1856 588 1879 cautio
606 1860 629 1879 et
642 1857 849 1890 inpraeteritum.
887 1856 954 1881 Huic
969 1859 1111 1890 opponitur,
1131 1855 1232 1881 Prolata
1241 1854 1295 1886 die,

252 1889 281 1915 in
294 1888 374 1914 titulo
388 1889 427 1914 De
439 1889 542 1915 edendo
557 1889 678 1915 Budaeus.
874 1889 895 1928 q
916 1899 928 1923 ς
948 1892 1075 1925 Repetere
1084 1911 1091 1923 ,
1103 1898 1149 1926 pro
1163 1890 1294 1917 Referire.

1009 297 1098 324 Studia
1110 296 1166 322 Cic.
1180 294 1210 320 de
1221 295 1286 321 Fato
1314 308 1319 309 ν

1310 337 1324 363 5
1354 341 1452 369 repeto

766 510 822 536 Cic.
838 511 870 536 de
882 512 991 540 Orat-3,
1006 513 1037 540 89
1057 509 1189 541 Qiorsuin
1208 508 1289 541 igitur
1307 513 1335 532 10

1249 1570 1293 1595 Vl·
1313 1571 1349 1596 40
1359 1573 1500 1599 tiindarum
1517 1573 1615 1603 Bainun
1627 1573 1721 1598 teneri.

1722 103 1755 143 R
1862 105 1897 144 E
2005 106 2034 146 P

1353 199 1487 227 queretur,
1506 194 1555 221 hoc
1569 192 1680 220 diceret:
1715 191 1797 226 Qiod
1810 192 1878 224 auri,
1898 193 1968 227 quod
1982 195 2098 230 argenti,
2126 195 2197 230 quod
2218 188 2379 227 ornamento.

1353 237 1412 255 rum
1426 229 1453 256 in
1466 231 1531 257 meis
1546 229 1664 261 vrbibiis,
1685 229 1809 259 aedibus,
1830 227 1944 255 delubris
1961 230 2027 257 fuit:
2059 231 2130 265 quod
2145 233 2173 258 in
2186 241 2337 268 vnaquaque
2349 245 2376 264 re

1352 263 1482 291 beneficio
1500 266 1600 292 senatus
1615 264 1756 299 populique
1765 265 1841 291 Rom,
1854 264 1919 290 iuris
1939 263 2036 301 habui,
2058 268 2085 293 id
2099 267 2167 293 milii
2181 273 2219 299 tu,
2236 268 2266 294 C.
2280 269 2378 304 Verres,

1353 299 1472 333 eripuisti
1486 307 1563 336 atque
1577 300 1718 326 abstulisti:
1739 308 1791 334 quo
1804 299 1912 325 nomine
1925 299 2004 328 abste
2018 301 2162 329 sestertium
2177 303 2274 329 millies
2284 312 2313 330 eii
2325 305 2378 341 lege

1555 337 1611 364 Cic.
1625 335 1676 363 Off.
1685 345 1707 368 2,
1719 343 1750 370 75
1763 345 1783 363 c.
1796 343 1823 361 zi
1846 334 2088 374 Nondumcentum
2103 345 2128 364 et
2142 338 2230 364 decem
2246 339 2306 366 anni
2318 340 2380 375 sui-it,
2410 365 2411 370 ,

1354 379 1437 403 quum
1451 371 1483 397 de
1496 373 1614 406 pecuniis
1632 371 1780 405 repetundis
1794 379 1807 397 a
1821 371 1849 397 L.
1865 371 1956 396 Pisone
1969 372 2019 399 lata
2033 374 2067 399 est
2079 374 2132 406 lex,
2150 374 2222 400 milla
2236 380 2308 401 antea
2321 384 2376 404 cuin
2410 374 2412 380 ⁸

1352 405 1443 433 fuisset.
1515 408 1548 433 At
1562 417 1626 434 vero
1641 407 1726 441 postea
1739 413 1777 433 tot
1790 406 1866 439 leges,
1879 411 1904 431 et
1918 408 2051 439 proximae
2064 418 2183 443 quaeque
2198 409 2326 443 duriores,
2342 417 2379 439 tot

1353 441 1404 473 rei,
1423 446 1464 467 tot
1477 441 1607 473 damnati,
1627 448 1727 468 tantum
1744 442 1863 468 Italicum
1878 441 1976 467 bellum
1993 451 2098 478 propter
2114 446 2275 471 iudiciorum
2286 451 2382 476 metum

1356 475 1510 509 excitatiini;
1530 483 1600 504 tanta
1617 479 1723 504 sublatis
1737 477 1838 511 legibus
1851 483 1875 503 et
1896 476 2002 502 iudiciis
2017 480 2142 513 expilatio
2161 480 2328 515 direptioque
2344 483 2381 509 so*

1356 511 1468 544 ciorum,
1488 520 1515 539 vt
1530 513 1711 540 imbecillitate
1730 514 1844 539 aliorum
1864 521 1917 538 non
1938 513 2024 539 nostra
2039 516 2137 543 virtut.-
2153 517 2291 542 valeamus.
2328 513 2391 545 'Sic‘

1355 545 1436 573 Bruto
1450 550 1494 573 106
1512 557 1570 580 c.2.7
1590 549 1618 575 L.
1633 550 1690 575 Piso
1705 550 1825 576 tribunus
1834 548 1959 583 Pl.legem
1973 548 2073 582 primus
2085 550 2100 577 d
2130 551 2246 586 pecuniis
2265 557 2381 586 repetun-

1356 580 1401 606 dis.
1410 582 1554 609 Censorino
1567 590 1592 610 et
1606 585 1718 611 Manilio
1733 592 1813 612 coss.
1830 584 1898 609 tulit.
1969 584 2035 610 adil.
2053 587 2162 620 Veri-..b
2176 594 2205 620 50
2226 596 2238 611 c
2255 595 2282 619 ες
2301 587 2329 613 de
2339 588 2383 616 bac

1355 617 1409 656 Iege.
1418 617 1472 643 Cic.
1480 619 1556 646 Verr.
1564 628 1586 651 5,
1600 622 1641 645 126
1662 629 1682 645 c.
1695 625 1727 653 48
1748 620 1841 647 Facilis
1862 620 1896 645 est
1916 621 1988 646 causa
2003 621 2102 654 populi.
2206 622 2302 656 Legem
2315 617 2383 652 eniin

1358 653 1490 679 sociorum
1503 655 1576 680 causa
1590 654 1678 681 iussiffe
1696 670 1741 675 ——
1762 656 1813 681 Hic
1826 661 1931 689 portin,
1948 656 2008 681 haec
2021 664 2083 689 arx,
2100 657 2162 684 haec
2177 667 2220 684 ara
2239 658 2382 686 sociorum:
2414 669 2417 675 ·

1359 696 1412 721 quo
1426 687 1532 720 quidem
1545 698 1612 715 nunc
1626 699 1680 716 non
1694 692 1730 716 ita
1742 691 1906 725 confugiunt,
1925 698 1952 716 vt
1966 697 2038 717 antea
2052 692 2079 718 in
2093 694 2143 720 suis
2157 692 2302 728 repttendis
2310 693 2383 721 rebus

1359 722 1488 749 solebant:
1510 732 1563 750 non
1576 732 1721 759 argentum,
1739 735 1793 752 non
1805 735 1907 757 aurum,
1924 735 1977 752 non
1992 727 2095 759 vestem,
2106 737 2158 755 non
2172 730 2301 764 mancipia
2316 738 2384 764 repe.

1360 764 1435 790 tunt,
1455 766 1508 784 non
1519 767 1685 792 ornamenta,
1703 770 1769 796 quae
1782 770 1813 788 ex
1826 762 1937 788 vrbibus
1953 762 2072 796 fanisque
2093 770 2180 798 erepta
2192 766 2258 791 sunt.
2312 764 2383 794 Idem

1362 803 1411 828 pro
1426 794 1528 822 Cluent.
1540 803 1586 827 ¹04
1601 804 1661 830 037
1682 797 1740 828 Qa
1753 797 1810 831 lege
1826 797 1853 823 in
1867 807 1899 824 eo
1911 806 2006 832 genere
2019 807 2033 824 a
2043 800 2158 825 senatore
2173 800 2242 826 ratio
2251 800 2334 834 repeti
2345 801 2384 828 so-

1362 830 1408 862 let,
1421 829 1453 855 de
1466 830 1582 863 pecuniis
1595 831 1753 865 repetundis,
1761 840 1790 858 ea
1802 832 1858 866 lege
1870 834 1999 859 accusatus
2012 833 2184 862 honestissime
2202 835 2236 862 est
2250 835 2386 865 absolutus.

1360 867 1446 905 Etiam¹
1463 874 1485 891 c.
1495 872 1520 896 33
1540 865 1611 898 Qud
1619 875 1676 892 mea
1684 867 1842 900 (Praetoris,
1849 868 1975 904 quaestio)
1996 868 2028 895 de
2038 872 2155 904 pecuniis
2163 870 2330 905 repetundis?
2347 885 2386 892 -

1361 901 1388 927 Si
1400 909 1458 935 quis
1473 900 1540 935 apud
1555 909 1599 933 iue
1609 907 1643 932 te,
1655 903 1693 929 T.
1707 902 1772 934 Atti,
1791 912 1864 929 reum
1879 904 1943 930 velit
1956 906 2055 932 tacere:
2076 907 2185 938 clames,
2201 913 2226 933 te
2240 907 2295 941 lege
2313 915 2385 940 pecu-

1359 937 1464 962 niarum
1479 936 1682 970 repetundarum
1695 946 1748 963 non
1761 939 1857 964 teneri:
1877 948 1962 973 neque
1981 947 2025 966 tua
2040 941 2103 968 hacc
2121 942 2249 969 recusatio
2269 941 2398 968 conscilio⁴

1359 971 1390 998 iit
1403 977 1490 1005 captae
1504 972 1645 1005 pecuniae3
1663 972 1704 998 sed
1719 972 1836 1006 laboris,
1855 974 1896 1000 sed
1910 975 2022 1008 periculi
2041 986 2095 1003 non
2113 977 2227 1011 legitimi
2242 977 2387 1004 declinatio,

1356 1009 1439 1033 Cicero
1452 1010 1530 1043 igitur
1543 1008 1713 1041 pecuniarum
1725 1009 2087 1045 riomeizfimper,puto,addit,
2101 1021 2130 1039 vt
2143 1020 2165 1039 ce
2182 1014 2242 1039 Sall.
2257 1014 2384 1046 Cat-18‚3.

1359 1042 1480 1069 sed'rac.
1490 1043 1555 1068 Anu.
1564 1052 1591 1076 4,
1604 1052 1643 1075 19,
1662 1053 1680 1076 4
1698 1043 1756 1071 Nec
1769 1043 1849 1070 dubie
1862 1046 2061 1079 repetundarum
2070 1049 2227 1075 criminibus
2242 1047 2389 1077 haerebant.

1360 1080 1392 1104 Et
1404 1080 1471 1104 Ann.
1482 1086 1503 1109 3,
1517 1081 1550 1104 66
1559 1085 1599 1113 pr.
1624 1079 1741 1105 Silanum
1754 1080 1957 1114 repetundarum
1969 1090 1984 1109 a
2000 1083 2077 1110 sociis
2093 1085 2259 1118 postulatum.
2309 1085 2341 1110 Et
2354 1091 2388 1116 13,

1359 1122 1401 1146 43,
1408 1123 1419 1145 7
1428 1113 1525 1141 Filium
1532 1114 1587 1140 eius
1595 1114 1755 1141 Neruliniim
1762 1116 1877 1149 aggrcffis
1887 1118 2078 1145 accusatoribus
2087 1129 2131 1153 per
2140 1135 2183 1140 —
2190 1120 2302 1146 crimina
2316 1127 2386 1153 repe·

1359 1148 1509 1177 tundarum.
1529 1151 1560 1176 Et
1571 1150 1638 1176 Hist.
1645 1161 1671 1184 4,
1679 1159 1743 1183 43‚4
1757 1152 1852 1178 Anton.
1865 1152 2177 1186 FlammaCyreneniious
2186 1156 2323 1182 damnatur
2331 1155 2388 1188 lege

1360 1185 1581 1218 repetundarum,
1603 1186 1719 1212 etnexilio
1736 1186 1772 1212 ob
1781 1187 1926 1216 saeuitiam,
1998 1190 2074 1224 Etfic
2082 1191 2178 1226 paffim.
2230 1193 2272 1218 Ita
2285 1191 2392 1217 Suetont

1361 1221 1434 1246 Caes.
1457 1230 1518 1254 c.43
1533 1221 1664 1247 Conciuci
1677 1221 1888 1255 repetundarum.
1943 1225 2071 1257 Qiintstil.
2084 1236 2110 1259 4,
2124 1236 2146 1257 2,
2160 1235 2183 1258 i,-
2201 1227 2256 1259 Qi
2271 1220 2397 1260 repetun:

1358 1256 1450 1282 darum
1465 1255 1666 1288 iusiiiiulabitur,
1686 1272 1730 1277 —-
1750 1258 1846 1290 quibus
1860 1258 1938 1285 causis
1952 1261 2117 1293 prouinciam
2131 1262 2338 1294 vniuersam,vel
2352 1257 2398 1287 ac?
2418 1283 2419 1287 ,

1360 1293 1522 1323 ciisatorem,
1541 1298 1586 1317 aut
1600 1291 1689 1316 testem
1706 1291 1861 1325 offenderit,
1881 1303 1934 1319 non
1956 1296 2060 1323 Vtiliter
2071 1300 2200 1332 exponet?
2272 1301 2312 1324 sic
2326 1296 2393 1325 Plin.
2417 1300 2420 1326 1

1358 1326 1403 1361 Ep.
1415 1336 1440 1359 2,
1455 1336 1488 1358 ii,
1501 1336 1512 1352 2
1533 1327 1587 1361 Ego
1601 1333 1625 1352 et
1639 1326 1779 1352 Cornelius
1789 1327 1900 1352 Tacitus
1914 1328 1993 1353 adesse
2010 1333 2216 1362 prouincialibus
2229 1332 2293 1365 ivm,
2307 1332 2395 1358 existi.

1359 1371 1489 1389 maiiiiiius
1508 1361 1569 1388 fidei
1584 1361 1686 1388 nostrae
1699 1361 1854 1393 conuenire,
1867 1367 1958 1387 notum
1973 1363 2076 1389 Senatui
2090 1367 2189 1398 facere,
2205 1369 2327 1394 cxcessiss'c
2341 1367 2395 1394 Pri·

1358 1399 1428 1424 scum
1444 1398 1606 1423 immanitate
1620 1403 1645 1423 et
1660 1396 1768 1422 saeuitia
1780 1397 1901 1428 crimina,
1915 1396 2010 1430 quibus
2023 1397 2079 1423 dari
2089 1398 2186 1426 iudices
2199 1403 2303 1435 ponent,
2311 1412 2394 1437 quum
2419 1394 2421 1398 ‚

1359 1433 1396 1458 ob
1419 1434 1571 1459 innocentes
1585 1431 1815 1464 condemnandos,
1828 1431 2025 1459 interficiendos
2040 1433 2136 1465 etiam,
2155 1437 2276 1467 pecunias
2288 1439 2396 1471 accepis·

1360 1468 1405 1493 set.
1448 1468 1594 1505 Respondit
1607 1468 1707 1492 Fronto
1721 1467 1811 1494 Catius
1826 1467 2030 1502 deprecatusque
2042 1468 2093 1500 est,
2114 1478 2145 1494 nc
2162 1469 2224 1502 quid
2245 1467 2312 1498 vltra
2322 1481 2393 1507 repe-

1359 1501 1501 1528 tundarum
1517 1503 1600 1536 legem
1614 1510 1807 1535 quaereretur..
1827 1509 1850 1528 et
1866 1504 1883 1529 s.
1898 1511 1931 1529 20
1949 1503 2064 1530 Marium
2078 1503 2278 1538 repetundarum
2289 1516 2395 1541 poenae,

1359 1546 1437 1571 quarn
1450 1537 1503 1563 iam
1517 1538 1598 1571 passus
1611 1537 1680 1568 ciret,
1693 1538 1794 1564 censuit
1809 1537 2020 1571 relinquendum.
2081 1541 2110 1565 Et
2119 1548 2178 1573 4,9‚
2193 1542 2221 1566 16
2239 1541 2307 1576 Lege
2317 1551 2384 1577 repe.

1772 1573 1803 1599 Et
1815 1571 1848 1605 fic
1856 1573 1966 1609 saepius,
1984 1583 2105 1609 nunquam
2119 1575 2205 1601 addito
2215 1580 2304 1604 nomine
2312 1586 2384 1612 pecu—

1540 1609 1665 1634 Cacterum
1682 1608 1710 1633 de
1723 1611 1836 1639 crimine,
1855 1610 2001 1644 iudtcioqiie,
2021 1616 2043 1636 et
2057 1608 2139 1636 auffls
2145 1611 2248 1646 subinde
2252 1616 2332 1648 pontis
2342 1609 2391 1640 Re-'

2313 115 2374 154 160

1358 1609 1473 1634 uiarum.

1352 1644 1528 1679 peramarum,
1550 1644 1606 1669 ICci
1620 1643 1654 1669 ad
1666 1645 1765 1669 titulum
1780 1643 1805 1670 ff.
1821 1642 1853 1669 ad
1867 1645 1896 1672 L.
1911 1645 2006 1671 Iuliam
2020 1646 2185 1679 repetundar.
2222 1653 2245 1673 et
2262 1648 2301 1675 vbi
2319 1648 2346 1674 de
2357 1649 2386 1675 le-

1357 1679 1429 1715 gibus
1439 1686 1518 1715 agunt
1530 1681 1681 1714 antiquarii,
1697 1680 1790 1715 consuli
1798 1677 1906 1713 possint,
1926 1684 2069 1707 nomivzatim
2084 1682 2115 1708 de
2130 1681 2285 1715 Calpurnia,
2302 1683 2391 1717 Acilia,
2431 1704 2434 1711 .

1360 1715 1447 1747 Iunia,
1460 1714 1569 1740 Glaucia
1577 1715 1602 1749 JL
1613 1718 1699 1749 potius
1712 1714 1840 1746 Seruilia,
1856 1715 1988 1746 Cornelia,
2011 1716 2092 1742 Iulia:
2115 1718 2390 1753 prfflyirti'mManutius

1568 1752 1622 1776 Nos
1642 1752 1695 1775 loca
1711 1751 1765 1786 ipsa
1783 1757 1891 1776 veterum
1910 1750 2017 1784 retuliſje
2032 1756 2142 1779 contenti
2154 1763 2250 1780 crmius.
2335 1755 2387 1783 Vel.

1360 1787 1429 1813 Max.
1440 1788 1472 1818 6,
1486 1793 1512 1817 9,
1520 1793 1548 1811 io
1571 1785 1600 1813 L.
1615 1784 1739 1811 Lentulus
1752 1786 1904 1812 Consularis
1922 1787 1980 1820 lege
1993 1788 2107 1814 Caecilia
2130 1788 2330 1823 repetundarum
2340 1790 2386 1817 cri-

1353 1821 1433 1847 ‘mine
1452 1821 1599 1855 oppressus,
1630 1821 1722 1847 censor
1744 1830 1802 1847 cuni
1824 1822 1852 1849 L.
1867 1822 2013 1849 Censorino
2029 1829 2128 1850 creatus
2149 1824 2193 1850 est.
2297 1825 2386 1853 Cic-ad

1362 1857 1427 1884 Her.
1442 1865 1460 1887 1,
1475 1865 1508 1882 20
1527 1865 1548 1882 c.
1563 1864 1585 1881 ii
1604 1857 1659 1882 Lex
1679 1862 1750 1883 vetat
1770 1865 1846 1890 euni,
1868 1858 1913 1891 qui
1931 1856 1963 1883 de
1981 1859 2132 1892 repetundis
2154 1860 2287 1886 damnatus
2304 1860 2346 1894 fit,
2359 1862 2384 1889 i'ii

1361 1892 1490 1918 concione
1510 1892 1660 1918 orationem
1681 1891 1786 1918 habere.
1892 1894 1982 1927 Augur
2000 1894 2107 1928 quidam
2125 1895 2260 1921 damnatus
2277 1895 2308 1922 de
2323 1905 2382 1932 repo-

251 1923 327 1950 Vnde
341 1930 459 1957 repetere
473 1923 570 1950 mulam
583 1925 707 1956 calcibus,
715 1931 740 1951 et
747 1933 836 1952 canem
843 1928 932 1953 morsu
942 1927 1028 1953 Senec.
1041 1926 1072 1953 de
1081 1928 1122 1953 Ira
1129 1935 1152 1958 3,
1161 1934 1203 1961 27.
1223 1926 1293 1951 1‘.1fi·
1309 1931 1341 1957 50
1360 1929 1463 1959 tundis,
1484 1927 1512 1952 in
1526 1927 1659 1953 demortui
1672 1927 1760 1954 locum
1775 1928 1820 1961 qui
1836 1934 1905 1962 petat
1921 1930 2084 1956 nominauit:
2104 1938 2203 1965 petitur
2216 1931 2249 1957 ab
2261 1932 2378 1965 cosmulta.

251 1958 327 1993 σιᾙὶηι
340 1962 454 1992 impetere
472 1960 574 1989 mulam,
588 1966 611 1985 et
624 1969 706 1986 canem
718 1961 854 1987 remordere
879 1961 951 1987 Idem
971 1962 1035 1988 ibid.
1049 1971 1078 1995 2,
1095 1970 1135 1994 34.
1243 1962 1291 1986 Re-

250 2000 350 2029 peterc,
369 1993 618 2028 [ἀναμιμνήσκεσθαι
626 1995 691 2030 ]pr0
704 1995 847 2022 Recordari.
876 1997 944 2023 Suet.
960 1997 991 2023 de
999 1998 1069 2023 Clar.
1078 1997 1167 2023 Grani.
1176 2005 1197 2021 c.
1206 2003 1233 2029 17
1248 1997 1292 2022 Me

252 2028 361 2064 quidem
375 2028 576 2059 adolescentulo,
585 2036 675 2062 repeto
688 2031 818 2063 quendam
832 2032 981 2066 Principem
995 2033 1103 2058 nomine
1117 2032 1224 2058 alternis
1238 2032 1292 2056 ilie-

251 2065 301 2092 bus
316 2065 470 2097 declamare,
485 2064 592 2090 alternis
606 2065 745 2098 disputare.
816 2067 966 2097 Subauditur
974 2066 1114 2100 Memoris,
1133 2073 1160 2093 υι
1170 2067 1231 2092 Plin.
1247 2068 1292 2099 Ep.

252 2109 276 2134 3,
292 2109 304 2133 ς
325 2100 425 2133 Repeto
440 2108 482 2125 me
497 2105 647 2134 correptum
661 2100 693 2126 ab
708 2109 739 2126 eo
752 2109 799 2127 cur
817 2102 995 2129 ambularem.

251 2145 296 2168 20,
310 2144 349 2167 193
368 2135 464 2161 Audiet
478 2141 503 2161 ct
516 2142 642 2168 repetens,
659 2144 725 2169 quae
739 2135 787 2162 sint
800 2137 889 2163 audita
903 2145 948 2163 etc.
1021 2139 1093 2163 Plene
1106 2138 1160 2162 Cic.
1173 2137 1204 2162 dc
1220 2138 1294 2163 Orat.

253 2180 273 2203 i,
283 2180 293 2197 ι
316 2170 452 2204 Cogitanti
466 2170 534 2196 mihi
547 2171 619 2204 saepe
628 2180 739 2197 numero
752 2178 777 2197 et
790 2173 918 2199 memoria
927 2179 1015 2199 vetera
1029 2172 1293 2206 repetenti,perbeati

252 2207 328 2233 fuisse
341 2206 441 2239 Qiinte
456 2205 545 2237 frater,
560 2206 601 2232 illi
617 2206 704 2232 videri
718 2207 811 2238 solent,
831 2208 879 2241 qui
892 2215 939 2234 etc.
993 2208 1063 2243 conf.
1083 2208 1141 2233 Sen.
1155 2206 1233 2240 Epist.
1257 2215 1293 2232 10.

253 2243 310 2269 Cic.
325 2241 457 2275 proArch.
470 2249 479 2267 1
500 2241 571 2267 Nam
585 2241 673 2274 quoad
685 2241 828 2274 lougissime
842 2244 923 2276 potest
942 2252 1014 2269 meus
1027 2251 1085 2268 mea
1100 2242 1227 2275 respicere
1241 2242 1294 2274 spa-

1360 1963 1408 1990 Sed
1416 1961 1498 1998 postea
1517 1965 1631 1995 exilium,
1661 1966 1679 1989 i.
1700 1972 1776 1998 aquae
1794 1969 1817 1989 et
1834 1967 1903 1999 ignis
1915 1964 2114 1992 inierdfflmzem
2131 1965 2209 2002 f¹¹¹ffi⁷
2226 1966 2285 1993 huic
2294 1969 2377 1995 m‘ni‘nnsf

1353 1997 1513 2033 propositam,
1525 1996 1630 2030 ostendit
1645 2000 1787 2031 Manutius,
1801 1999 1944 2035 praefiwim
1957 2010 1985 2026 cx
1998 2002 2130 2029 Ascon.ad
2146 2004 2213 2029 Veri·
2228 2011 2249 2034 i,
2264 2007 2276 2032 8
2290 2011 2322 2036 (13
2336 2001 2372 2030 vbi

1359 2033 1517 2072 supplicium
1536 2043 1692 2065 commune,
1715 2044 1761 2069 qno
1782 2038 1865 2061 mitur
1878 2036 1977 2069 Cicero,
1995 2039 2175 2072 inteipretatur
2193 2035 2376 2064 aestimationem

1360 2070 1414 2095 litis
1429 2075 1454 2095 et
1468 2069 1588 2097 exilium.
1705 2070 1762 2097 Val.
1775 2071 1844 2096 Max.
1859 2079 1883 2103 9,
1898 2081 1932 2103 12,
1947 2081 1959 2104 7
1978 2071 2006 2099 C.
2021 2073 2140 2099 Licinius
2155 2074 2257 2106 Macer,
2275 2073 2380 2106 vii-prae.

1064 2104 1105 2129 Sic
1118 2102 1198 2128 Ouid.
1214 2102 1284 2135 Epist
1310 2111 1339 2136 55
1361 2105 1454 2134 torius,
1473 2105 1549 2130 Calui
1565 2111 1647 2138 pater,
1667 2105 1870 2138 repetundarum
1882 2116 1950 2138 reiis,
1965 2107 2026 2133 duni
2042 2109 2182 2135 sententiae
2199 2107 2385 2140 dietrami-‚in

1360 2140 1532 2167 Moenianiim
1549 2139 1707 2165 conscendit.
1777 2140 1913 2172 Siquidem
1934 2151 1991 2167 cuin
2005 2144 2223 2175 M.Cicei·oneni,
2245 2143 2292 2178 qui
2310 2143 2386 2176 idju·

1360 2175 1459 2201 dicium
1468 2175 1587 2208 cogebat,
1596 2180 1754 2207 praetextam
1770 2181 1910 2206 ponentem
1922 2176 2035 2208 vidiss‘ess
2050 2179 2120 2205 milit
2134 2181 2164 2204 ad
2180 2189 2248 2210 eum,
2268 2179 2314 2213 qui
2327 2177 2387 2205 dice-

1361 2215 1412 2241 ret‚
1430 2211 1455 2235 se
1472 2219 1526 2235 non
1545 2211 1712 2240 damnatum,
1730 2209 1773 2235 scd
1791 2218 1865 2235 reum
1881 2211 1998 2243 periiffe,
2019 2221 2066 2237 nec
2089 2214 2130 2238 sua
2145 2213 2214 2240 bona
2227 2215 2312 2241 hastae
2330 2213 2392 2249 poffe

1363 2244 1472 2271 subiici:
1492 2252 1521 2269 ac
1536 2243 1655 2277 protinus
1670 2244 1784 2275 sudario,
1800 2245 1870 2277 quod
1885 2245 1953 2271 forte
1968 2245 1996 2271 in
2010 2255 2087 2272 manu
2102 2247 2224 2280 habebat,
2244 2260 2290 2276 ote
2305 2256 2330 2276 et
2342 2250 2395 2275 fau-

251 2278 320 2304 tiiim
335 2276 471 2311 praeteriti
489 2276 624 2311 temporis,
643 2283 667 2301 ct
688 2277 817 2310 pueritiae
835 2279 992 2304 memoriam
1011 2276 1147 2304 recordari
1165 2276 1297 2308 vltiuiaiii,
1312 2270 1347 2294 60
1365 2279 1439 2305 cibus
1454 2278 1601 2310 coarctatis,
1620 2279 1719 2304 incluso
1732 2280 1825 2312 spiritu
1838 2289 1948 2312 poenam
1961 2288 2045 2307 morte
2059 2286 2210 2316 praecurrit.
2230 2293 2279 2317 qua
2294 2284 2395 2319 cognita

253 2313 316 2340 inde
331 2322 412 2346 vsque
426 2318 544 2346 repetens
560 2311 626 2337 hunc
644 2312 735 2343 video,
748 2318 792 2338 etc.

290 2356 309 2375 R
319 2355 334 2375 13
344 2354 381 2374 Pis
392 2355 413 2374 'r
425 2355 440 2374 E
454 2355 506 2380 Rs,
528 2348 605 2374 entis.
627 2348 699 2382 Virg.
710 2348 771 2373 Aen.
782 2355 802 2379 i,
815 2350 872 2381 376.
886 2355 909 2373 et
927 2357 961 2378 12,
974 2357 1032 2382 439.

289 2390 310 2410 Κ
321 2390 337 2409 E
346 2390 360 2409 P
371 2390 414 2410 iii*
427 2390 440 2408 fi
451 2390 471 2409 Ν
482 2390 499 2409 D
511 2390 550 2409 vs
560 2392 598 2415 ‚a‚
607 2392 661 2409 um.
682 2383 775 2409 Partic.
811 2384 984 2417 [ἐπαιτητέος]
998 2391 1037 2415 vr,
1055 2383 1145 2410 Terra
1158 2389 1293 2416 uunquam

253 2420 393 2454 repetenda
413 2419 493 2446 Ouid.
508 2420 571 2445 Met.
589 2427 623 2451 13,
637 2426 700 2454 947.
773 2419 889 2445 Vulnera
902 2419 1043 2453 repetenda
1057 2419 1101 2445 Sil.
1115 2421 1141 2449 6,
1155 2426 1208 2449 320.
1244 2416 1297 2442 uid.

253 2465 308 2482 mox
332 2461 348 2480 R
357 2461 372 2481 Ε
381 2462 394 2481 P
402 2461 616 2482 ETVNDARVM.

291 2498 310 2517 R
320 2498 335 2517 E
349 2497 363 2516 P
375 2498 391 2517 E
401 2497 421 2516 T
432 2493 443 2516 ἶ
454 2497 475 2516 Τ
487 2497 507 2515 V
517 2498 541 2522 S,
560 2498 583 2522 a,
599 2499 653 2515 iim.
673 2490 743 2515 aliud
763 2489 856 2516 Partlc.
893 2487 1113 2523 [ἕπειναληφὲεἶς]
1150 2486 1298 2521 vid-silphi.

256 2526 305 2552 Per
317 2535 389 2552 arma
409 2527 533 2560 repetitus
549 2525 628 2552 Ouid.
639 2525 762 2559 i-jpist.16‚
777 2534 831 2559 341.
920 2524 1013 2552 Clades
1026 2524 1137 2558 repetita
1159 2522 1252 2548 Claud.
1268 2521 1299 2547 de

255 2561 321 2589 Bell.
336 2562 395 2588 Get.
409 2567 464 2595 284.
573 2561 714 2588 Diuinatio
728 2563 763 2588 est
778 2561 810 2588 ab
823 2560 898 2587 omni
912 2561 1064 2587 aeternitate
1079 2565 1189 2593 repetita
1203 2557 1299 2584 eunde

256 2597 347 2623 Diuin.
357 2605 375 2629 i,
390 2604 425 2629 23.
498 2597 586 2623 Eintio
601 2597 712 2631 repetita
732 2596 872 2630 dicitur,st
888 2606 914 2623 re
934 2596 1036 2622 vendita
1044 2602 1128 2630 pretio
1142 2593 1298 2628 nondum-sn-

1361 2323 1400 2343 re,
1421 2315 1516 2339 Cicero
1527 2314 1557 2339 de
1571 2323 1603 2339 eo
1617 2313 1685 2339 nihil
1700 2314 1892 2347 pronuntiauit.
1949 2317 2066 2343 Ponanms
2079 2317 2157 2344 adhuc
2171 2328 2241 2344 uuum
2256 2322 2332 2345 focum
2342 2320 2397 2346 Cic.
2417 2320 2420 2338 ¹

1362 2357 1411 2383 pro
1420 2348 1549 2377 C.Rabir.
1559 2348 1624 2374 Post.
1633 2358 1653 2374 c.
1664 2358 1680 2381 9
1693 2358 1714 2374 c.
1723 2358 1740 2381 4
1766 2349 1891 2375 Accusaiii
1904 2348 1935 2375 de
1949 2351 2065 2384 pecuniis
2077 2353 2235 2386 repetundis,
2244 2354 2322 2380 iudex
2336 2354 2400 2386 sedi,
2417 2376 2419 2382 ,

1364 2389 1469 2418 praetor
1487 2383 1620 2417 quaestui,
1640 2383 1746 2409 defendi
1768 2384 1910 2417 plurimos:
1929 2386 2000 2411 nulla
2019 2395 2093 2420 pars,
2111 2396 2176 2420 quae
2193 2389 2305 2421 aliquam
2318 2390 2399 2416 facul-

1363 2425 1442 2446 tatem
1458 2418 1572 2444 diicendi
1595 2418 1645 2451 (fic
1657 2420 1702 2454 leg.
1713 2426 1762 2453 pro
1775 2419 1901 2453 dicendi)
1919 2421 2012 2446 afferre
2025 2423 2114 2454 posset,
2132 2431 2185 2449 non
2197 2431 2254 2448 mea
2267 2424 2326 2449 fuit.
2361 2425 2401 2450 Ita

1315 2449 1347 2479 65
1365 2453 1507 2486 contendo,
1519 2455 1802 2487 Nuuinexuvnquam,
1822 2463 1876 2488 quo
1895 2463 1925 2480 ea
1942 2458 2050 2489 pecunia
2064 2459 2234 2491 perueiiii'iet,
2250 2458 2349 2483 causam
2362 2458 2401 2485 di-

1365 2491 1438 2522 xisse,
1459 2491 1505 2523 qui
1520 2491 1547 2514 in
1562 2489 1726 2515 aestimandis
1739 2489 1831 2516 litibus
1844 2490 1984 2524 appellatus
1997 2500 2051 2517 non
2064 2494 2130 2520 ess'et.
2167 2494 2198 2519 In
2211 2493 2302 2520 litibus
2315 2499 2400 2520 autem

1365 2534 1443 2552 nemo
1457 2524 1644 2559 appellabatur,
1659 2525 1707 2550 nili
1721 2533 1752 2551 ex
1765 2525 1868 2551 testium
1883 2525 1975 2556 dietis,
1985 2533 2030 2552 etc.
2387 2543 2389 2545 -

1402 2567 1446 2587 RE
1458 2567 1472 2585 r
1484 2567 1500 2586 F,
1510 2567 1531 2585 T
1542 2568 1550 2586 1
1562 2566 1578 2586 c
1591 2567 1627 2586 iv
1637 2567 1659 2586 s.
1683 2560 1736 2586 vid.
1754 2566 1946 2586 REPETiCIVS
1966 2565 1992 2586 in
2007 2568 2097 2589 Rssro.

1403 2603 1421 2622 R
1432 2602 1447 2621 E
1457 2602 1489 2621 1³1
1504 2601 1525 2621 G
1540 2601 1562 2620 N
1575 2595 1654 2626 {RQ
1669 2599 1722 2621 Ere.
1760 2595 1963 2630 [ἄνεγχυριάξω]
2001 2598 2097 2633 Pignus
2110 2601 2215 2638 recipere
2223 2598 2305 2634 Jbluto
2319 2567 2390 2634 pr*
2406 2606 2408 2622 1

254 2633 317 2665 Iuro,
335 2636 463 2659 conueniat
474 2636 540 2659 inter
554 2633 734 2665 contrahentes,
747 2640 775 2658 υι
789 2632 928 2667 discedatur
941 2631 971 2658 ab
991 2640 1017 2657 ea
1036 2630 1190 2661 venditam,
1208 2636 1230 2655 e!
1246 2638 1300 2655 con·
1313 2632 1348 2661 70
1367 2632 1463 2666 leian
1486 2632 1524 2657 tit.
1534 2630 1715 2662 Commodati,
1728 2630 1778 2656 LSi
1786 2637 1814 2656 vt
1829 2638 1901 2657 certo
1909 2630 1932 2669 §.
1951 2632 2030 2658 Nunc
2039 2632 2227 2666 videuduiu‚in
2240 2634 2337 2668 quibus
2347 2635 2393 2669 sp'e·

252 2665 324 2701 fistat
333 2667 451 2703 frunda,
465 2675 488 2694 et
499 2667 566 2704 quast
578 2669 627 2694 alm
642 2678 689 2694 mm
702 2667 867 2702 pracctffirie.
920 2668 972 2694 vid.
982 2668 1109 2701 Poinpon.
1118 2666 1134 2692 l.
1143 2674 1157 2692 2
1171 2665 1197 2690 ff.
1206 2664 1252 2704 *de*
1262 2673 1302 2691 re-

256 2703 336 2730 scind.
351 2704 427 2730 vend.
553 2704 666 2730 Exordia
681 2705 791 2738 repetita
806 2703 893 2738 Sil.7,
912 2711 966 2736 4³5.
1074 2702 1138 2728 Loci
1158 2710 1189 2727 cx
1205 2708 1300 2726 iimina

258 2739 607 2772 quaestionumnaturalium
623 2739 767 2766 subtilitate
781 2739 888 2774 repetiti
908 2737 1069 2772 Qiintffils,
1083 2747 1131 2777 4‘..
1147 2738 1201 2763 Cic.
1215 2736 1241 2762 in
1257 2737 1300 2762 Pa-

255 2775 311 2801 rad.
326 2785 343 2807 4
366 2775 430 2802 Eiset
443 2775 510 2805 iuris
531 2781 555 2800 et
570 2776 709 2809 aequitatis
736 2778 820 2809 (quae
840 2775 944 2801 vincula
960 2776 1017 2800 sunt
1030 2774 1164 2803 ciuitatis)
1187 2772 1299 2806 repetita

256 2819 394 2836 memoria.

253 2853 283 2873 vl
295 2844 450 2878 reJlituatur,
464 2849 507 2881 qui
520 2844 628 2872 descetus
642 2847 683 2880 ςΙῚ.
738 2847 833 2873 Succus
845 2847 971 2880 repetitus
985 2844 1104 2871 Scribon.
1119 2850 1155 2875 83.
1178 2847 1195 2870 i.
1211 2846 1299 2869 iterum

256 2881 338 2908 datus.
445 2881 659 2916 Semicremoque
673 2889 754 2908 nouat
767 2881 910 2916 repetitum
923 2881 1011 2914 stipite
1023 2880 1119 2906 vulnus
1133 2879 1214 2905 Ouid.
1233 2879 1298 2904 Met.

256 2925 295 2948 12,
310 2921 340 2946 28
362 2936 368 2943 .

292 2959 310 2978 R
320 2924 363 2978 Ei*
376 2957 422 2978 ΕΤ
432 2959 441 2977 1
454 2957 476 2977 Τ
488 2958 508 2977 V
520 2957 533 2977 s
544 2972 552 2984 ‚
573 2950 612 2978 sis.
630 2961 666 2978 m.
703 2952 797 2979 Pedato
817 2951 929 2987 positum
944 2959 992 2986 pro
1010 2950 1123 2985 repetitu
1143 2949 1186 2976 vel
1203 2949 1298 2976 accessu

256 2986 326 3022 quasi
341 2996 386 3021 per
401 2986 492 3021 pedem
510 2988 663 3021 Non,i,325.

290 3030 309 3049 R
319 3029 356 3049 ΕΡ
367 3029 383 3048 Ε
397 3029 419 3048 Τ
432 3023 444 3049 f
454 3030 474 3048 T
485 3030 503 3047 O
512 3030 530 3049 R
540 3043 548 3055 ‚
569 3024 632 3049 oris.
652 3033 686 3049 iii.
705 3022 874 3058 [ἐπαιτητῆς]

255 3059 354 3092 petitor
367 3058 446 3085 Ouid.
455 3058 532 3092 Epist.
542 3064 564 3089 8,
579 3068 615 3092 ¹9·

294 3101 311 3120 R
322 3101 337 3120 E
347 3102 360 3119 r
371 3101 386 3120 E
396 3101 416 3120 T
426 3102 441 3120 i:
452 3101 473 3119 N
484 3100 524 3119 Ti
537 3101 558 3121 A
568 3115 576 3127 ‚
593 3104 631 3120 ae.
651 3094 670 3120 f.
691 3093 942 3128 [ἐπανάληψιςῦΙοῐΓ.
961 3093 1111 3119 Lat.Gi-aec.
1119 3093 1131 3126 ]
1140 3090 1296 3122 Recordaiio,

257 3135 281 3154 et
293 3132 407 3155 memoria
421 3130 523 3156 Lucret.
537 3139 559 3161 3,
574 3133 624 3164 864
643 3131 789 3164 Interrupta
805 3130 881 3156 semel
901 3139 983 3163 quum
997 3130 1026 3156 sit
1038 3128 1182 3162 repetentia
1202 3127 1297 3152 nostra.

257 3165 385 3191 Amittere
400 3166 573 3198 repetentiam
593 3166 713 3200 priorum
729 3165 850 3193 Arnob.2
867 3168 938 3200 p.6i.

257 3199 361 3227 trahere
372 3200 445 3226 Idem
459 3199 495 3226 ib.
508 3209 532 3234 p.
542 3204 580 3226 62.

294 3242 311 3261 R
321 3243 336 3262 E
347 3243 360 3262 P
369 3242 385 3261 E
394 3241 513 3262 TITIO
523 3255 531 3267 ,
551 3236 617 3262 fanis.
638 3235 657 3262 f.
694 3235 848 3268 [inus-rnen,
861 3235 1019 3271 ἔπαναφοροὲ]
1065 3235 1122 3262 Cic.
1136 3235 1167 3261 de
1181 3234 1255 3260 Orzit.
1273 3241 1297 3265 3,

259 3278 310 3302 204
328 3279 388 3303 054
407 3271 436 3297 Et
450 3270 566 3297 eiusdem
582 3272 659 3298 verbi
673 3271 765 3298 crebra
786 3278 842 3298 tum
855 3280 870 3297 a
883 3271 971 3306 primo
985 3272 1126 3306 repetitio,
1142 3277 1199 3296 tuin
1212 3270 1240 3295 in
1254 3277 1297 3294 ex—

260 3309 372 3331 tremum
385 3306 530 3335 conuersi0.

951 3029 989 3055 vr,
1007 3021 1132 3049 Ademtae
1145 3025 1240 3055 nuptae
1258 3028 1298 3046 re-

298 3345 316 3364 R
329 3347 367 3366 131³
376 3347 391 3365 F.
399 3349 420 3367 T
428 3349 448 3367 V
457 3350 479 3368 N
490 3348 508 3367 D
517 3349 538 3369 Α
549 3348 568 3368 R
577 3349 598 3368 V
607 3349 642 3374 M,
657 3341 830 3376 Repetiindis:
849 3341 892 3368 hos
900 3341 958 3368 iiiios
971 3348 1068 3368 tantum
1078 3341 1147 3377 casus
1162 3338 1296 3376 agnoscunt
1308 3340 1342 3364 90

261 3376 438 3401 Grammatici:
454 3387 506 3403 cum
525 3388 552 3404 re
565 3376 684 3410 uerastut
697 3381 790 3413 integri
800 3379 934 3412 Parrictpn‘
944 3378 1105 3412 Repetendus
1114 3378 1152 3403 ve!
1166 3377 1296 3409 Repetun—

264 3411 320 3436 dus.
362 3412 636 3445 Nempe{pecuniarum
648 3413 851 3446 repetundarum
861 3433 868 3444 ,
889 3415 928 3438 vel
946 3414 973 3438 cle
987 3412 1136 3447 repetundis
1151 3411 1269 3444 pecuniis
1281 3419 1296 3436 a

254 3447 452 3481 prouincialibus·
465 3450 592 3483 accusati-cr
607 3453 639 3481 is,
659 3452 700 3483 qui
710 3449 809 3484 praeses
818 3451 964 3482 prouinciae
976 3450 1070 3475 alienos
1078 3451 1196 3483 pecunias
1208 3453 1251 3472 aut
1264 3448 1301 3476 vi,

261 3487 305 3507 ant
318 3480 438 3514 dolosum
446 3482 522 3515 sccii.
582 3484 650 3510 Vnde
664 3485 810 3510 Marcianus
825 3485 839 3510 l.
852 3493 860 3510 i
871 3483 895 3508 ff.
905 3483 936 3509 ad
946 3485 972 3510 L.
982 3484 1020 3509 lul
1043 3483 1207 3517 repetiindar.
1242 3482 1296 3507 Lex

261 3516 327 3543 Iulia
342 3516 543 3550 repetundarum
563 3521 675 3551 pertinet
695 3520 727 3546 ad
748 3528 788 3546 eas
802 3519 934 3559 pecunias,
948 3528 1010 3553 quas
1025 3520 1083 3553 quis
1098 3520 1126 3545 in
1139 3516 1298 3551 magistratu,
1313 3518 1344 3544 95
1365 3522 1429 3549 tosta
1449 3530 1526 3548 carne
1539 3520 1620 3547 Ouid.
1634 3521 1697 3547 Met.
1713 3528 1749 3551 12,
1765 3521 1816 3551 156,

261 3551 540 3590 potestate,curati0uc‚
550 3554 728 3587 legationem&
736 3555 789 3581 alio
797 3555 1015 3588 ofhciomumcre,
1024 3555 1207 3581 miuisterioue
1215 3552 1300 3586 publi-

261 3596 292 3613 co
306 3588 438 3621 cepit‚vel
447 3596 505 3613 cum
519 3597 550 3613 ex
564 3590 670 3616 cohorte
680 3592 854 3618 cuiuscoruui
866 3592 910 3617 cst.
929 3590 1187 3618 CaeterumPecuniae
1195 3591 1300 3620 nominc,

263 3626 351 3654 omnia,
365 3623 449 3657 quibus
462 3623 566 3649 diuitiae
580 3625 700 3657 constant,
713 3630 879 3658 continentur,
892 3633 919 3652 vt
934 3626 1128 3662 uiisuprct1tgslx,
1142 3623 1228 3657 vestes,
1237 3624 1299 3659 sru-

262 3664 377 3689 mentum,
393 3661 493 3694 nauigia
506 3665 551 3684 etc.
614 3661 642 3685 Et
655 3670 703 3686 rrm
712 3681 719 3692 ,
737 3669 759 3688 rt
772 3665 879 3688 nominis
891 3665 1011 3688 rationem
1019 3662 1087 3698 satis
1102 3663 1209 3696 explicat
1242 3660 1297 3686 Cic.

265 3692 327 3719 Diu.
342 3693 368 3718 iu
384 3694 458 3719 Caec.
474 3702 502 3727 ¹7
521 3701 544 3720 et
561 3699 584 3723 18
599 3703 640 3726 ιτς
659 3696 724 3721 Illud
739 3707 903 3731 quaeramus,
940 3712 985 3717 ——
1026 3696 1119 3731 ecquid
1133 3695 1297 3722 auftoritatis
1308 3702 1355 3719 100
1364 3698 1447 3732 replet
1464 3698 1536 3724 Idem
1551 3699 1613 3723 Met.
1623 3706 1642 3730 i,
1655 3702 1706 3729 338.

263 3727 330 3761 apud
348 3729 427 3753 vosin
442 3730 488 3754 suo
505 3729 560 3755 liii'e
569 3731 713 3763 repetundo
723 3733 971 3768 sociiPopuliRoni.
998 3748 1043 3753 --
1062 3732 1158 3758 habere
1173 3730 1291 3757 debeant.

265 3778 309 3782 ——
329 3764 398 3797 quati
414 3772 477 3789 vero
491 3764 599 3790 dubium
614 3765 653 3798 sit,
672 3767 735 3799 quin
750 3774 802 3794 tota
818 3770 859 3795 lex
873 3769 905 3795 de
919 3769 1036 3803 pecuniis
1048 3767 1200 3802 repetundis
1215 3767 1297 3793 socio-

263 3807 322 3825 rum
335 3799 406 3823 causa
421 3799 557 3826 constituta
569 3800 607 3826 lit.
698 3802 766 3827 Nam
781 3803 884 3831 ciuibus
900 3814 960 3832 cum
979 3804 1027 3830 sint
1040 3810 1144 3838 ereptae
1162 3803 1298 3836 pecuniae,

265 3833 338 3860 ciuili
354 3834 407 3859 sere
420 3834 523 3861 afflone
537 3842 562 3861 et
576 3836 678 3870 priuato
695 3837 751 3863 iure
772 3847 932 3873 repetuntur.

988 3841 1060 3866 Haec
1075 3839 1115 3865 lex
1136 3838 1238 3865 socialis
1252 3839 1297 3868 est,

263 3869 313 3896 hoc
326 3870 367 3896 ius
381 3870 518 3896 nationum
529 3876 677 3898 exterarum
691 3872 742 3898 est:

502 2811 618 2837 Poffeffio
638 2811 749 2845 repetita
768 2820 813 2845 per
835 2811 1007 2837 interdifhun
1031 2810 1087 2835 Cic.
1103 2818 1150 2842 pro
1158 2809 1262 2834 Caecin.
1272 2816 1297 2840 9.
1313 2805 1346 2833 75
1364 2812 1421 2837 Alii
1434 2812 1518 2846 legunt
1539 2808 1717 2843 Repignoras,
1741 2814 1765 2835 et
1779 2809 1985 2844 Repignorandi,

885 3875 974 3902 Sicilia
988 3881 1061 3907 tota,
1083 3874 1101 3901 fi
1114 3884 1164 3902 vna
1180 3882 1245 3902 voce
1257 3875 1296 3901 lo·
1313 3879 1356 3906 103
1366 3875 1489 3902 iudicata.

1368 2667 1457 2694 ciebus
1472 2667 1642 2693 Conuiiodati
1656 2666 1727 2692 aetio
1741 2666 1828 2692 locum
1842 2666 1949 2693 habeat:
1974 2673 2000 2693 et
2011 2668 2046 2694 est
2061 2668 2128 2703 apud
2142 2677 2242 2696 veteres
2262 2669 2295 2697 de
2314 2667 2394 2698 buim-

1368 2703 1441 2730 modi
1458 2702 1590 2738 speciebus
1608 2701 1768 2728 dubitatum.
1815 2702 1880 2728 Rem
1895 2702 1946 2729 tibi
1959 2702 2038 2735 dedi,
2055 2710 2084 2731 vt
2095 2705 2222 2732 creditori
2236 2711 2282 2731 tuo
2298 2705 2396 2739 pignori

1367 2739 1456 2766 dares:
1474 2738 1578 2769 dedisti,
1596 2746 1651 2763 non
1665 2738 1832 2771 repigneras,
1853 2744 1880 2764 vt
1896 2738 1965 2765 mihi
1978 2738 2078 2767 reddas.
2185 2741 2270 2767 Paullo
2283 2741 2354 2776 pff,
2365 2741 2396 2767 ‘Si

1366 2784 1381 2801 a
1396 2784 1437 2801 me
1449 2775 1524 2808 culpa
1536 2772 1803 2807 ablitrepignerandi‚
1821 2773 1937 2801 creditor
1951 2780 2035 2801 autem
2048 2775 2117 2801 nolit
2129 2775 2239 2803 reddere
2249 2777 2396 2811 pignus,e!c.

2021 2809 2123 2844 Festrm,
2141 2811 2253 2838 Reluere
2262 2832 2270 2844 ,
2291 2812 2396 2844 soluere,

1361 2846 1538 2880 repignerare.
2376 2858 2379 2861 ·

1401 2889 1419 2907 R
1428 2888 1468 2907 Ei>
1480 2889 1486 2907 1
1497 2887 1516 2906 G
1527 2887 1543 2906 R
1554 2887 1572 2906 o
1582 2899 1588 2908 .
1607 2884 1659 2906 are.
1712 2879 1864 2908 Retardare,
1937 2880 2012 2916 Apul.
2026 2882 2091 2908 Met.
2103 2886 2115 2911 8
2130 2890 2154 2915 p.
2164 2887 2211 2912 208
2232 2883 2291 2917 Ipso
2302 2881 2407 2909 lumine
2420 2889 2422 2892 ’

1365 2916 1483 2943 dirarum
1498 2915 1639 2942 bestiarum
1660 2916 1809 2951 repigratur
1829 2917 1950 2951 impetus.
1978 2917 2048 2953 conf.
2063 2917 2135 2943 Zeno
2151 2918 2250 2946 Veron.
2270 2919 2351 2945 Serm.
2369 2916 2411 2944 del

1363 2952 1510 2979 Resurreu.
1523 2961 1543 2977 c.
1557 2960 1587 2982 13.
2373 2962 2385 2974 2'

1401 2995 1420 3015 R
1429 2995 1445 3014 Ε
1455 2995 1469 3014 Ρ
1478 2995 1487 3013 1
1498 2993 1517 3013 G
1531 2993 1548 3012 R
1561 2989 1582 3013 Ᾰ
1593 2993 1614 3013 Τ
1624 2993 1644 3012 v
1655 2992 1667 3012 S
1677 3006 1684 3018 ,
1702 2995 1726 3018 a,
1740 2995 1793 3013 um.
1819 2988 1896 3021 Apul.
1908 2989 1973 3015 Met.
1988 2996 1997 3014 i
2012 2997 2037 3022 p.
2046 2991 2090 3014 106
2107 2987 2224 3022 Obsepto
2237 2993 2314 3014 vtero
2326 2986 2411 3020 etse-⁷·

1366 3024 1470 3058 pigrato
1484 3023 1567 3049 foetu.
1675 3023 1752 3048 Mart.
1763 3023 1867 3057 Capella
1877 3034 1885 3050 i
1899 3033 1922 3058 p.
1932 3033 1954 3055 ¹3
1971 3023 2123 3050 Stimulabat
2140 3023 2285 3058 paullulum
2299 3025 2409 3056 Iouem„

1365 3069 1398 3085 ne
1421 3059 1511 3085 vxoris
1525 3057 1661 3090 Cyllcnius
1681 3057 1781 3084 fotibus
1800 3060 1959 3094 repigratus‚
1976 3059 2140 3085 somnolento
2161 3068 2266 3093 repente
2284 3067 2411 3086 marcent

1363 3101 1494 3130 torperet,
1509 3101 1534 3120 et
1547 3095 1598 3119 iani
1614 3093 1697 3120 veluti
1712 3093 1828 3121 maritali
1842 3095 1977 3122 vacatione
1989 3095 2098 3121 feriatus
2113 3095 2254 3121 discursare
2269 3094 2316 3121 sub
2329 3103 2409 3130 prae·¹

1053 3165 1075 3190 R
1186 3165 1191 3168 .
1254 3162 1269 3188 d
1315 3156 1345 3185 83
1365 3137 1445 3165 ceptis
1460 3129 1604 3157 Iouialibus
1623 3130 1760 3156 recusaret.

1079 3170 1236 3199 epetentiam
1272 3171 1297 3188 c-

1399 3174 1418 3193 R
1430 3172 1444 3191 Ε
1453 3172 1467 3191 Ρ
1478 3172 1486 3191 1
1497 3171 1517 3191 G
1529 3173 1546 3191 R
1559 3173 1564 3189 1
1575 3173 1596 3191 'r
1608 3172 1614 3189 i
1627 3171 1646 3190 o
1657 3171 1675 3191 R
1688 3165 1755 3200 apud
1770 3162 1930 3191 Marcianum
1939 3164 2070 3199 Capellam
2079 3166 2164 3201 paullo
2171 3164 2228 3201 pqsl
2241 3166 2320 3192 locum
2332 3162 2396 3192 modo
2407 3173 2416 3187 ¹¹

1362 3202 1499 3228 indicatum
1507 3207 1524 3226 R
1531 3208 1545 3227 Γ
1552 3207 1567 3226 P
1574 3208 1580 3225 1
1586 3207 1627 3227 GR
1634 3207 1720 3227 ATVS
1728 3200 1807 3226 eadem
1815 3200 1949 3235 sententia.
2399 3198 2403 3203 “

1399 3245 1417 3264 R
1428 3244 1442 3263 ε
1452 3244 1515 3269 Ρ1,Ν
1524 3242 1543 3262 G
1556 3242 1584 3262 0.
1611 3236 1663 3262 vid.
1679 3242 1846 3262 REPANGO.

1398 3280 1417 3299 R
1430 3279 1446 3299 E
1457 3279 1471 3298 P
1483 3279 1499 3299 i.
1510 3279 1531 3298 A
1540 3279 1552 3298 s
1562 3279 1585 3298 M
1597 3279 1615 3298 o
1624 3291 1631 3303 ,
1653 3276 1704 3298 are.
1737 3271 1766 3298 de
1780 3281 1839 3298 nouo
1847 3270 1972 3307 formare,
1984 3273 2003 3297 i.
2017 3277 2108 3297 creare.
2137 3269 2302 3304 Replasmare
2315 3268 2397 3298 hoini-
2414 3279 2416 3283 ·

1360 3318 1421 3335 nem
1437 3309 1495 3334 Vct.
1510 3309 1621 3342 Interpr.
1636 3308 1704 3333 Iren.
1722 3317 1743 3339 3,
1758 3316 1797 3336 20.

1399 3351 1418 3370 R
1431 3351 1446 3370 E
1456 3351 1471 3370 Ρ
1481 3350 1521 3369 LA
1531 3351 1550 3369 v
1560 3350 1578 3369 D
1592 3350 1622 3373 o,
1637 3344 1689 3369 ere.
1728 3343 1797 3368 Hinc

1397 3387 1416 3406 R
1425 3387 1440 3406 E
1452 3385 1467 3404 P
1479 3385 1495 3405 L
1506 3386 1524 3405 Α
1537 3386 1556 3404 v
1568 3385 1585 3404 D
1595 3386 1610 3405 E
1620 3386 1641 3405 Ν
1650 3386 1673 3411 s,
1693 3379 1768 3404 entis.
1815 3373 1892 3408 Apul.
1907 3374 1969 3400 Met.
1991 3383 1999 3400 1
2022 3384 2045 3409 p.
2059 3382 2101 3407 103
2119 3375 2216 3402 Dextra
2229 3377 2347 3405 frontem
2358 3384 2395 3404 re-
2408 3390 2409 3394 =

1363 3415 1496 3450 plaudens.
1544 3416 1574 3440 Et
1588 3415 1643 3440 Met
1662 3417 1678 3440 6
1692 3423 1714 3448 p.
1725 3419 1764 3446 ¹83
1785 3409 1956 3445 Qnadrupedi
1971 3411 2046 3437 cursu
2062 3411 2144 3436 solum
2165 3412 2328 3446 replaudens.

1401 3458 1419 3477 R
1429 3458 1445 3477 E
1457 3457 1472 3476 P
1486 3456 1502 3475 L
1514 3456 1529 3475 E
1538 3449 1627 3481 meni,
1636 3454 1716 3478 etum,
1725 3453 1777 3474 εἴτε.
1798 3445 1965 3481 [ἐναπληρίω]
2002 3448 2115 3481 Implerc,
2134 3445 2215 3475 l'laut.
2229 3448 2333 3479 Poen.3‚
2342 3456 2360 3479 3,
2370 3449 2409 3478 88!

1364 3486 1407 3513 Ibi
1428 3492 1453 3512 te
1470 3485 1578 3519 replebo
1596 3493 1678 3518 vsque
1697 3481 1859 3518 vnguentsim
1878 3481 2060 3508 eccheumatis.
2163 3483 2282 3517 Corpora
2299 3483 2409 3518 replere¹

1924 3516 2040 3543 Delubra
2056 3523 2127 3541 mors
2148 3518 2260 3552 replerat
2281 3516 2395 3553 corpori·
2411 3523 2413 3530 ¹

1364 3557 1413 3584 bus
1427 3556 1555 3583 exanimis
1566 3557 1667 3582 Lucret.
1676 3556 1699 3585 6,
1708 3562 1779 3588 1270.
1852 3552 1931 3579 Dolia
1944 3552 2045 3588 replere
2063 3551 2179 3584 Propert.
2189 3563 2209 3585 2,
2219 3563 2236 3584 i,
2250 3556 2294 3588 67.
2347 3553 2395 3581 Do-

1366 3601 1423 3619 mos
1437 3592 1570 3618 exhaustas
1579 3591 1633 3618 Cic.
1649 3590 1681 3616 de
1695 3590 1816 3616 Prouinc.
1831 3589 1908 3615 Cons.
1916 3597 1942 3621 4.
2013 3586 2084 3613 Fossa
2097 3587 2213 3621 repletur
2227 3589 2309 3615 humo
2320 3585 2396 3615 Ouid.

1365 3628 1429 3655 Fast.
1437 3637 1464 3660 4,
1479 3633 1528 3658 8²3·
1631 3626 1738 3652 Femina
1759 3625 1825 3651 laete
1846 3624 1969 3659 repletur,
1984 3630 2050 3656 quae
2066 3624 2168 3656 peperit
2193 3625 2334 3657 λυπεῖς,
2351 3628 2394 3653 811.

1364 3663 1478 3690 Martial.
1494 3671 1519 3697 7,
1536 3671 1563 3694 ¹9
1578 3662 1658 3688 Misto
1673 3662 1788 3695 lagenam
1807 3660 1888 3694 replet
1899 3659 1931 3686 ad
1951 3658 2028 3692 pedes
2046 3658 2118 3684 vino.
2222 3660 2314 3686 Litora
2335 3664 2396 3692 voce

1800 3697 2020 3724 Locuniiruinore
2051 3693 2124 3719 Idem
2139 3703 2170 3720 ex
2185 3695 2259 3722 Pont.
2274 3704 2308 3728 4,
2321 3703 2347 3728 4,
2361 3700 2395 3726 19·

1366 3735 1486 3761 Nemora
1500 3742 1528 3759 ac
1543 3739 1644 3759 montes
1657 3732 1783 3765 siluasque
1796 3732 1895 3766 gemitu
1914 3729 2031 3764 replebat
2051 3729 2154 3755 Lucret.
2164 3738 2191 3762 ς,
2204 3738 2265 3763 990.
2352 3729 2395 3755 Po-

1365 3769 1441 3804 pulos
1457 3769 1526 3795 fama
1539 3768 1656 3802 replebat
1668 3768 1810 3802 multiplici
1826 3769 1943 3794 sermone
1962 3765 2146 3799 Virg.Aen.4,
2161 3770 2212 3797 189.
2283 3763 2395 3792 Tenum

1365 3813 1445 3831 omne
1457 3805 1558 3838 gemitu
1575 3802 1691 3837 replebat
1712 3803 1785 3830 Idem
1803 3802 1900 3833 ibid.2,
1914 3803 1975 3835 679.
2047 3800 2173 3834 Repienn·
2188 3810 2218 3827 cx
2234 3800 2306 3835 lege,
2328 3796 2395 3833 quod

1367 3840 1509 3867 sententiae
1522 3839 1617 3866 iudicis
1632 3837 1700 3864 deest
1719 3839 1824 3873 leian.
1837 3839 1863 3864 in
1878 3837 1894 3862 l.
1904 3845 1921 3869 4
1935 3835 2004 3873 §.Si
2017 3835 2077 3869 quis
2090 3836 2275 3863 condemnatus
2288 3837 2319 3862 D.
2327 3834 2357 3860 de
2368 3840 2396 3859 re

1560 3875 1664 3901 Lucrct.
1679 3883 1704 3907 2,
1717 3883 1758 3908 535
1776 3874 1860 3904 Multa
1873 3872 1935 3899 licet
1948 3880 2043 3907 genere
2060 3872 2107 3898 eise
2123 3872 2151 3898 in
2164 3880 2196 3899 eo
2208 3875 2394 3902 numerumque

1363 3911 1470 3946 repleri.
2289 3904 2392 3933 Risi-1}-
