2434 4156
245 123 304 165 183
608 108 639 147 R
727 108 760 148 E
847 106 873 146 S
1703 103 1735 143 R
1842 106 1877 146 E
1985 107 2013 148 S
2302 116 2364 163 184

246 207 300 226 „um
313 193 472 222 diret‘lionem
484 205 510 222 re
527 200 596 222 ertur
605 214 612 227 ,
634 196 674 222 vel
685 196 827 222 relationem
840 202 1003 230 quamcunque
1015 194 1081 219 adea.
1111 224 1117 230 .
1153 189 1208 216 cic.
1229 196 1278 223 pro
1341 193 1409 220 Prie.
1424 202 1448 228 p.
1464 201 1508 226 ¹49
1526 192 1633 220 Elmenb.
1660 193 1749 221 Paruis
1779 193 1918 228 respiratui
1947 196 2016 223 circa
2044 204 2118 223 nares
2143 200 2169 222 ct
2195 193 2287 222 oculos
2305 194 2365 226 dati.

246 231 323 260 Arch.
332 237 375 265 pr.
395 231 490 264 Quoad
516 231 649 265 ongissime
663 231 745 265 potest
759 239 832 257 niens
845 238 903 256 mea
914 230 1042 264 respicere
1056 228 1165 264 spatuun
1179 231 1278 263 praete·
1338 228 1523 255 foraminibus.

245 266 292 293 riti
307 267 442 301 temporis.
548 266 678 300 QiinGtil.
693 275 718 297 2,
734 274 761 292 12
795 266 827 292 Et
840 274 921 299 quum
935 265 1035 292 Latinis
1047 259 1205 299 studebimus
1219 259 1277 284 lite·
1374 270 1393 290 R
1402 269 1417 289 E
1426 271 1439 291 s
1452 269 1467 290 p
1477 271 1486 289 1
1497 270 1513 289 R
1524 265 1578 290 A‘M
1587 269 1604 289 Ε
1613 269 1646 296 N,
1659 262 1722 290 ῑῃὶς,
1740 272 1767 289 ῃ,
1803 263 1982 301 [ἅγάῃωμα]
2012 272 2061 301 Pro
2075 266 2166 292 Hah-tu
2173 264 2219 300 stu
2232 267 2366 302 meumst·-

244 301 290 332 ris,
303 310 357 327 non
370 301 537 336 respiciamus
551 303 582 328 ad
590 303 708 328 Graecas.
824 300 971 327 Periculum
985 300 1024 337 rei
1038 295 1159 335 venditae
1172 294 1204 321 ad
1216 302 1278 333 ver}-
1339 300 1415 325 ritus.
1451 299 1533 325 Ouid.
1545 300 1608 326 Met.
1623 307 1648 332 2,
1661 304 1706 330 828
1741 298 1894 333 vitalesque
1924 301 1996 335 vias,
2017 308 2044 329 et
2075 300 2245 335 respiramina
2276 273 2366 331 clausit.

247 336 361 363 ditorcm
374 337 450 364 debet
465 337 606 371 respicere,
626 340 644 363 ι’.
656 339 780 372 pertinere
806 336 912 370 leian.
926 336 955 362 in
970 335 988 361 l.
1000 336 1025 360 St
1041 339 1098 370 (11115
1110 339 1173 357 Vina
1187 328 1278 369 VfflJdl-
1301 333 1316 360 5
1338 333 1407 361 Add.
1422 333 1487 360 ibid.
1503 343 1537 368 iz,
1553 343 1608 368 ¹4²·
2288 339 2292 342 ”

248 371 328 405 derit,
342 373 374 399 D.
389 372 421 398 de
435 373 544 407 perii-ul.
557 379 583 399 et
594 381 690 399 comm.
705 372 744 398 rei
759 371 858 397 vendit.
953 371 1024 397 Idem
1038 365 1155 399 ibidem,
1176 367 1280 405 Pericu-
1384 375 1403 396 11
1417 375 1434 395 a
1444 375 1526 396 sP1R
1537 377 1558 397 Α
1568 377 1592 396 M
1601 377 1617 397 r
1626 377 1647 396 N
1656 376 1707 396 Tv
1717 375 1757 402 M,
1770 369 1789 396 i.
1812 378 1840 395 n.
1875 369 2010 404 Angustia.
2025 371 2138 398 Confess‘.
2153 378 2180 406 7,
2193 377 2210 405 7
2229 370 2366 399 Luxamen.

249 407 304 434 lum
317 408 402 435 acoris
416 414 441 434 et
453 408 569 435 mucoris
582 407 613 434 ad
628 408 792 434 venditorem
806 405 958 441 pertinebit.
1028 402 1101 428 Caes·
1116 402 1144 428 B·
1156 402 1216 428 Clu·
1231 408 1253 432 32
1266 406 1281 431 5
1342 408 1398 431 tum
1415 410 1442 431 et
1455 406 1681 440 respiramentum.

248 449 312 469 extr.
336 444 406 470 Toti
419 442 508 470 officio
522 444 658 471 maritimo
673 444 709 469 Μ.
722 442 830 469 Bibulus
842 441 998 476 praepofitus
1011 436 1103 463 cuneta
1114 436 1282 477 administra·
1378 446 1396 465 R
1407 445 1469 467 11:81>
1479 447 1488 466 1
1499 447 1518 467 κ
1530 440 1603 467 Aci?
1612 448 1628 467 L
1637 448 1657 467 v
1666 447 1701 474 M,
1714 440 1733 467 i.
1763 449 1789 467 n.
1826 439 1918 467 Claud.
1931 440 2051 469 Mamert.
2066 451 2093 475 2,
2107 450 2135 468 12
2155 439 2284 467 Redaelae
2301 441 2367 476 paul.

249 478 294 506 bat
309 489 314 504 :
349 478 382 505 ad
397 478 464 505 hunc
479 480 577 506 summa
590 479 696 514 imperii
710 477 872 512 respiciebat.
942 474 1009 513 Mala
1022 473 1066 499 sua
1078 471 1282 507 resp1cere‚C⁰²2·
1344 473 1428 502 lulum
1440 476 1601 510 respiraculo
1613 476 1703 511 pausae
1719 475 1799 503 vires.

242 513 355 548 siderare
374 515 477 542 Lucret.
489 524 518 548 4,
534 523 594 548 1132.
693 514 770 540 Vitae
782 512 914 546 exemplar
926 510 1053 543 respicere
1093 509 1161 534 Hor.
1175 509 1204 534 in
1219 507 1283 533 Arte
1307 511 1337 530 ιο
1379 516 1468 537 RES?
1477 517 1486 536 1
1496 517 1515 537 R
1524 517 1534 536 1
1544 518 1565 537 v
1574 518 1611 543 M,
1623 512 1641 538 i.
1660 521 1686 538 n.
1722 512 1801 538 Gloss.
1815 512 1873 541 Lat.
1885 511 1931 538 Gr.
1944 511 2103 546 Respirium,
2116 509 2225 540 ἅναπνσῆ-

250 550 321 576 Poet.
330 557 381 584 317.
575 547 597 586 q
618 558 630 581 3
664 550 760 579 quat-e,
769 547 916 584 szecdoche
929 543 1039 571 omnibus
1045 543 1105 579 fere
1112 544 1212 579 populis
1219 550 1283 568 com·
1380 550 1401 570 R
1409 551 1446 572 cs
1456 551 1473 572 Ρ
1482 553 1499 572 1.
1509 553 1554 573 EN
1564 552 1582 572 D
1590 553 1606 573 r.
1617 553 1637 574 o
1647 567 1656 579 ,
1668 547 1713 580 ui,
1729 550 1781 574 ere.
1817 549 1828 580 [
1835 548 1976 582 μαρμαίρω,
1989 547 2085 580 ςίλβω]
2130 547 2197 573 Idem
2211 544 2275 581 quod
2286 544 2368 580 Splen.

250 588 335 617 muni,
354 594 406 611 cum
420 584 539 620 respicere
549 593 606 611 ante
619 588 700 610 omnia
707 584 844 619 soleamus,
864 590 931 617 quem
944 582 1028 620 iuuare
1039 580 1159 606 volumus.
1212 578 1282 604 Ter.
1345 578 1416 619 dere..
1483 581 1540 608 Cic.
1553 582 1584 608 de
1598 582 1686 609 Finib.
1702 591 1725 615 2,
1740 592 1765 615 23
1780 592 1802 608 c.
1818 589 1832 612 8
1871 583 1959 609 Adfint
1978 583 2058 609 etiam
2083 581 2191 608 formosi
2211 580 2306 615 pueri,
2326 582 2369 616 qni

251 620 333 647 Andr.
346 629 370 653 ς,
383 622 407 651 6,
422 628 443 646 11
466 621 530 654 Age,
543 629 585 646 me
599 620 626 646 in
640 620 691 645 tuis
705 619 824 645 secundis
839 618 916 649 rebus
929 615 1036 655 respice.
1128 614 1200 641 Idem
1209 612 1283 639 Adel.
1346 614 1510 649 ministrent,
1528 617 1688 652 resplendeat
1701 619 1735 644 iis
1748 618 1834 650 vestis,
1848 625 1991 652 argentum,
2005 617 2047 644 vel
2068 616 2241 645 Corinthium
2263 615 2371 642 orichal-

248 665 274 689 13,
286 664 312 688 2,
325 663 352 688 53
372 656 440 682 Nam
454 655 548 681 Hercle
560 656 626 681 alins
637 663 715 680 nemo
727 653 832 688 respicit
849 660 904 677 nos.
939 684 945 690 ⁶
998 650 1054 676 Clc.
1068 650 1139 676 Fam.
1153 659 1165 676 2
1174 669 1181 681 ,
1195 656 1219 682 ις
1239 649 1285 688 'Vt
1347 658 1417 683 cum,
1431 649 1501 677 locun
1513 651 1577 687 ipse,
1589 653 1750 680 aedificium.
1821 655 1852 681 Et
1865 654 1975 681 tremula
1989 653 2077 680 infuso
2096 651 2261 687 resplendent
2273 651 2370 680 caerula

251 692 390 725 respiciam
413 699 537 724 generum
560 699 664 722 mcum,
681 689 868 716 adolescentem
889 691 1037 719 optimum,
1054 686 1174 720 mihique
1192 682 1286 710 cariffi·
1312 684 1453 714 15Phoebo
1472 686 1516 712 Sil.
1533 696 1568 720 η,
1580 696 1636 722 732.
1672 689 1739 716 Add.
1755 690 1831 723 Virg.
1845 691 1908 716 Aen.
1924 698 1960 719 iz,
1975 697 2030 723 741.

252 736 335 754 mum.
413 726 511 751 Lucina
525 726 638 760 respexit
650 726 758 752 domum
771 722 844 749 nullo
858 721 954 747 vlulata
968 721 1060 748 dolore
1078 721 1139 747 Stat.
1155 719 1248 747 Theb.
1260 727 1285 751 3,
1381 727 1401 746 R
1412 726 1428 746 Ε
1437 726 1522 747 sPLE
1531 729 1551 748 N
1560 730 1603 750 m«.-
1612 730 1664 750 NT
1673 731 1682 749 1
1692 732 1713 751 A
1722 745 1731 758 ‚
1751 733 1789 751 ae.
1814 725 1833 753 f.
1870 725 2021 751 Luculentis
2040 723 2153 757 ingeniis
2176 730 2230 748 non
2252 719 2315 747 defit
2333 729 2368 749 re·

255 771 306 795 ¹59-
394 762 449 787 Cic.
462 760 494 787 ad
507 761 579 787 Brut.
593 769 623 794 14
643 761 721 793 Quod
735 760 829 793 ipsum,
842 756 860 783 fi
874 757 1038 791 Reffipublic-
1051 757 1094 783 cui
1106 756 1236 790 susceptus
1247 763 1285 795 εξ,
1346 754 1507 791 splendentia
1519 758 1637 785 veritatis
1651 760 1787 793 Angustia.
1800 761 1846 795 Ep.
1859 769 1895 793 52.
1921 760 1955 787 ad
1969 759 2147 786 Macedonium.

250 796 368 831 respicis,
383 795 434 822 tibi
447 795 499 822 iam
511 797 616 831 iamque
630 795 776 822 faciendum
793 793 838 819 est.
923 792 990 819 Ter.
1006 791 1112 819 Phorm.
1124 799 1147 825 ς,
1160 799 1182 823 3,
1194 799 1225 824 34
1249 789 1283 815 Dl
1382 798 1401 818 R
1411 797 1427 817 E
1436 798 1449 818 s
1459 798 1473 818 Ρ
1483 797 1503 817 0
1513 799 1588 820 NDE
1597 800 1626 826 ο,
1639 795 1675 826 di,
1689 796 1753 828 sum,
1765 800 1817 822 ere.
1852 791 2209 832 [ἐποκρι’νομα1,ὑπολαμβάνω,
2223 791 2370 827 ἐμείβομοιι]

251 841 300 859 nos
312 831 454 865 respiciunt
469 842 474 858 ε
511 837 612 866 gnatam
628 830 719 857 inueni
733 834 840 863 nuptam
854 836 913 854 cum
928 834 974 854 tuo
988 827 1055 854 filio.
1126 827 1183 853 Cic.
1197 827 1251 852 Att.
1265 833 1286 856 1,
1346 828 1450 862 Proprie
1455 826 1481 861 fi
1498 827 1584 863 nificat
1593 830 1744 866 praesentem
1751 830 2008 867 praefi-ntifirmones
2020 829 2127 856 reddere.
2182 828 2238 855 Scn.
2251 826 2327 861 Epist.
2339 829 2371 861 67

253 877 278 901 ¹3
295 869 359 899 (16)
377 866 435 893 Nifi
450 867 509 901 quis
524 876 571 893 nos
585 868 653 892 Deus
668 864 819 899 respexerit.
907 864 990 889 Pietas
1002 863 1107 903 respicit
1120 861 1224 888 labores
1238 859 1327 899 lui-20
1340 869 1385 898 pr.
1408 862 1448 889 Sic
1463 835 1565 890 atgficior
1576 865 1675 898 animo,
1689 866 1759 901 qu2fi
1772 866 1824 893 tibi
1838 875 1892 893 non
1904 866 2055 898 rescribam,
2071 864 2113 891 sed
2134 862 2317 898 respondeam,
2335 871 2371 888 co·
2392 861 2398 883 ί

251 911 343 930 manos
364 902 438 937 Virg.
452 904 516 928 Aen.
530 910 553 936 5,
565 904 622 934 689.
729 900 830 926 Cauere
843 899 932 931 alicui,
952 905 978 924 ct
990 899 1118 932 respicere
1131 905 1192 923 eum
1228 896 1285 922 Cic.
1341 899 1402 924 ⁴ram
1434 904 1511 925 tecum
1541 908 1612 935 agam
1636 901 1665 927 de
1691 900 1805 937 quaesitis
1828 906 1889 928 tuis.
1941 903 2011 929 Ter.
2025 900 2100 927 Adel.
2115 908 2135 930 2,
2148 908 2168 931 1,
2184 901 2214 924 26
2232 897 2371 932 Responde.

251 940 327 966 Verr.
341 946 362 970 3,
376 940 418 964 26.
611 933 632 973 ff
653 944 671 968 4
705 935 843 969 Respicere
856 936 1008 966 Caesarem,
1028 932 1061 966 <ft
1078 934 1200 959 rationem
1218 930 1286 970 {llius
1348 933 1415 960 Non
1428 934 1545 960 canimus
1559 935 1650 967 surdis,
1662 937 1818 971 respondent
1831 937 1921 964 omnia
1934 937 2013 964 siluae
2032 936 2105 970 Virg.
2118 935 2169 960 Ecl.
2184 943 2222 968 10,
2234 938 2257 963 8.
2326 933 2373 959 Re·

249 975 349 1003 habere,
367 972 407 998 illi
419 972 579 1011 obtemperare
596 972 666 998 Caes.
680 970 746 996 Bell.
760 970 841 997 Ciuil.
855 978 874 1000 i,
890 978 909 995 1.
1000 969 1064 996 Non
1076 966 1143 994 soles
1158 966 1287 1000 respicere
1347 967 1444 1002 sponde
1458 968 1530 1003 qnod
1542 978 1609 1003 rogo
1626 971 1706 999 Plaut.
1720 971 1808 999 Pseud.
1823 983 1851 1007 4,
1865 982 1889 1005 2,
1902 982 1938 1000 12.
2041 973 2123 998 Acute
2135 970 2307 1004 respondere,
2320 967 2372 996 vid.

251 1016 293 1041 te,
311 1017 369 1034 cum
384 1007 453 1033 dicas
466 1006 560 1032 iniuste
573 1006 649 1033 alteri
676 1005 757 1032 Plaut.
771 1004 861 1031 Pseud.
875 1013 900 1034 2,
914 1012 939 1036 2,
949 1009 982 1034 18.
1097 1003 1167 1029 Ter.
1185 1003 1282 1040 Heaut.
1347 1008 1452 1030 Acvo.
1558 1005 1672 1040 Benigne
1690 1008 1757 1034 Hor.
1771 1008 1849 1042 Epist.
1864 1017 1884 1040 r,
1897 1017 1923 1043 7,
1935 1011 1973 1040 63.
2042 1009 2147 1034 Incaute
2165 1003 2293 1038 Quinctil.
2307 1011 2329 1036 ς,
2342 1011 2373 1030 11.

249 1053 271 1076 ι,
284 1052 304 1075 1,
316 1051 334 1076 4
354 1042 467 1069 Nullum
480 1042 593 1068 remittis
607 1048 724 1075 tempus,
736 1050 820 1076 neque
832 1047 857 1066 te
869 1040 984 1074 respicis.
1076 1038 1134 1065 Cic.
1148 1037 1179 1064 de
1194 1036 1283 1064 Finib.
1293 1037 1323 1064 ⁸5
1347 1039 1515 1072 Memoriter,
1523 1049 1579 1067 υ.υ.
1593 1041 1689 1069 Pariter
1702 1048 1728 1069 et
1740 1044 1900 1077 aequaliter,
1935 1041 2158 1072 Paratissime‚v1'd.
2173 1045 2337 1071 PARATVS,
2347 1041 2375 1065 in

249 1087 275 1111 2,
288 1086 322 1113 79
358 1078 400 1104 Ne
413 1084 469 1104 tum
482 1078 590 1112 quidem
605 1083 631 1104 te
645 1077 780 1111 respicies,
805 1082 831 1102 et
845 1075 975 1110 cogitabis
989 1073 1038 1101 fibi
1049 1081 1181 1109 quemque
1196 1078 1287 1098 natum
1347 1080 1440 1101 PARO.
1512 1076 1645 1110 Propalam
1657 1078 1757 1113 aliquid
1775 1078 1867 1106 Tacit.
1880 1081 1947 1106 Anu.
1966 1088 2003 1111 12,
2015 1080 2060 1113 46.
2133 1075 2228 1103 Pudice
2245 1074 2372 1108 Qlincfil.

248 1115 297 1140 else
330 1118 355 1140 ct
389 1113 439 1139 suis
471 1113 674 1148 voluptatibus?
701 1116 703 1121 ⁴
803 1112 922 1138 Aetatem
956 1112 1028 1138 suam
1057 1109 1186 1144 respicere
1216 1108 1285 1134 Ter.
1349 1117 1371 1142 ς,
1385 1117 1415 1137 11.
1517 1111 1596 1138 Varie
1609 1113 1764 1147 respondere
1785 1115 1851 1141 Cels.
1866 1124 1888 1147 5,
1902 1120 1935 1145 ¹8·
2040 1112 2154 1140 Vcnuste
2172 1110 2302 1145 Qinc‘til.
2316 1117 2338 1142 ς,
2349 1115 2373 1143 7.

247 1149 353 1177 Phorm.
366 1157 392 1181 2,
405 1158 430 1182 3,
445 1154 485 1183 87.
1040 1180 1045 1185 ι
1136 1179 1141 1184 ,
1348 1144 1436 1172 Corde
1449 1145 1537 1173 sedato
1557 1147 1631 1182 Virg.
1645 1150 1709 1175 Aen.
1724 1158 1758 1182 12,
1773 1156 1805 1179 18.
1876 1151 1930 1178 Cic.
1943 1151 2019 1176 Verr.
2033 1157 2056 1182 ς,
2068 1156 2112 1183 ¹⁴7
2130 1147 2202 1181 Qud
2217 1146 2248 1172 ad
2260 1145 2323 1172 haec
2335 1152 2376 1170 ⁶0·

283 1192 303 1212 R
312 1191 329 1211 13
338 1190 350 1210 s
359 1191 373 1210 1³
384 1191 417 1211 1c
428 1191 436 1209 1
446 1190 461 1210 E
473 1190 494 1209 N
505 1190 528 1217 s,
543 1183 617 1210 entis.
643 1182 736 1209 Partic.
773 1181 956 1217 [ὤνκβλέπων]
993 1179 1074 1207 Ouid.
1087 1179 1175 1220 Trist.
1191 1187 1211 1219 ¹2
1222 1180 1287 1218 32⁶0
1348 1181 1413 1214 giras
1425 1182 1589 1216 respondere.
1686 1184 1726 1211 Ad
1739 1193 1768 1211 ea
1782 1194 1848 1220 qnae
1861 1185 1973 1221 quaesita
1985 1186 2044 1212 sunt
2058 1184 2214 1218 respondere
2246 1181 2302 1207 Cic.
2311 1179 2375 1206 Phil.

249 1220 398 1255 Respiciens
423 1219 506 1246 oculis
530 1219 640 1253 pignora
666 1227 725 1244 cara
745 1218 820 1244 meis.
892 1218 991 1243 Aeneas
1017 1224 1123 1242 moenia
1145 1215 1285 1248 respiciens
1300 1216 1333 1241 30
1350 1225 1372 1249 1,
1387 1225 1399 1242 2
1412 1225 1434 1242 c.
1448 1224 1468 1243 1.
1571 1218 1644 1245 Idem
1657 1228 1705 1253 pro
1719 1221 1801 1247 Flacc.
1817 1229 1845 1246 10
1859 1222 1887 1247 de
1900 1220 2000 1253 testibus
2012 1222 2128 1250 Graecis,
2146 1219 2289 1251 Nunquam
2302 1215 2377 1242 nobis

248 1256 323 1290 Virg.
337 1256 401 1281 Aen.
416 1263 439 1287 ς,
451 1263 473 1287 3.
564 1254 711 1288 Respiciens
731 1254 847 1280 Fortuna
865 1252 896 1279 ad
909 1261 987 1286 opem
1000 1251 1152 1283 ferendam,
1172 1250 1286 1285 templum
1347 1251 1379 1278 ad
1400 1257 1522 1286 rogatum
1543 1253 1714 1287 respondent,
1740 1256 1839 1289 semper
1861 1257 2002 1284 accusatori
2026 1255 2082 1291 plus
2103 1263 2180 1289 quam
2199 1253 2229 1279 ad
2248 1258 2377 1285 rogatum.

246 1292 335 1318 Romae
347 1290 447 1320 habuit,
465 1289 531 1325 quod
543 1289 610 1315 dotet
630 1290 686 1315 Cic.
700 1289 732 1315 de
747 1288 837 1323 Legib.
849 1297 872 1319 2,
887 1294 916 1317 28
930 1297 951 1314 c.
968 1296 1000 1314 11.
1353 1286 1410 1314 Vid.
1425 1287 1485 1314 Liu.
1500 1296 1521 1319 3,
1533 1295 1560 1320 4.
1630 1289 1702 1314 Caes.
1716 1290 1780 1315 Bell.
1793 1291 1861 1317 Gall.
1876 1300 1897 1322 ι,
1911 1301 1950 1325 44
1973 1290 2120 1318 Ariouistus
2132 1289 2163 1316 ad
2178 1287 2303 1322 postulata
2315 1287 2378 1313 Cae-

282 1332 301 1352 R
310 1332 326 1351 E
334 1330 346 1350 s
356 1331 370 1350 P
381 1331 388 1349 1
399 1330 416 1350 c
424 1332 433 1350 1
443 1331 459 1350 ε
472 1331 492 1349 N
505 1330 523 1349 D
533 1330 553 1362 y
564 1330 577 1349 s
586 1343 595 1355 ,
607 1332 620 1349 a
628 1343 636 1355 ,
648 1333 702 1350 um.
730 1325 821 1350 Pax—tic.
858 1323 1062 1357 [αἰναβλεπτέος]
1097 1320 1178 1348 Ouid.
1192 1321 1285 1347 Amor·
1348 1323 1411 1349 saris
1424 1331 1506 1357 pauca
1518 1322 1660 1357 respondit.
1730 1325 1770 1349 Ad
1783 1324 1946 1351 voluntatem
1957 1325 2067 1351 alicuius
2086 1325 2157 1351 caes.
2171 1324 2235 1350 Bell.
2249 1322 2317 1350 Gall.
2325 1332 2349 1353 4,
2357 1328 2378 1354 ς.

250 1370 271 1394 1,
280 1366 302 1391 8,
310 1365 336 1393 38
352 1361 487 1392 Quantum
500 1367 611 1393 quisque
619 1358 696 1390 ferat,
704 1358 879 1391 respiciendus
886 1358 946 1384 erit.
1346 1357 1439 1385 Videat
1453 1358 1517 1393 quid
1530 1359 1562 1384 de
1577 1358 1629 1384 illis
1643 1358 1805 1392 respondeat,
1818 1366 1894 1391 quos,
1907 1365 1953 1384 etc.
1991 1359 2046 1384 Cic.
2058 1360 2134 1384 Vei-r.
2149 1368 2168 1388 1,
2183 1367 2218 1384 11..
2323 1357 2379 1384 Cic.

284 1403 303 1422 R
312 1403 327 1422 E
336 1403 349 1422 s
360 1402 375 1422 1²
386 1402 402 1422 Ε
410 1402 426 1422 C
435 1402 456 1421 T
466 1401 485 1420 V
494 1401 507 1420 s
515 1414 523 1426 ‚
545 1392 583 1420 sis·
623 1403 659 1419 111.
696 1392 848 1428 [daciscam]
883 1391 965 1418 Arius
978 1391 1126 1430 respiciendi
1133 1410 1143 1423 ,
1161 1391 1285 1416 oculorum
1293 1400 1322 1427 35
1346 1393 1424 1419 Acad.
1438 1402 1467 1426 4,
1476 1402 1524 1427 ¹04
1542 1395 1608 1420 Item
1616 1402 1655 1426 ea,
1669 1402 1736 1427 quae
1749 1393 1906 1427 interrogati
1919 1393 1948 1419 in
1960 1397 2097 1426 vtramque
2109 1399 2208 1424 partem
2221 1392 2380 1427 respondere

245 1429 379 1458 coniectus.
449 1429 552 1456 Plautus
590 1448 596 1455 .
633 1448 640 1455 .
679 1448 685 1454 .
722 1429 753 1454 Et
773 1437 815 1454 nie
829 1425 947 1461 respectii
960 1430 1065 1451 terruit.
1159 1424 1243 1462 Effiise
1256 1432 1285 1450 ac
1346 1429 1486 1461 poffumus.
1557 1429 1613 1455 Cic,
1628 1438 1676 1463 pro
1691 1429 1765 1455 Rosc.
1778 1429 1867 1455 Amet.
1880 1437 1907 1461 33
1927 1428 2010 1454 Aiunt
2022 1427 2159 1453 hominem
2182 1427 2231 1459 (vt
2245 1434 2299 1454 erat
2315 1427 2380 1453 suri-

247 1467 299 1493 fine
313 1466 430 1502 respefiu
444 1466 510 1500 fugit
524 1473 569 1491 rex
584 1464 718 1498 Philippus
738 1464 889 1496 Lin.32,12.
959 1460 1100 1495 Respthus
1112 1458 1215 1486 honesti
1232 1459 1285 1484 Lu·
1347 1463 1424 1493 osus)
1435 1463 1608 1497 respondisse,
1628 1464 1700 1497 quod
1719 1473 1773 1491 non
1787 1470 1873 1491 totum
1885 1465 1966 1490 telum
1982 1470 2093 1497 corpore
2105 1461 2244 1494 recepiffet.
2331 1463 2378 1488 Re.

247 1512 302 1530 can.
317 1507 340 1534 8,
354 1511 411 1535 490.
501 1501 556 1527 Cic.
570 1500 601 1526 de
615 1500 705 1526 Dinin.
719 1508 740 1532 1,
753 1502 785 1529 68
821 1497 993 1532 Fugientibus
1007 1494 1185 1522 miserabilem
1198 1495 1285 1528 respc-
1348 1497 1476 1531 spondere
1496 1506 1545 1531 pro
1558 1498 1656 1532 aliquo.
1691 1499 1747 1525 Cic.
1761 1498 1793 1525 de
1806 1500 1876 1526 Clar.
1892 1500 1965 1526 Orat.
1980 1507 2025 1524 122
2039 1507 2060 1525 c.
2075 1505 2101 1528 32
2122 1497 2157 1522 Vt
2172 1495 2248 1522 etiam
2261 1505 2309 1530 pro
2316 1497 2376 1524 Bru-

246 1539 319 1564 ftum
337 1536 520 1564 incendiorum
541 1536 608 1562 fore.
645 1539 662 1561 i.
684 1534 838 1561 Horrendum
850 1531 1026 1570 spectaculum.
1145 1528 1166 1567 fl
1183 1538 1199 1556 2
1236 1530 1285 1569 Re·
1348 1539 1378 1558 to
1389 1533 1570 1567 respondeam.
1663 1533 1828 1567 Respondete
1842 1535 1883 1560 ius
1895 1534 2011 1568 publice,
2036 1533 2091 1559 ICti
2104 1538 2163 1566 opus
2187 1531 2248 1557 Plin.
2263 1531 2336 1565 Epist.
2349 1534 2373 1562 6,

247 1573 347 1608 spechw
355 1593 364 1606 ,
398 1571 507 1606 [λέγυς]
541 1573 624 1603 Ratio,
638 1580 685 1606 qua
699 1571 732 1597 ad
743 1570 839 1606 aliquid
850 1568 969 1605 agendum
980 1576 1112 1595 mouemur.
1167 1565 1284 1592 Martial.
1294 1575 1333 1600 40
1349 1575 1384 1600 ις,
1398 1576 1419 1600 3.
1513 1568 1569 1594 Cic.
1582 1567 1613 1593 de
1621 1568 1691 1595 Clar.
1707 1570 1782 1595 Orat.
1794 1577 1817 1601 13
1853 1570 1991 1603 Multaque
2002 1576 2081 1602 opera
2090 1587 2097 1598 ‚
2113 1566 2240 1600 multaque
2252 1566 2372 1593 industria

248 1619 281 1642 11,
295 1618 326 1642 50
364 1608 402 1635 Sit
415 1608 516 1642 pudor,
535 1613 561 1634 et
572 1607 677 1633 tandem
689 1606 747 1634 veri
761 1604 890 1640 respeclus
904 1610 929 1630 et
939 1602 1027 1637 aequi.
1347 1602 1464 1629 Rutilius
1481 1603 1550 1636 fuit,
1567 1612 1634 1637 quae
1648 1609 1703 1630 erat
1715 1610 1853 1639 propterea
1865 1606 1975 1640 gratior,
1994 1603 2064 1638 quod
2077 1602 2147 1629 idem
2162 1610 2275 1635 magnum
2283 1611 2371 1628 munus

652 1656 806 1691 &mpsim
819 1660 917 1686 ¹¹¹⁰t¹¹⁵2
1348 1638 1638 1701 lissi'fecssisl'ssiledi‘?
1652 1639 1817 1702 “libuli-‘z
1906 1641 2011 1701 “¹³³2
2022 1636 2373 1700 {nili2‘}³‚f.es<¹.³?.”‘³{2ss‘“¹1³3

440 1703 497 1729 Nec
511 1702 562 1729 tibi
574 1702 639 1736 quid
653 1702 746 1733 liceat,
766 1701 808 1728 sed
822 1699 886 1735 quid
901 1699 985 1725 feciffe
999 1696 1113 1730 decebiss
1146 1743 1151 1747 .
1345 1709 1380 1736 ad
1395 1694 1539 1736 Tr'ebatium
1553 1695 1638 1736 ICtuni
1645 1684 1734 1744 ,PQi
1748 1695 1825 1737 istinc'
1837 1683 1963 1743 x9veninnt,
1980 1686 2078 1746 ιἠιιὶιιίι,
2088 1685 2245 1743 ι111ρο1111ᾱ1ῃ
2257 1680 2373 1734 tuairi’ac-

438 1746 582 1776 occurrat,
602 1751 769 1779 mentemque
788 1744 878 1770 domet
897 1743 1027 1778 respectus
1049 1742 1153 1769 honesti
1189 1740 1323 1772 Claud-45
1346 1746 1450 1777 curant,
1470 1745 1540 1779 quod
1554 1752 1664 1779 negant,
1684 1752 1709 1773 te
1723 1747 1951 1780 percunctantibus
1963 1745 2129 1780 respondere.
2167 1745 2220 1770 Hoc
2232 1742 2371 1775 1⁷1dicat‚1'n

244 1781 352 1810 Consul.
365 1782 472 1808 Houor.
486 1790 513 1814 4,
532 1784 590 1815 ²⁶7·
681 1780 736 1807 Cic.
756 1780 788 1807 ad
801 1781 873 1806 Brut.
887 1788 896 1806 1
929 1780 1004 1805 Meus
1017 1778 1126 1813 quidem
1141 1778 1243 1817 anim-us
1256 1778 1286 1817 in
1345 1778 1436 1813 cqllris
1450 1790 1497 1806 non
1509 1783 1612 1807 multum
1626 1785 1708 1816 operis
1720 1781 1762 1815 effi?
1777 1782 1844 1809 ICto.
1937 1781 1992 1808 Cic.
2009 1783 2079 1808 Fam.
2097 1789 2128 1812 11,
2146 1784 2172 1809 28
2211 1778 2372 1812 Respondebo

244 1819 300 1845 acie
321 1818 355 1844 est
367 1816 478 1850 sueque
500 1816 646 1851 respcc'uim
670 1816 754 1842 vllum
777 1815 897 1850 quaerit,
916 1814 964 1841 nisi
984 1823 1026 1840 me
1045 1813 1145 1840 vtilitas
1164 1813 1281 1839 ciuitatis
1344 1815 1519 1848 criminibus,
1537 1816 1635 1850 quibus
1650 1823 1678 1843 m
1694 1826 1743 1852 pro
1755 1826 1817 1850 me,
1836 1823 1865 1844 vt
1879 1825 1925 1852 par
1936 1823 2007 1850 erat,
2027 1823 2071 1843 tua
2087 1814 2209 1849 singulari
2227 1811 2336 1840 bonitate
2347 1820 2370 1841 et

243 1855 314 1881 forte
327 1852 497 1879 conuenerit.
570 1851 698 1878 Mouebat
711 1851 774 1877 haec
786 1850 928 1878 multitudo
949 1850 1064 1876 hostium
1086 1848 1203 1884 respectu
1221 1857 1283 1882 pau-
1346 1851 1463 1878 amicitia
1477 1851 1563 1878 nostra
1575 1853 1649 1886 saepe
1658 1852 1784 1879 restitisti,
1889 1852 2012 1879 Grauiter
2025 1852 2180 1887 respondere
2194 1855 2281 1876 contra
2292 1849 2369 1876 inimi.

244 1889 330 1916 citatis
346 1890 404 1914 suae
424 1888 514 1914 lustin.
523 1896 555 1920 11,
569 1896 595 1920 9,
604 1896 625 1914 2.
696 1887 820 1914 Occultae
832 1886 943 1914 musicae
955 1885 1059 1912 nullum
1073 1885 1122 1911 effe
1135 1885 1282 1922 respeclum
1345 1887 1369 1913 ci
1382 1888 1572 1913 contumeliam
1602 1888 1657 1914 Cic.
1671 1889 1703 1914 de
1716 1888 1807 1922 Arusp.
1817 1888 1892 1922 Resp.
1907 1897 1935 1923 ¹7
1949 1898 1970 1914 c.
1985 1893 2007 1918 8.
2100 1887 2232 1912 Hactenus
2263 1884 2366 1911 Inuidiae

244 1925 314 1951 Suet·
330 1924 432 1950 Neron.
446 1932 467 1948 c.
478 1932 517 1949 20-
602 1922 729 1949 Interdum
737 1923 806 1957 spem
819 1929 842 1948 et
849 1922 971 1958 fiduciam
983 1923 1074 1947 auxilii
1080 1940 1088 1952 ‚
1107 1919 1322 1959 autpraesfdiiio
1344 1922 1548 1957 respondimus,
1568 1926 1585 1950 i.
1600 1923 1695 1950 inuida
1713 1924 1795 1950 Ouid.
1805 1924 2012 1957 Rem.Am.397.
2067 1921 2214 1948 Maledictis
2227 1919 2362 1955 respondere

244 1966 323 1986 notat.
372 1959 427 1984 Cic.
442 1957 554 1991 Philipp.
569 1965 607 1990 10,
625 1966 641 1989 9
655 1966 676 1984 c.
692 1967 710 1989 4
727 1957 839 1984 Graecia
872 1972 917 1977 —
953 1956 1037 1982 tendit
1050 1955 1169 1982 dextram
1182 1955 1283 1986 Italiae,
1344 1958 1413 1984 Ter.
1428 1958 1456 1984 in
1469 1959 1535 1992 prol.
1550 1959 1630 1985 Andr.
1646 1968 1670 1994 7.
1773 1958 1813 1985 Ad
1826 1960 1935 1986 nomina
1951 1957 2122 1993 respondere,
2141 1956 2211 1991 quod
2245 1956 2312 1990 vulgo
2333 1955 2356 1980 in

244 1996 373 2028 suumque
386 1994 411 2019 ei
424 1992 579 2027 praesidium
592 1992 740 2027 pollicetur.
821 1991 894 2018 Idem
909 1990 974 2017 ibid.
987 1999 1010 2024 5,
1024 1999 1060 2024 49
1090 1992 1182 2029 Itaque
1197 1999 1279 2023 quum
1342 1993 1402 2019 iure
1416 1993 1529 2026 dicitnr,
1549 1995 1692 2030 comparere
1727 1994 1785 2021 Liu.
1800 2002 1817 2029 7
1825 2014 1832 2026 ‚
1850 2004 1877 2028 4,
1980 1995 2045 2021 Non
2074 1993 2230 2027 respondere
2258 1991 2355 2017 citatum:

244 2030 391 2064 respectum
402 2029 434 2054 ad
446 2028 583 2066 Senatum,
602 2034 627 2053 et
641 2028 672 2053 ad
685 2027 769 2053 bonos
782 2036 836 2053 non
849 2026 967 2054 haberet.
1038 2028 1100 2052 Puto
1111 2027 1146 2059 J1c
1159 2028 1279 2060 interprc-
1343 2027 1386 2061 est,
1400 2036 1429 2054 vt
1444 2038 1508 2055 nunc
1520 2031 1653 2065 loquuntur
1665 2034 1692 2056 in
1703 2033 1772 2062 iure,
1792 2029 1901 2066 Deficere
1921 2030 1975 2056 Cic.
1990 2031 2066 2056 Vcrr.
2081 2038 2101 2061 1,
2110 2037 2146 2061 19.
2251 2027 2303 2054 Non
2323 2033 2356 2051 re-

242 2065 345 2093 taudum
359 2064 422 2090 illud
447 2063 502 2090 Cic.
519 2062 586 2089 Plul.
603 2071 624 2088 11
639 2071 660 2088 c.
678 2071 699 2088 11
741 2063 806 2088 Non
818 2069 847 2090 vt
859 2071 889 2088 ex
904 2071 933 2088 ea
946 2062 1001 2088 acie
1014 2061 1160 2096 reschtum
1173 2060 1280 2087 habere·
1343 2064 1472 2097 spondere
1488 2065 1586 2091 dicitur
1599 2066 1703 2098 citatus,
1712 2065 1826 2099 Quando
1840 2074 1894 2093 non
1913 2071 2046 2099 comparet
2064 2063 2202 2091 Marcellus
2223 2060 2361 2095 inl.pennlt.

244 2109 311 2127 mus.
349 2103 368 2126 i.
386 2109 434 2125 non
448 2098 531 2131 modo,
549 2104 578 2124 vt
590 2107 616 2124 ea
629 2107 673 2124 nos
685 2097 832 2132 respiceret,
852 2104 926 2136 utque
938 2100 965 2122 in
977 2106 1004 2122 ea
1016 2106 1060 2122 nos
1072 2097 1210 2123 haberemus
1213 2097 1281 2131 spem
1289 2104 1316 2129 55·
1344 2098 1377 2124 D.
1391 2098 1423 2125 de
1436 2099 1463 2124 in
1483 2100 1616 2133 integrum
1629 2101 1788 2127 restitution.
1894 2100 1935 2127 Ad
1967 2108 2068 2135 tempus
2101 2098 2269 2133 respondere,
2285 2097 2319 2122 vel
2337 2093 2365 2120 ad

244 2137 336 2163 auxilii
344 2137 496 2170 prnpinqui,
532 2133 575 2159 sed
588 2139 615 2159 vt
630 2133 684 2167 ipsa
696 2133 762 2159 acies
778 2132 922 2158 subsidium
937 2131 1045 2158 haberet
1058 2132 1138 2157 etiam
1159 2137 1281 2157 transma-
1343 2134 1414 2159 diem
1428 2134 1523 2160 debitor
1537 2135 1645 2165 dicitur,
1663 2138 1707 2169 qui
1719 2139 1746 2160 in
1760 2145 1829 2161 mora
1842 2145 1889 2161 non
1903 2135 1944 2167 est.
1988 2138 2043 2162 Cic.
2057 2137 2110 2162 Att.
2130 2137 2166 2166 16,
2181 2143 2197 2160 2
2216 2135 2369 2167 Qiamquam

246 2172 365 2199 rinum.1'.
373 2171 455 2206 facile
468 2168 602 2206 adst-{scere
613 2167 688 2203 poffiw
701 2171 784 2203 copias
796 2170 989 2195 transmarinas.
1069 2166 1128 2191 Liu.
1142 2174 1165 2197 2,
1178 2174 1210 2196 30
1234 2166 1282 2205 Sed
1344 2169 1416 2195 enini
1428 2169 1532 2204 reliqua
1546 2170 1606 2196 satis
1618 2176 1676 2204 apta
1689 2170 1745 2195 sunt
1758 2169 1788 2195 ad
1802 2170 1964 2201 soluendum,
1979 2177 2065 2196 tamen
2088 2170 2117 2195 fit
2137 2171 2219 2203 saepe,
2242 2174 2269 2194 vt
2287 2167 2315 2196 ii,
2329 2164 2371 2199 qui

245 2207 377 2238 fafflonc,
396 2204 567 2238 respectuque
578 2212 668 2230 rerum
683 2204 929 2237 priuatarum,quae
944 2203 1045 2235 semper
1057 2201 1181 2231 offecere,
1200 2198 1283 2226 offici·
1345 2202 1452 2235 debent,
1474 2213 1527 2230 non
1539 2205 1709 2238 respondeant
1722 2204 1752 2231 ad
1766 2210 1877 2238 tempus.
1981 2205 2039 2230 Sei-1.
2054 2205 2085 2229 de
2099 2205 2187 2229 Benef.
2202 2214 2222 2236 3,
2236 2213 2263 2238 ¹7
2274 2202 2323 2237 firi.
2348 2199 2373 2226 de

245 2248 342 2277 entque
355 2240 465 2276 publicis
478 2239 608 2271 consiliis,
628 2238 728 2273 Appius
742 2238 816 2264 vicit.
888 2237 1046 2263 Abia-indere
1058 2245 1146 2262 rerum
1160 2236 1283 2262 omnium
1344 2245 1418 2273 grato
1431 2239 1542 2270 homine,
1561 2239 1618 2265 Nec
1631 2248 1756 2273 quaerens
1765 2259 1773 2271 ,
1792 2238 1926 2274 quomodo
1940 2240 2083 2272 decoquat⁷
2102 2238 2144 2264 scd
2160 2236 2378 2271 quemadmodum

246 2277 407 2312 respectum,
424 2274 477 2302 vid.
498 2280 665 2301 AsssciNno.
737 2272 864 2307 Respefi'tn
879 2273 932 2298 mei
961 2271 1042 2298 Ouid.
1052 2271 1141 2311 [frist.
1157 2280 1175 2301 1,
1189 2279 1212 2309 3,
1227 2279 1282 2296 100.
1292 2270 1327 2293 60
1344 2273 1447 2307 plenius
1460 2272 1620 2307 vberiusque
1633 2274 1794 2307 respondeat.
1987 2272 2007 2310 q
2048 2283 2059 2299 2
2095 2274 2276 2306 Respondere,
2294 2274 2379 2299 Conue-

246 2313 328 2341 Ouid.
354 2321 385 2339 ex
409 2312 492 2338 Ponto
510 2319 536 2343 4,
556 2318 582 2342 9,
602 2318 648 2335 100
674 2308 702 2334 de
719 2309 844 2340 Tamais,
873 2307 917 2334 Illi
934 2316 993 2339 1110,
1013 2314 1076 2346 quia
1094 2305 1162 2332 velle
1182 2305 1284 2337 vident,
1345 2311 1416 2338 nire,
1435 2308 1571 2342 quadrare,
1588 2309 1739 2344 consentire,
1754 2315 1777 2335 et
1809 2317 1873 2333 arem
1887 2307 1937 2340 effi‘.
1989 2310 2064 2342 Virg.
2074 2309 2136 2334 Aen.
2147 2313 2215 2340 5585
2246 2308 2330 2333 Dictis
2342 2315 2380 2333 re·
2408 2323 2409 2329 .

246 2349 379 2376 discedere
392 2347 492 2374 malunt
508 2355 514 2371 ε
549 2343 677 2379 ΚοΓροἐ111
693 2344 801 2378 cupiunt
814 2343 857 2370 hic
870 2350 956 2370 tamen
970 2343 1017 2368 esse
1031 2342 1078 2367 sui.
1346 2343 1473 2376 spondent
1486 2351 1587 2370 caetera
1601 2345 1702 2370 matris.
1821 2349 1893 2369 extra
1905 2342 2003 2368 dextris
2017 2343 2171 2376 respondent
2205 2343 2259 2369 Cic.
2272 2343 2303 2368 de
2317 2342 2379 2367 Vni-

282 2392 302 2412 R
312 2390 329 2410 Ε
340 2391 352 2410 s
361 2390 375 2409 p
385 2390 400 2409 Ε
411 2389 428 2409 C
441 2388 463 2408 'r
475 2388 505 2414 ο,
518 2385 571 2407 are.
595 2381 734 2414 Frequent.
771 2378 979 2413 [οἷναπαητσιίνω]
1015 2377 1083 2403 Ter.
1097 2374 1173 2402 Adel.
1188 2383 1219 2406 2,
1233 2383 1257 2405 1,
1269 2382 1282 2406 3
1346 2378 1413 2403 vers.
1426 2386 1456 2410 41
1470 2387 1491 2403 c.
1507 2387 1546 2410 ¹4·
1662 2380 1696 2404 Vt
1726 2379 1816 2404 omnia
1847 2378 1988 2410 omnibus,
2010 2378 2115 2411 paribus
2128 2378 2200 2410 paria
2210 2376 2380 2411 respondeant

248 2419 322 2454 Qid
335 2418 461 2453 respectas
476 2418 485 2444 3
522 2415 589 2442 mihi
603 2415 695 2450 pericli
708 2414 752 2442 est.
856 2413 913 2439 Cic.
927 2421 975 2446 pro
987 2412 1070 2438 Plane.
1085 2418 1117 2443 45
1136 2411 1179 2437 Ne
1192 2419 1238 2444 par
1251 2410 1284 2436 ab
1346 2413 1403 2439 Cic.
1417 2411 1448 2439 de
1456 2413 1519 2439 Nat.
1527 2413 1605 2439 Deor.
1620 2421 1639 2443 1,
1647 2420 1687 2445 ςο.
1758 2413 1830 2439 Idem
1845 2413 1876 2438 de
1890 2413 1978 2439 Finib.
1999 2423 2020 2445 3,
2036 2419 2049 2443 8
2069 2414 2140 2446 Qud
2160 2412 2283 2445 posterius
2297 2411 2383 2445 priori

246 2455 289 2482 his
303 2464 399 2482 munus
414 2454 442 2480 in
456 2454 499 2480 sua
512 2452 639 2487 petitione
652 2450 805 2485 respeetcnt.
877 2448 992 2474 Lumine
1013 2447 1125 2480 obliquo
1139 2445 1285 2480 respectare
1298 2446 1330 2478 65
1348 2456 1401 2474 non
1432 2449 1558 2475 conuenit
1573 2449 1582 2474 ζ
1617 2448 1681 2482 quid
1713 2448 1845 2482 sequitur,
1870 2447 1942 2481 quod
1966 2457 2018 2474 no„
2051 2446 2203 2481 respondeat
2236 2446 2381 2480 superjorss

247 2492 364 2526 aliquem
385 2490 446 2516 Stat.
459 2487 550 2515 Theb.
563 2495 586 2519 3,
600 2494 659 2521 377.
739 2485 773 2525 'Si
788 2492 838 2519 qua
851 2484 908 2518 pios
922 2483 1066 2518 respeelant
1079 2481 1188 2507 numina
1212 2480 1286 2514 Virg.
1349 2483 1511 2510 structuram
1524 2484 1555 2510 ad
1568 2492 1689 2510 normam
1701 2491 1726 2510 et
1746 2483 1863 2509 libellam
1885 2490 1910 2509 et
1933 2483 1964 2509 ad
1988 2483 2202 2518 perpendiculum
2228 2482 2380 2516 respondere

250 2529 315 2553 Aen.
330 2534 348 2557 1,
361 2528 423 2559 607.
492 2523 542 2550 Sed
554 2529 622 2557 patet
638 2523 764 2553 immani,
782 2526 807 2546 et
822 2519 894 2546 vasto
908 2518 1033 2553 rcl‘peftat
1046 2517 1119 2544 hiatu
1143 2516 1246 2542 Lucret.
1262 2523 1286 2548 5,
1349 2525 1464 2552 oportet.
1500 2522 1518 2545 i.
1537 2520 1672 2553 competere
1685 2525 1708 2545 ee
1722 2519 1844 2554 quadrare
1863 2519 1969 2545 Vitruu.
1983 2527 2010 2553 7,
2023 2527 2043 2551 3.
2080 2518 2144 2545 Plin.
2157 2520 2194 2549 36,
2208 2526 2250 2543 20.
2320 2517 2378 2543 Var-

249 2564 309 2597 376.
342 2564 360 2587 i.
381 2562 459 2587 Ianua
476 2560 521 2586 leti
538 2558 610 2585 valde
628 2558 692 2587 lace,
715 2563 739 2582 et
757 2554 824 2589 vaste
843 2555 977 2591 retrorsum
990 2550 1125 2590 patefac&
1142 2550 1183 2586 est.
1218 2551 1286 2578 Add.
1350 2563 1382 2580 ro
1395 2554 1427 2580 de
1440 2554 1469 2580 L.
1482 2554 1512 2580 L.
1528 2563 1554 2586 9,
1565 2563 1576 2584 3
1588 2563 1613 2587 p.
1628 2562 1676 2586 135,
1684 2562 1717 2580 22
1743 2554 1972 2587 Qlemadmodum
1993 2559 2079 2587 crepat
2111 2554 2195 2588 prima
2215 2552 2246 2585 ad
2264 2557 2372 2586 quartam

247 2597 310 2625 ibid.
330 2606 354 2623 υ.
368 2605 423 2630 973.
1350 2589 1492 2621 chordam,
1512 2589 1543 2615 {ic
1558 2595 1649 2622 quarta
1662 2589 1694 2615 ad
1708 2589 1842 2623 septimam
1855 2589 2002 2623 respondet.
2038 2589 2066 2614 de
2084 2591 2197 2624 analogia
2210 2588 2234 2623 s.
2244 2589 2369 2622 proportio-

286 2640 305 2659 R
318 2640 321 2653 ³
341 2639 354 2659 s
364 2638 379 2658 Ρ
393 2637 408 2657 E
419 2636 435 2656 C
445 2636 467 2657 Τ
477 2636 528 2656 ΑΝ
537 2635 550 2655 S
559 2648 566 2660 ‚
587 2627 662 2655 antis.
689 2627 783 2654 Partic.
817 2625 1037 2658 [cx’voevrxnrm'vwr]
1074 2624 1179 2651 Lucret-
1192 2623 1217 2653 6.
1231 2630 1287 2653 1232-
1297 2628 1333 2656 70
1349 2634 1388 2651 nc.
1482 2625 1629 2659 Respondet
1641 2624 1803 2651 frumentum
1818 2624 1848 2650 ad
1863 2624 1961 2658 pondus
1976 2630 2001 2650 et
2013 2625 2161 2650 mensuram
2181 2625 2258 2649 Seuec
2281 2624 2312 2648 de
2325 2623 2372 2649 Bre-

251 2669 356 2695 Funera
368 2665 530 2701 respectans,
550 2665 667 2691 animum
679 2669 705 2689 et
720 2660 840 2689 mittebat
855 2660 972 2692 ibidem,
993 2668 1038 2686 etc.
1075 2663 1094 2686 i.
1114 2662 1227 2696 cogitans
1240 2667 1288 2684 mo-
1350 2661 1432 2687 vitate
1440 2660 1517 2687 Vitae
1555 2679 1561 2686 .
1598 2679 1605 2685 ,
1642 2680 1648 2686 ,
1738 2659 1885 2694 Respondet
1902 2661 1933 2687 ad
1953 2661 2022 2694 spem
2035 2666 2157 2691 euentus,
2175 2660 2199 2685 h,
2214 2668 2234 2684 ε,
2254 2657 2376 2685 secundum

249 2703 362 2732 tiendum
374 2701 425 2736 effi.
496 2702 599 2735 Proprie
613 2700 707 2726 Paterc.
722 2707 748 2731 2,
762 2704 807 2731 107
827 2696 888 2723 Sine
901 2696 952 2722 fine
965 2694 1109 2730 respe&ans
1122 2695 1268 2722 Caesarem·
1350 2695 1552 2731 exspeaaeionem
1563 2695 1657 2722 acctdit
1676 2695 1736 2721 Liu.
1750 2701 1786 2725 28,
1800 2699 1824 2722 6.
1927 2696 1968 2723 Sic
1982 2695 2041 2729 Spei
2054 2695 2222 2730 respondere,
2242 2693 2294 2719 vid.
2308 2699 2376 2720 srsss.

288 2746 307 2766 R
316 2745 331 2765 Ε
341 2746 353 2765 s
365 2745 380 2764 r
392 2739 404 2764 1‘
414 2745 431 2764 R
443 2743 463 2764 o
473 2756 481 2768 ,
504 2741 557 2763 are.
594 2734 724 2770 [α’ναπνέω,
738 2732 879 2766 οἰναψῦχω]
915 2733 1030 2766 Recipere
1054 2734 1123 2757 intro
1144 2730 1288 2760 anhelitum,
1351 2731 1451 2758 Labori
1465 2732 1511 2757 suo
1525 2731 1594 2757 fama
1607 2732 1760 2765 responsura
1779 2732 1845 2757 Hor.
1860 2731 1940 2758 Serm.
1954 2740 1981 2763 2,
1995 2736 2016 2760 8,
2030 2733 2071 2758 66,
2174 2730 2272 2756 Labori
2285 2728 2377 2755 fruetus

252 2781 276 2800 et
305 2783 330 2801 er
345 2774 390 2800 hoc
402 2773 479 2809 zpfitm
492 2774 616 2808 vigorem,
635 2773 750 2801 animum,
762 2772 838 2795 viref-
886 2767 956 2794 Tes-
973 2768 1069 2793 Heaut.
1085 2775 1106 2797 ²,
1118 2775 1141 2798 2,
1156 2774 1183 2792 12
1202 2764 1219 2790 ὃ
1232 2764 1288 2790 Cli·
1352 2776 1406 2793 non
1421 2766 1580 2801 respondens
1601 2767 1682 2792 Ouid.
1696 2767 1762 2793 Fan.
1778 2770 1873 2800 4642.
1987 2765 2121 2792 Laudibus
2141 2765 2295 2799 respondere
2307 2764 2380 2790 Grae-

251 2782 336 2845 «ipim,
348 2810 447 2840 timeo,
484 2812 577 2834 CLIT·
599 2805 706 2840 respira·
813 2803 893 2830 th-
907 2802 981 2836 EPid-
996 2811 1022 2834 2,
1034 2811 1060 2834 25
1074 2811 1105 2828 ²0
1131 2802 1219 2832 Μὸπε,
1235 2800 1287 2825 fine
1302 2803 1334 2832 75
1351 2811 1442 2829 corum
1463 2803 1519 2829 Cic.
1533 2803 1615 2828 Tusc.
1629 2810 1647 2833 1,
1661 2812 1680 2834 3.
1788 2802 1862 2828 Idem
1874 2802 1905 2828 ad
1919 2801 1989 2828 Brut.
2004 2809 2021 2836 7
2060 2802 2113 2834 Qui
2133 2801 2224 2827 vestris
2245 2807 2379 2834 paucorum

251 2845 377 2880 respirem
392 2844 496 2879 quaeso·
531 2849 556 2868 P.
577 2842 660 2868 immo
673 2840 815 2874 achiesce·
853 2846 879 2865 F..
902 2840 992 2864 animo
1006 2838 1074 2864 ¹1¹³&
1091 2837 1142 2868 est·
1161 2836 1288 2870 recipiam
1351 2838 1504 2872 respondeat
1520 2836 1650 2863 laudibus.
1683 2840 1702 2864 i.
1729 2841 1773 2873 qui
1791 2837 1886 2870 vestras
1898 2844 1982 2873 aequet
1995 2837 2086 2863 laudes.
2193 2836 2296 2862 Meritis
2308 2835 2380 2861 fauor

250 2881 407 2908 anhelitum.
478 2878 534 2905 Cic.
549 2886 597 2912 pro
611 2877 685 2903 Rosc.
698 2876 786 2901 Amer.
800 2883 833 2901 22
846 2883 867 2900 c.
877 2880 890 2903 8
909 2875 1000 2908 Quini
1014 2878 1053 2899 tot
1068 2873 1198 2906 tantisque
1209 2879 1286 2905 nego·
1351 2882 1406 2899 non
1419 2873 1557 2907 respondet
1571 2873 1638 2899 Hor.
1654 2872 1730 2907 Epist.
1744 2882 1768 2904 2,
1784 2881 1802 2904 i,
1814 2881 1839 2906 9.
1952 2872 2082 2906 Opinioni
2096 2872 2232 2898 hominum
2247 2879 2290 2897 tua
2301 2870 2379 2896 virtus

252 2917 298 2943 tiis
311 2916 436 2942 distentus
451 2914 495 2944 lit,
514 2920 542 2940 vt
555 2913 681 2947 respirare
697 2911 780 2937 libere
791 2918 846 2936 non
860 2909 940 2943 poss'it.
1012 2909 1053 2935 Sic
1073 2908 1104 2934 de
1117 2908 1205 2934 Finib.
1220 2916 1239 2937 1,
1252 2914 1288 2939 53·
1351 2917 1405 2935 non
1419 2908 1557 2943 respondet
1575 2908 1630 2934 Cic.
1645 2909 1717 2935 Fam.
1731 2917 1757 2941 2,
1769 2918 1796 2942 4.
1888 2907 1953 2934 Plin.
1966 2908 2045 2942 Epist.
2062 2917 2080 2938 1,
2093 2916 2109 2942 7
2137 2908 2205 2934 Nam
2218 2916 2266 2941 ego
2280 2913 2379 2940 quoque

253 2951 383 2985 Qiin&il.
400 2959 419 2982 l,
432 2955 445 2979 8
481 2950 572 2982 annl
591 2947 702 2982 poeticis
718 2944 898 2980 voluptatibus
918 2953 992 2971 aures
1011 2953 1026 2971 a
1044 2943 1140 2970 forensi
1152 2943 1290 2977 asperitate
1352 2944 1432 2971 fimili
1444 2950 1517 2976 nutu,
1530 2952 1558 2970 ac
1572 2950 1667 2970 renutu
1682 2944 1838 2978 respondere
1852 2949 1916 2970 voto
1929 2951 1974 2970 tuo
1988 2944 2095 2978 possum.
2131 2946 2150 2969 i.
2171 2945 2257 2969 Facere
2270 2940 2332 2977 quod
2344 2940 2379 2967 de.

252 2988 390 3022 respirent.
463 2986 484 3011 A
497 2989 567 3010 metu
579 2983 706 3018 respirare
733 2981 788 3008 Cic.
803 2989 851 3017 pro
865 2981 969 3007 Cluent.
984 2988 1033 3005 200
1046 2989 1068 3006 c.
1083 2982 1123 3012 65.
1208 2977 1288 3017 *Idem
1304 2979 1452 3015 Sofideras.
1557 2979 1604 3006 Illa
1618 2981 1687 3014 seges
1701 2979 1805 3006 demum
1820 2980 1897 3006 Votis
1911 2980 2049 3013 respondet
2065 2978 2139 3005 anari
2150 2978 2289 3013 Agricolae
2309 2977 2380 3010 Virg.

255 3024 326 3050 Fam.
342 3025 369 3054 6,
384 3030 395 3048 2
433 3020 459 3047 Si
472 3020 552 3046 armis
566 3026 609 3045 aut
624 3016 776 3045 conditione
790 3016 894 3051 politis,
912 3022 955 3042 aut
969 3014 1158 3050 defatigatione
1171 3013 1290 3053 abiectis,
1352 3016 1449 3050 Georg.
1464 3023 1483 3046 1,
1495 3022 1540 3049 47.
1635 3015 1661 3042 Si
1684 3014 1788 3041 bonitas
1810 3022 1854 3041 tua
1878 3013 2041 3049 responderit
2066 3014 2165 3040 iudicio
2183 3022 2242 3040 meo
2257 3012 2382 3039 Antonius
2406 3033 2408 3039 .

253 3065 299 3085 aut
311 3057 426 3084 vietoria
440 3055 572 3088 detractis,
586 3054 676 3081 ciuitas
688 3052 869 3087 rel'piranerit,
882 3057 907 3077 ct
920 3051 1047 3085 dignitate
1060 3057 1104 3078 tua
1116 3050 1171 3076 frui
1184 3049 1253 3081 tibi,
1265 3054 1291 3075 et
1351 3052 1408 3078 Cic.
1421 3053 1473 3077 Att.
1489 3059 1529 3083 14,
1544 3058 1575 3081 13.
1682 3050 1778 3083 Neque
1789 3049 1932 3085 quidquam
1947 3057 1998 3076 tam
2014 3050 2152 3076 obscenum
2167 3050 2268 3081 dicere,
2281 3048 2381 3074 cuinon

255 3095 361 3121 fortuna
376 3093 415 3119 vti
431 3091 530 3118 licebit.
638 3091 740 3125 Proprie
756 3089 812 3115 Cic.
824 3087 855 3114 dc
870 3088 931 3114 Nat.
948 3088 1027 3113 Deor.
1042 3095 1067 3117 2,
1082 3094 1121 3119 135
1157 3086 1244 3120 anue
1257 3083 1289 3111 ad
1303 3100 1308 3105 -
1353 3088 1386 3113 ab
1399 3086 1479 3113 initio
1492 3085 1621 3119 pueritiae
1633 3086 1708 3112 omni
1723 3094 1819 3119 genere
1832 3086 1958 3113 facinoris
1971 3091 2039 3112 aetas
2054 3087 2097 3111 sua
2106 3085 2257 3119 respondeat
2277 3082 2382 3109 Pseudo-

255 3130 393 3162 pulmones
412 3136 494 3161 vsque
513 3126 656 3160 pertineat,
674 3124 839 3159 excipiatque
859 3123 990 3155 animam,
1006 3131 1073 3155 cam,
1093 3130 1159 3156 quae
1172 3120 1249 3147 01116ὶο
1262 3120 1290 3146 fit
1352 3123 1408 3150 Cic.
1420 3120 1580 3148 inSallust.1.
1696 3121 1752 3147 Cic.
1767 3122 1838 3147 Fam.
1854 3129 1889 3153 15,
1905 3130 1929 3147 21
1965 3121 2015 3148 Cui
2030 3130 2080 3155 ego
2093 3122 2199 3155 quidem
2219 3119 2302 3147 amori
2318 3117 2382 3149 (vti-

255 3164 359 3198 l'piritu,
372 3163 532 3196 eandemque
546 3170 560 3186 a
575 3161 745 3194 pulmonibus
758 3159 878 3193 respiret,
891 3165 916 3185 et
929 3158 1028 3185 reddat.
1118 3157 1191 3183 Idem
1200 3158 1252 3183 Att.
1265 3164 1292 3188 2,
1316 3157 1344 3186 85
1352 3167 1412 3185 nam
1424 3156 1531 3184 caeteris
1543 3156 1620 3182 rebus
1639 3157 1752 3190 possem)
1771 3165 1861 3183 amore
1875 3163 1944 3182 certe
1956 3156 2127 3191 respondebo.
2219 3158 2249 3182 ln
2261 3153 2382 3180 omnibu‘
2405 3172 2407 3179 1

256 3208 285 3231 24
305 3202 371 3227 Item
393 3206 472 3233 atque
492 3205 525 3223 eo
546 3195 563 3222 fi
586 3196 667 3230 potest
685 3195 769 3222 acrius
787 3201 813 3220 te
827 3203 910 3228 rogo,
929 3200 958 3220 vt
971 3194 1047 3228 plane
1060 3193 1093 3220 ad
1105 3202 1153 3219 nos
1167 3191 1290 3218 aduoles:
1351 3194 1403 3221 tuis
1416 3193 1493 3220 rebus
1506 3192 1572 3218 meis
1584 3191 1679 3225 optatis
1691 3192 1797 3218 fortuna
1810 3192 1945 3226 respondit
1965 3193 2019 3219 Cic.
2034 3193 2105 3218 Fam.
2119 3201 2141 3224 2,
2156 3201 2175 3218 1.
2267 3191 2313 3215 Par
2327 3187 2383 3223 pari

255 3236 394 3269 respiraro,
407 3234 423 3259 si
437 3240 462 3260 te
481 3231 584 3259 videro.
679 3230 826 3264 Respiraui,
841 3229 968 3256 liberatus
982 3230 1038 3255 sum
1069 3229 1126 3256 Cic.
1139 3236 1187 3262 pro
1195 3227 1289 3253 Milon.
1352 3228 1508 3264 respondere
1530 3227 1611 3253 Plaut.
1626 3227 1712 3253 Truc.
1726 3236 1749 3259 2,
1763 3236 1785 3260 7,
1798 3235 1840 3261 45.
1946 3228 2110 3262 Respondere
2123 3227 2188 3262 patri
2198 3245 2205 3256 ,
2221 3232 2269 3260 pro
2283 3225 2382 3250 Imitari

256 3275 298 3302 48.
369 3269 441 3296 idem
454 3277 502 3303 pro
516 3268 611 3300 Quint.
627 3274 653 3299 53
681 3266 707 3292 Si
720 3265 870 3291 mehercule
886 3264 947 3290 hacc
961 3271 1046 3291 tecnin
1060 3264 1113 3291 duo
1125 3263 1206 3290 verba
1218 3262 1291 3289 fecis·
1353 3274 1431 3291 mores
1439 3266 1540 3300 patris,
1556 3271 1600 3288 nec
1612 3262 1765 3298 degenerare.
1837 3263 1890 3289 Cic.
1907 3262 1939 3288 de
1953 3263 2041 3290 Finib.
2055 3273 2074 3295 3,
2088 3268 2101 3293 8
2139 3262 2179 3288 Est
2192 3261 2261 3286 enim
2275 3267 2381 3293 magnae

257 3305 308 3335 ses,
326 3304 397 3337 Quid
411 3313 460 3339 ago
474 3306 484 3330 ζ
517 3303 659 3336 respirasset
672 3301 801 3336 cupiditas
813 3306 890 3333 atquc
903 3300 1016 3326 auaritia
1030 3299 1185 3334 paullulum.
1227 3298 1289 3324 Stat.
1352 3309 1430 3326 curae
1443 3301 1622 3334 (quamquam
1636 3297 1744 3332 quidem
1758 3296 1808 3324 hoc
1821 3298 1957 3332 proprium
1970 3305 2043 3325 tuum
2058 3307 2152 3325 munus
2163 3296 2214 3326 est)
2234 3301 2261 3321 vt
2276 3295 2311 3321 ita
2326 3303 2383 3321 eru-⁴

256 3338 320 3364 Silu.
337 3348 360 3369 2,
375 3348 400 3372 2,
415 3345 446 3374 78
480 3354 525 3359 --
560 3338 624 3364 Inde
637 3337 782 3372 malignum
818 3336 885 3362 Aera
899 3336 1007 3369 respirat
1025 3336 1118 3370 pelago
1137 3334 1291 3361 circumflua
1299 3340 1335 3365 90
1354 3336 1455 3366 diatnr,
1474 3341 1501 3361 vt
1515 3340 1539 3360 et
1556 3333 1640 3367 patri,
1659 3339 1684 3359 ct
1698 3333 1815 3367 Scipioni
1829 3334 1928 3364 nostro,
1948 3340 1972 3360 et
1987 3335 2037 3361 tibi
2053 3342 2104 3360 tam
2118 3332 2266 3367 propinquo
2280 3331 2383 3364 respon-

254 3373 344 3400 Neffis.
1355 3371 1423 3398 deat.
1529 3368 1673 3395 Nobilitati
1686 3368 1818 3394 maiorum
1834 3370 1990 3403 respondere
2014 3368 2140 3404 Quinctil.
2158 3377 2175 3398 :,
2191 3374 2215 3400 7.
2304 3368 2382 3392 briam

291 3416 354 3435 RES
364 3414 395 3434 Pi
407 3413 425 3433 R
438 3416 457 3434 Α
467 3415 504 3435 Ti
517 3414 547 3439 ο,
562 3408 631 3434 onis.
670 3407 688 3433 s.
726 3406 866 3441 [οἶναπνοὴ]
903 3406 958 3431 Cic.
972 3404 1004 3431 de
1012 3404 1133 3431 Vniuers.
1147 3407 1175 3431 16
1195 3405 1292 3439 Neque
1350 3406 1401 3440 fine
1416 3404 1486 3467 Cigu.
1520 3404 1590 3431 Male
1602 3404 1758 3438 respondent
1771 3404 1874 3438 ingenia
1888 3405 1977 3431 madia
1994 3406 2079 3431 Scnec.
2094 3404 2124 3429 de
2137 3402 2258 3435 Tranqu.
2273 3410 2314 3426 an.
2328 3410 2348 3426 c.
2356 3401 2380 3426 6.

256 3450 329 3470 erant
344 3444 430 3470 anima
445 3444 597 3470 circumfusa
612 3448 726 3469 extrema
737 3441 830 3468 mundi
840 3461 849 3473 ‚
870 3446 896 3467 vt
912 3440 1112 3473 respirationem
1132 3440 1292 3474 requireret.
1354 3442 1428 3477 Cous.
1459 3440 1505 3466 lin.
1522 3445 1557 3472 18,
1570 3442 1596 3466 6.
1686 3439 1715 3465 In
1734 3439 1860 3465 feminam
1874 3441 1940 3467 bene
1954 3438 2167 3475 respondentibus
2180 3437 2316 3463 menstruis
2330 3443 2381 3461 11011

256 3480 312 3506 Cic.
328 3478 359 3505 de
371 3478 432 3504 Nat.
446 3478 524 3504 Deor.
534 3488 557 3509 2,
565 3487 598 3513 27
619 3478 647 3504 de
660 3482 731 3510 ac're,
751 3478 807 3512 Ipse
820 3476 908 3503 oritur
919 3485 950 3502 cx
963 3476 1134 3510 respiratione
1147 3484 1290 3509 aquaruuu
1355 3476 1423 3504 cadit
1437 3475 1507 3502 Cels.
1521 3479 1544 3506 6,
1556 3478 1581 3501 6.
1624 3473 1717 3510 Vbique
1730 3476 1837 3510 intelligi
1845 3474 1940 3510 ptiust,
1960 3483 2025 3503 voto
2038 3478 2076 3501 ve!
2087 3473 2190 3506 optatis.
2269 3472 2380 3505 Respon-

255 3523 347 3542 earuni
362 3513 432 3540 enim
446 3512 517 3547 quasi
537 3523 619 3547 vapor
641 3514 748 3548 quidam
767 3515 813 3540 aer
836 3511 969 3538 habendus
989 3511 1034 3538 est.
1138 3511 1287 3545 Respiratio
1297 3519 1329 3545 95
1351 3512 1427 3545 dere,
1447 3511 1599 3545 Respicere,
1618 3511 1662 3536 scu
1675 3517 1765 3536 contra
1778 3511 1890 3544 politum
1904 3513 1952 3538 effe
1987 3511 2058 3544 Virg.
2074 3510 2137 3534 Aen.
2152 3511 2176 3537 6,
2190 3516 2225 3539 23-
2279 3508 2375 3533 Contr²
2404 3524 2406 3528 ·

256 3558 336 3585 parua
349 3556 427 3584 atque
439 3547 530 3574 anhela
548 3550 618 3575 Cael.
632 3549 719 3576 Aurel.
734 3550 808 3575 Acut.
824 3556 850 3580 z,
863 3556 903 3579 32,
919 3550 971 3582 167.
1057 3546 1180 3574 Tardior
1191 3555 1220 3573 ac
1234 3555 1287 3573 ma·
1354 3548 1420 3575 elata
1433 3547 1500 3573 mari
1515 3545 1650 3580 respondet
1662 3545 1755 3572 Gnosia
1774 3547 1858 3578 tellus,
1891 3547 2004 3574 Seruius.
2095 3543 2239 3570 Aedificare
2251 3542 2378 3577 poi-ticum

255 3586 299 3612 ior
312 3594 372 3611 cum
386 3583 498 3618 quodam
512 3583 609 3616 gemitu
638 3586 667 3611 C.
684 3584 774 3610 Aurcl.
790 3585 834 3610 Ac.
849 3593 871 3615 2,
886 3592 908 3615 3,
922 3586 958 3610 16.
1062 3582 1118 3608 Cic.
1133 3583 1161 3608 in
1174 3583 1248 3609 Orat.
1262 3591 1288 3615 53
1372 3592 1420 3611 uae
1433 3582 1532 3616 palatio
1545 3580 1696 3615 respondeat
1726 3581 1782 3607 Cic.
1797 3582 1828 3608 dc
1836 3583 1927 3617 Arusp.
1941 3582 2014 3616 Resp.
2027 3588 2071 3614 49.
2162 3580 2210 3605 Res
2226 3578 2263 3604 ibi
2278 3578 2378 3611 respon-

255 3629 276 3646 c.
291 3623 318 3647 16
340 3618 468 3647 Distinela
479 3618 552 3648 alios,
564 3624 589 3657 et
607 3619 769 3654 interpnn6’ta
783 3618 928 3649 interualla,
941 3626 1039 3648 morae,
1052 3618 1289 3653 respirationesque
1353 3593 1414 3646 dent
1437 3617 1516 3643 simili
1539 3616 1641 3649 forma,
1658 3624 1703 3642 erc.
1721 3616 1749 3642 de
1762 3617 1860 3651 speculo
1882 3619 1982 3644 Lucrct.
1996 3626 2024 3649 4,
2039 3618 2090 3644 168.
2206 3613 2377 3652 Respondete,

255 3655 394 3682 delectant.
465 3655 506 3681 Sic
517 3653 625 3686 Qun&-
640 3662 673 3685 Η,
687 3663 708 3686 3,
722 3663 758 3688 49
778 3654 925 3689 Respiratio
939 3652 1056 3680 secunda.
1345 3662 1395 3690 pro
1418 3651 1561 3688 Profet‘ium
1582 3652 1682 3683 habere,
1697 3658 1721 3678 ct
1744 3662 1791 3677 uon
1809 3653 1902 3688 fallere
1923 3651 2044 3684 confilium
2070 3657 2093 3675 et
2115 3651 2265 3686 propnjnmn
2284 3647 2388 3674 medici..

292 3696 311 3717 R
323 3698 338 3717 Ε
348 3697 400 3717 511
411 3696 430 3716 R
440 3690 490 3716 ᾹΤ
501 3695 521 3715 v
533 3696 556 3720 s,
571 3688 608 3714 sis.
637 3698 671 3714 m.
708 3690 881 3725 [ἀνάπνευσις]
918 3690 973 3716 Cic.
990 3689 1021 3716 de
1036 3689 1097 3715 Nat.
1110 3688 1191 3715 Deor.
1206 3697 1230 3719 2,
1245 3691 1343 3721 136100
1352 3689 1417 3717 Cels.
1429 3697 1455 3720 2,
1470 3696 1499 3713 10
1520 3686 1549 3713 Id
1561 3689 1631 3720 quod
1646 3687 1663 3714 fi
1675 3687 1704 3713 in
1719 3696 1779 3713 cura
1792 3697 1898 3723 quoque
1908 3695 2005 3721 aquae,
2023 3693 2088 3719 quae
2103 3692 2170 3711 inter
2185 3692 2270 3711 cutem
2284 3683 2328 3716 est,
2342 3682 2375 3708 ita

253 3734 275 3752 c.
289 3733 316 3757 55
337 3726 366 3751 In
380 3723 550 3760 pulmonibus
564 3729 651 3750 autem
666 3725 729 3750 inest
742 3727 833 3752 raritas
847 3724 972 3760 quaedam
981 3745 989 3757 ,
1007 3730 1033 3750 et
1045 3723 1159 3750 affiinilis
1171 3725 1287 3758 spongiis
1349 3723 1495 3758 respondet,
1508 3729 1606 3756 quanto
1624 3724 1706 3756 magis
1719 3725 1813 3750 11000110
1826 3725 1861 3750 est
1873 3724 1901 3749 in
1914 3723 2036 3755 sanguiue
2051 3720 2217 3755 respondeat?
2251 3720 2320 3746 Alibi
2332 3717 2376 3743 Ce-

253 3760 410 3791 mollitudo,
430 3759 462 3786 ad
483 3758 658 3786 hauriendum
682 3760 800 3792 spii-itum
826 3761 951 3795 aptissima
965 3771 971 3786 z
1005 3759 1052 3793 qui
1069 3765 1126 3785 tum
1143 3760 1168 3785 se
1184 3766 1285 3786 contra·
1351 3760 1411 3787 dere
1424 3765 1504 3785 vocat.
1590 3758 1656 3785 Cels.
1671 3768 1695 3791 ς,
1709 3763 1732 3788 18
1753 3760 1840 3786 Credo
1854 3766 1939 3786 autern
1957 3765 2009 3790 quo
2023 3757 2094 3791 peius
2109 3756 2135 3782 id
2150 3756 2245 3782 malum
2260 3755 2308 3784 est,
2329 3751 2373 3779 11ιί-

252 3795 318 3823 hunt
331 3796 504 3830 adspirantes,
523 3801 579 3821 tum
595 3794 622 3820 in
637 3795 680 3820 res
695 3795 761 3820 iratu
777 3795 901 3827 dilatant,
921 3803 949 3822 vt
960 3797 1113 3830 frequenter
1127 3794 1237 3821 ducatur
1250 3796 1286 3822 ci·
1347 3803 1447 3829 nusque
1461 3792 1538 3820 facile
1551 3791 1707 3826 discutitur,
1726 3804 1758 3821 eo
1772 3795 1846 3829 plura
1859 3794 1906 3820 effe
1919 3798 2015 3819 tentata
2031 3803 2036 3817 ι
2074 3800 2140 3826 qnae
2156 3792 2182 3817 in
2203 3791 2317 3824 personis
2333 3795 2374 3814 va-

250 3831 299 3858 bus
312 3831 447 3861 animalis,
468 3838 522 3864 quo
535 3830 649 3856 maxime
662 3838 674 3855 a
688 3836 767 3855 untur
779 3831 934 3858 animantes.
1024 3832 1117 3865 Aliqua
1137 3832 1285 3866 exemplaria
1347 3832 1387 3858 rie
1402 3828 1599 3863 responderunt.
1634 3829 1663 3855 dr
1677 3831 1823 3867 malagmate
1836 3829 1869 3856 ad
1870 3827 1989 3861 strumas.
2060 3827 2128 3853 Add.
2142 3827 2309 3853 scribomzz.
2342 3824 2371 3847 it.

248 3866 353 3899 habene,
372 3866 526 3900 Respiritu3
557 3867 625 3897 alia,
643 3865 720 3891 Tum
733 3865 825 3899 spiritu
837 3866 1007 3899 dilatant,etc.
1025 3866 1100 3901 Apul.
1108 3867 1197 3899 Met.4
1211 3876 1236 3901 p.
1245 3874 1280 3901 74
1293 3869 1371 3896 ¹051'n
1385 3865 1462 3900 Epist.
1477 3871 1499 3890 ee
1513 3864 1601 3890 Peror.
1757 3862 1779 3902 ff
1798 3872 1810 3895 3
1847 3863 1903 3899 obs
1939 3863 2099 3897 Responsum
2113 3862 2164 3894 est,
2184 3860 2284 3897 Imperf-
2318 3857 2370 3884 Cic·

2341 3892 2371 3918 de
