2434 4156
247 112 289 151 55
606 89 878 149 QVO

245 183 315 219 quod
339 187 388 213 ego
404 178 437 206 ad
455 185 481 207 te
499 179 595 211 venio,
615 178 754 211 intelligas.
789 180 807 203 i.
834 177 866 201 Vt
879 175 1014 209 intelligas,
1021 179 1121 208 propter
1135 169 1198 205 quod
1209 169 1243 195 ad
1253 177 1276 196 te

246 225 322 245 vento.
426 215 456 242 Id
490 216 604 250 primum
630 214 731 239 dicam:
769 211 879 241 deinde,
899 213 968 243 quod
984 209 1060 239 veni,
1079 208 1188 238 eloquar
1207 205 1274 243 Ter.

245 254 338 279 Heaut.
351 250 419 276 Prol.
433 261 459 277 v.
475 260 493 281 3-
599 248 740 282 Talia-fimi
754 246 800 278 illa
816 257 823 271 .-
861 245 936 278 Virg.
953 244 1004 270 Ecl.
1019 253 1044 274 3,
1058 251 1085 274 33
1114 241 1140 265 Si
1155 239 1186 265 ad
1206 246 1275 267 vitu.

246 287 296 311 lam
317 286 428 319 spefles,
445 286 512 312 nihil
533 284 568 310 est
587 282 659 318 quod
677 282 768 316 pocula
795 280 892 306 laudes.
995 279 1051 304 Cic.
1065 278 1135 303 Fam.
1150 282 1187 306 14,
1202 283 1225 299 12
1246 275 1275 300 In

244 321 316 346 viam
330 321 399 355 quod
413 327 437 348 te
450 321 493 347 des
506 320 554 345 hm¹
569 312 695 351 tempore,
709 316 776 342 nihil
791 316 834 341 cst.
1165 344 1170 348 Ι

244 355 279 382 do
301 364 349 391 ego
370 366 416 383 vos
439 356 544 382 mirari.
565 354 628 388 quid
647 353 690 383 sit,
709 350 797 385 quod,
814 358 895 382 quum
913 348 934 373 is
970 362 1015 367 —-
1051 354 1100 379 ego
1117 344 1276 383 potissimum

243 392 408 418 surrexerim.
513 389 579 415 Ter.
596 389 736 418 Pbor1n.3,
750 394 774 417 9,
794 387 824 415 63
859 385 911 409 Vin
933 383 1047 416 primum
1071 379 1152 404 hodie
1182 379 1275 408 facere,

244 426 316 461 quod
330 436 378 461 ego
392 425 532 460 gaudeam,
551 430 576 449 et
596 422 667 456 quod
681 429 727 446 tuo
743 421 802 445 viro
816 418 887 444 oculi
900 416 1012 443 doleant.
1117 414 1182 439 Hor.
1197 413 1274 447 Epist.

246 470 267 495 1,
283 465 320 495 16,
335 471 370 495 94
393 460 470 493 (Quod
485 467 509 485 te
523 468 568 492 per
579 458 703 492 genium,
722 454 908 486 dextramque,
928 452 1044 484 deosque
1058 454 1162 484 penates
1195 449 1276 475 Obse-

245 506 290 524 tro
303 506 328 524 ct
340 498 468 525 obtestor,
488 495 557 520 vitae
576 502 617 519 me
637 490 716 517 redde
732 489 824 523 priori.
921 487 988 512 Ter.
1004 487 1067 511 Hcc.
1084 493 1106 516 3,
1119 493 1144 516 2,
1160 494 1170 516 3

243 541 345 564 metuo,
359 541 390 557 ne
404 531 569 556 Philumenae
584 527 665 560 magis
682 525 789 550 morbus
803 523 974 557 aggrauescat.
1012 519 1084 555 quod
1099 526 1123 545 te
1132 519 1277 552 Aesculapi,

244 574 270 594 et
303 575 327 594 tc
347 568 431 597 Salus,
446 574 477 591 ne
491 563 554 598 quid
575 563 651 588 huius
671 560 716 592 sit,
735 568 793 585 oro.
910 557 1004 590 de,
1022 564 1069 591 pro
1082 557 1156 589 Qiae
1170 554 1277 586 Plurali,

244 603 331 637 inquit
350 604 465 628 Donatus
484 599 517 624 ml
535 598 603 624 Ter.
624 598 686 622 Eun.
700 604 719 627 1,
735 603 791 627 1,19
811 594 841 620 Ε1
857 594 927 628 quod
943 601 1011 619 nunc
1025 598 1079 618 tute
1094 598 1181 617 tecum
1195 591 1276 616 iratus
1290 624 1293 625 .

244 640 356 672 cogitas,
375 644 455 670 egone
475 635 563 664 illam,
583 641 649 666 quae
669 630 763 662 illum,
785 638 851 664 quae
874 629 938 655 me?
1049 629 1159 653 Nimium
1173 625 1278 661 subtilis

242 675 341 700 videtur
361 673 549 698 Grammaticus.

241 709 306 745 quod
325 711 418 743 cogitas
431 716 440 734 ,-
474 702 595 740 quidquid
625 701 655 734 cst
666 721 672 733 ‚
708 701 756 728 uod
785 703 880 736 cogitas
907 706 953 726 etc.
1023 698 1064 725 Sic
1092 698 1278 733 generalitatem

241 743 360 780 quandam
374 747 458 772 notat,
474 744 501 765 in
508 739 622 775 formula
636 711 708 772 quotql
722 737 754 763 ad
767 746 809 762 me
822 736 923 765 attinet.
965 735 994 760 V.
1009 743 1035 770 g.
1072 733 1129 759 Cic.
1144 741 1192 766 pro
1200 732 1276 758 Rosc.

243 781 330 805 Amer.
346 786 379 808 90
405 776 458 808 Qui
490 783 581 801 omnes
611 773 700 807 (quod
732 772 763 799 ad
795 780 836 797 me
873 770 984 801 attinet)
1017 768 1113 795 vellem
1146 768 1276 794 viuerent.

241 812 262 851 fl
282 823 293 845 3
330 810 512 838 Contimmmlae
526 812 632 836 oratiom
641 809 722 845 struit
734 816 790 834 ante
805 808 946 841 particulas
959 806 1001 837 Si,
1021 804 1085 836 nisi,
1104 803 1164 835 etsi,
1187 808 1277 829 contra

240 857 285 875 etc.
304 857 362 873 nam
379 857 384 872 ε

240 885 307 910 circa
327 882 396 917 quod
416 882 554 916 negotium
576 880 602 906 si.
642 882 724 915 Neque
738 882 801 904 enim
809 879 885 913 plane
896 877 926 903 ab
939 879 1012 902 initio
1020 876 1175 912 finteneiae,
1192 873 1220 899 id
1233 870 1276 906 ist,

239 922 277 953 epi
290 922 364 947 solae,
385 918 458 948 libri,
479 919 618 953 argumenti
629 925 677 941 non
690 914 843 940 cohaerentis
856 922 908 939 cum
916 912 1084 947 superioribus
1099 913 1162 945 poni
1182 909 1276 935 videas.

239 954 294 980 Cic.
309 962 358 988 pro
373 953 489 979 Muracn.
504 958 517 983 8
529 962 550 977 c.
565 961 578 982 4
601 960 654 977 cum
675 947 789 982 dixiffit,
802 949 830 984 [ε
845 950 1015 983 patrocinium
1033 955 1123 981 negare
1142 946 1277 971 Muraenae

237 987 413 1028 nonpouuflb,
434 988 504 1014 adda
530 986 609 1020 Qod
629 985 646 1012 si
667 985 728 1011 licet
740 984 871 1016 definere,
895 983 913 1009 si
940 989 965 1008 te
990 981 1097 1007 auctore
1123 981 1237 1015 possum,
1257 979 1275 1006 si

236 1025 307 1051 nulla
335 1025 446 1050 inertiae
481 1038 526 1043 ——
561 1022 635 1055 culpa
665 1020 822 1055 suscipitur:
857 1027 907 1053 ego
939 1026 1004 1044 vero
1031 1016 1146 1043 libenter
1179 1015 1318 1049 1161111045
1336 1026 1386 1051 que
1400 1018 1451 1044 suis
1465 1017 1633 1051 dignissimus.

236 1060 357 1095 Frequens
377 1058 504 1085 admodum
524 1056 632 1097 (sfd’sm'
651 1057 724 1083 huius
741 1057 865 1089 rationis,
884 1054 948 1089 quod
960 1055 999 1080 vel
1010 1053 1055 1079 hoc
1069 1052 1121 1088 'Psi'
1135 1052 1208 1078 huius
1223 1061 1277 1077 ora-

232 1099 311 1122 tionis
324 1095 423 1121 exordio
436 1092 529 1127 ostendi
535 1091 624 1129 potest.
696 1092 846 1118 Mentionem
863 1093 890 1115 in
904 1092 1032 1124 principio
1043 1088 1144 1124 fecerat
1151 1087 1277 1123 sollemnis

228 1133 384 1166 precationis
395 1130 545 1165 consularis,
563 1128 635 1154 addit
662 1127 742 1161 Qtod
761 1126 778 1152 si
792 1126 838 1152 illa
852 1126 984 1152 sollemnis
998 1124 1170 1151 comitiorum
1190 1131 1276 1156 preca-

234 1166 274 1193 tio
292 1173 338 1192 etc.
426 1167 456 1192 Et
470 1173 481 1196 3
514 1164 594 1197 Quod
608 1163 625 1189 si
639 1163 667 1189 in
679 1164 713 1189 iis
728 1162 804 1188 rebus
818 1160 982 1195 repetendis,
1000 1168 1067 1194 quae
1080 1159 1194 1193 mancipi
1209 1159 1276 1190 sunt,

929 314 958 338 Et
973 321 1022 346 pro
1030 313 1103 338 Rosc.
1113 310 1168 334 Am.
1184 318 1192 334 1
1214 309 1276 335 Cre·
1293 315 1307 343 5

1207 484 1275 510 Male
1289 497 1319 515 10

420 850 446 871 in
460 846 545 881 quibus
558 844 653 871 candem
660 844 719 879 fere
732 846 782 869 vim
794 842 880 874 habet,
899 851 929 868 ac
944 840 969 874 Ji
988 840 1058 866 dicas
1074 848 1125 873 qua
1146 839 1173 865 in
1195 848 1223 864 re
1248 837 1277 870 si,
1289 846 1324 864 20
1338 839 1395 866 Cic.
1409 840 1462 867 Att.
1475 848 1501 873 9,
1515 848 1548 866 22
1559 839 1645 875 *Quod
1676 842 1800 876 superesi,
1819 842 1901 869 scribe
1934 842 2030 877 quaeso
2063 849 2139 874 quam
2171 838 2364 866 accuratissime-

1716 79 1986 135 QVO
2316 81 2361 135 ⁵6

1335 175 1477 207 Qtantum.
1511 172 1579 199 Hor.
1592 172 1672 198 Serm.
1687 178 1713 203 2,
1726 177 1771 204 7,3
1791 167 1911 194 Amicum
1945 168 2110 203 Mancipium
2123 167 2252 197 domino,
2271 170 2297 193 et
2309 165 2364 197 frn-

1336 210 1377 243 gi‚
1392 210 1461 242 quod
1474 208 1502 235 sit
1518 209 1585 234 satis.
1623 209 1640 232 i.
1666 203 1870 239 Tam-umfrugi,
1890 211 2004 238 quantum
2019 202 2140 240 sufficiat.
2230 202 2269 228 Sic
2284 199 2365 233 Quod

1336 244 1442 278 quidem
1454 246 1481 270 in
1494 251 1518 270 te
1532 244 1600 275 fuit,
1615 246 1634 268 i.
1649 248 1778 277 quantum,
1796 236 1825 271 ἵ,
1838 250 1876 269 τι,
1895 239 1946 266 vid.
1961 239 2081 266 Priscian.
2094 244 2120 269 18
2135 248 2158 273 p.
2173 245 2242 270 1194.
2285 236 2365 271 Qtod

2138 275 2240 306 Munus·
2247 271 2365 298 nostrum

1336 285 1444 314 potero,
1466 278 1600 305 adiuuabo
1632 278 1718 304 senem
1748 275 1958 307 Ter.1-1eaut.3‚
1972 283 1992 307 ι,
2006 282 2032 310 7.
2092 309 2112 335 C
2137 309 2161 344 f
2180 309 2211 335 Id
2268 308 2293 333 H

2112 318 2141 335 on
2160 329 2167 335 .
2213 317 2254 334 em
2296 312 2364 333 eaut.

1335 321 1429 341 ornato
1442 315 1545 346 verbis,
1564 313 1633 347 quod
1654 312 1750 347 poteris
1774 310 1845 336 Idem
1858 310 1920 336 Eun.
1935 318 1955 342 2,
1969 319 1989 343 1,
2002 310 2029 340 8.·

1827 346 1860 371 Vt
1874 351 1972 371 tantum
1986 343 2068 372 medii
2081 345 2167 371 suerat
2180 343 2276 375 maris,
2296 348 2366 378 vtraj-

1336 357 1357 382 5,
1371 360 1398 383 4,
1413 358 1446 382 ις.
1513 350 1568 377 Cic.
1585 350 1637 374 Att.
1652 357 1688 380 12,
1703 352 1735 380 48
1750 354 1790 381 pr.

1335 393 1385 418 que
1400 384 1477 411 classis
1513 384 1592 418 Qiod
1606 384 1681 410 semel
1695 381 1799 408 excussis
1813 381 1890 415 posset
1903 387 2077 407 transcurrere
2090 380 2167 406 tonsis
2187 380 2365 412 [111-3113638,

1335 419 1401 446 Hor.
1414 421 1494 447 Serm.
1510 429 1531 452 2,
1545 428 1572 454 7,
1585 429 1622 453 40
1652 420 1700 445 Tu
1714 427 1772 443 cum
1785 417 1814 443 sis
1829 415 1898 451 quod
1914 423 1977 449 ege,
1996 422 2020 442 et
2033 415 2142 442 fortassis
2156 415 2278 448 nequior,
2292 414 2364 447 vltr'o

1335 453 1463 482 Insectere
1478 456 1487 481 3
1523 455 1612 481 Sensus
1635 454 1687 486 est,
1706 455 1796 487 Quum
1815 452 1844 478 sis
1858 452 1882 478 id
1897 450 1966 486 quod
1979 459 2027 485 ego
2041 453 2112 484 sum,
2133 452 2159 477 id
2174 450 2223 481 est,
2243 449 2365 477 fimiliter

1337 487 1445 516 vitiosus
1456 510 1464 522 ,
1484 495 1513 516 vt
1526 499 1574 524 ego
1589 500 1594 516 :
1629 496 1658 516 tu
1672 499 1713 516 me
1727 490 1797 515 vltro
1811 487 1958 514 insecteris?
2152 483 2174 523 ff
2199 488 2215 511 6
2251 486 2366 519 Exempla

1337 526 1370 548 mi
1383 525 1461 551 mlta.-
1497 527 1552 552 Cic.
1577 533 1625 559 pro
1649 526 1744 552 Milon.
1768 529 1792 554 18
1819 523 1908 550 Nullis
1922 521 2024 548 Graecis
2037 522 2192 553 comitibus,
2210 527 2239 547 vt
2251 519 2366 546 solebat:

1337 557 1390 583 sffle
1402 567 1497 598 yxore,
1517 562 1587 594 quod
1599 569 1732 594 nunquam
1745 560 1809 586 fere.
1835 563 1883 585 int.
1896 558 1983 593 facere
1989 557 2090 593 solebat.
2193 557 2249 586 Cic.
2264 556 2316 581 Att.
2332 564 2365 588 11,

1331 601 1365 619 ,12
1384 593 1411 618 Si
1423 595 1488 628 quid
1502 596 1568 627 erit,
1589 595 1658 629 quod
1674 595 1705 622 ad
1720 605 1785 630 quos
1797 593 1962 622 scribendum
1975 601 2033 618 meo
2045 592 2153 619 nomine
2166 598 2255 627 putes,
2274 591 2365 623 velim,

1337 634 1366 654 vt
1399 628 1479 662 soles,
1510 630 1599 656 facias.
1680 630 1808 658 Delec‘lari
1841 629 1941 656 videtur
1972 632 1998 654 in
2026 632 2169 663 repetitione
2200 629 2365 660 pronominis.

606 666 702 702 Qaidni
722 669 784 692 enim
802 664 873 700 q¹¹0d
891 662 1017 700 significet
1041 661 1181 697 ²²⁷²³¹¹⁴²¹⁷J³⁴⁷J¹
1208 660 1279 689 ‘'¹¹⁸⁰'‘
1293 664 1319 690 ι5
1337 662 1419 696 Qod
1437 672 1517 697 quum
1533 666 1570 692 ita
1589 665 1641 699 est,
1660 667 1792 699 eit-edicto
1804 667 1872 693 bona
1885 665 1987 700 possessa
2000 673 2052 690 non
2065 664 2122 691 sunt
2141 665 2197 691 Cic.
2211 671 2260 698 pro
2273 662 2366 696 Quint.

1338 702 1378 732 65.
1472 699 1545 734 Virg.
1559 701 1623 726 Aen.
1638 709 1668 733 11,
1684 710 1707 734 ις

1445 734 1560 767 Maxima
1571 744 1611 762 res
1624 736 1714 763 efficta
1728 736 1798 769 viri,
1817 737 1899 763 timor
1918 734 2004 762 omnis
2017 733 2119 761 abesto:

1444 769 1663 804 Qtod'superest,
1683 772 1744 798 haec
1756 773 1813 799 sunt
1827 772 1924 806 spolia,
1942 778 1967 797 et
1981 770 2012 796 de
2026 779 2085 803 rege
2099 768 2211 803 superbo

1443 805 1588 833 Primitiae.
1637 806 1759 839 Seruius,
1778 807 1797 834 i.
1806 816 1829 834 e.
1849 808 1888 836 De
1900 807 2018 841 reliquo:
2037 812 2061 832 et
2075 805 2109 831 cst
2124 804 2241 831 absoluta
2253 792 2364 836 locutio.

1337 875 1442 917 Lucret.
1456 884 1478 908 3,
1490 884 1541 902 222
1560 875 1640 909 Qiod
1652 886 1732 911 genus
1743 878 1796 910 est,
1815 878 1908 905 Bacchi
1920 887 1979 904 cum
1992 877 2041 903 flos
2058 876 2180 908 euanuit,
2199 882 2246 901 etc.
2260 898 2261 902 ,
2332 875 2365 899 Si-

1336 911 1501 951 mtlitucsinem
1513 910 1610 951 indicat
1619 914 1719 950 ..Quia
1733 913 1859 948 quidfieri
1866 914 1938 949 som.
2041 912 2097 938 Cic.
2111 911 2142 937 de
2156 911 2246 944 Arusp.
2261 911 2335 944 Resp.
2350 911 2366 935 6

1337 945 1418 986 Qod
1431 946 1501 973 1de1n
1516 955 1544 972 111
1557 946 1658 986 iudiclo
1671 948 1761 982 capitis
1774 948 1868 974 durum
1879 954 1956 983 atque
1970 948 2092 982 iniquum
2107 947 2151 973 cst.
2221 947 2294 972 Idem
2307 944 2366 971 Phi-

1336 981 1400 1016 lipp.
1414 991 1437 1015 3,
1451 990 1478 1015 25
1497 982 1583 1014 Qnod-
1592 981 1664 1008 idem
1674 983 1738 1009 fecit
1750 983 1779 1009 L.
1793 982 1941 1017 Philippus,
1961 984 2004 1010 vir
2016 992 2082 1015 auo,
2102 989 2189 1017 patre,
2210 981 2367 1013 maioribus,-

1594 1053 1598 1057 .
1739 1018 1804 1051 Οἱς.Δ
1813 1027 1861 1052 pro
1876 1019 1961 1051 Domo
1974 1027 2004 1054 71
2035 1020 2248 1052 Qiotiescnnque
2271 1016 2302 1043 de
2324 1025 2367 1042 me

1334 1052 1466 1079 consultus
1479 1053 1528 1083 est,
1551 1060 1628 1079 toties
1642 1062 1699 1079 eam
1711 1053 1811 1080 nullam
1822 1054 1870 1086 esse
1883 1054 2018 1081 iudicauit.
2087 1053 2167 1086 Qod
2182 1053 2251 1079 idem
2265 1058 2294 1078 111
2302 1053 2367 1078 Len·

1335 1090 1389 1115 tule
1408 1089 1499 1115 vidisti
1517 1089 1546 1115 in
1565 1097 1594 1128 ea
1614 1088 1688 1123 lege,
1707 1096 1784 1122 quam
1802 1088 1833 1115 de
1845 1098 1887 1115 me
1899 1089 1983 1121 tulisti
1996 1100 2007 1121 ε,
2031 1096 2081 1125 pro
2094 1098 2135 1122 eo,
2170 1088 2217 1114 uod
2229 1098 2270 1114 nos
2287 1088 2367 1113 dicere

1329 1124 1448 1160 fhlmus,
1469 1123 1540 1164 quod
1553 1131 1642 1155 etiam.
1747 1125 1777 1150 Et
1790 1123 1821 1150 de
1836 1125 1898 1156 Nat.
1912 1125 1991 1151 Deor.
2006 1133 2027 1158 2,
2040 1133 2066 1157 53
2092 1126 2153 1159 Qto
2186 1124 2256 1150 idem
2268 1124 2368 1149 faciunt

1336 1159 1423 1186 stellae
1437 1161 1593 1194 superiores.
1701 1159 1758 1186 Cic.
1772 1159 1799 1186 in
1811 1160 1883 1187 Orat.
1895 1169 1929 1187 20
1956 1161 2025 1187 Nam
2037 1167 2063 1186 et
2077 1159 2245 1194 grandiloqui
2259 1159 2368 1185 fuerunt

235 1202 257 1229 is
280 1201 427 1236 periculum
450 1200 544 1226 iudicii
561 1198 687 1233 praestare
703 1197 795 1230 debet,
815 1197 861 1231 qui
877 1198 901 1224 se
914 1205 984 1222 nexu
998 1195 1130 1229 obligauit
1146 1205 1166 1234 ;¹
1185 1193 1276 1234 profe·
1285 1203 1320 1228 30
1337 1205 1397 1222 cum
1409 1196 1493 1230 ampla
1515 1201 1540 1221 et
1560 1195 1747 1221 sententiarum
1766 1195 1909 1230 grauitate,
1925 1202 1950 1222 et
1963 1195 2094 1222 maiestate
2108 1195 2266 1226 verborum,
2291 1194 2368 1221 vehe.

505 1237 535 1261 Et
548 1244 602 1261 mox
616 1245 632 1269 4
652 1234 732 1267 Qod
745 1233 763 1259 si
778 1242 792 1259 e
807 1238 884 1267 portu
900 1231 1062 1258 soluentibus
1077 1230 1108 1262 ii,
1122 1238 1168 1264 qut
1183 1238 1235 1256 13111
1248 1237 1276 1259 111

1221 1274 1275 1299 quo

233 1237 278 1264 cto
297 1238 376 1263 etiam
390 1244 434 1262 etc.

233 1280 342 1307 portum
356 1280 387 1298 ex
399 1272 452 1297 alto
465 1270 628 1297 inuehuntur
641 1269 790 1304 praecipere
803 1269 906 1294 summo
919 1267 1007 1294 studio
1023 1267 1103 1293 solent
1139 1280 1184 1284 —-

232 1307 337 1334 tandem
351 1315 393 1333 me
404 1307 495 1333 auimo
508 1307 556 1332 ess'e
570 1311 675 1339 oportet
688 1313 734 1331 etc.
824 1306 883 1336 Ειῤ
907 1304 985 1336 Qiod
1001 1302 1017 1328 si
1032 1309 1106 1334 tum,
1125 1310 1183 1327 cum
1199 1301 1274 1335 Resp.

233 1343 291 1370 vim
304 1351 328 1369 et
342 1342 510 1368 seueritatem
523 1340 678 1375 postulabat,
692 1340 746 1366 vici
757 1345 877 1365 naturam
914 1353 958 1359 —
994 1345 1092 1371 quanto
1108 1337 1212 1363 tandem
1226 1336 1275 1362 stu-

232 1378 279 1405 dio
297 1378 382 1404 debeo
395 1385 439 1403 etc.

222 1414 362 1478 ‘'veteris
375 1411 551 1439 contumeliae
563 1411 687 1437 obliuisci
703 1410 799 1441 vellet,
818 1417 882 1434 num
900 1408 980 1433 etiam
1000 1407 1145 1432 recentium
1167 1414 1275 1433 iniuria-

267 1459 292 1475 m
328 1464 373 1469 -
409 1447 565 1474 memoriam
578 1446 710 1479 deponere
724 1445 803 1480 posset
817 1445 826 1470 3
896 1443 964 1469 Ter.
979 1441 1059 1468 Andr.
1073 1449 1096 1473 3,
1106 1450 1133 1472 4,
1149 1448 1175 1472 25
1193 1439 1275 1472 Qiod

803 1479 873 1513 Nep.
888 1483 924 1510 18,
938 1483 961 1510 8,
977 1487 987 1508 3
1013 1476 1093 1509 Quod
1108 1475 1126 1501 si
1141 1476 1201 1508 quis
1215 1475 1274 1500 illo-

231 1485 250 1512 11
265 1485 405 1519 quiessem,
422 1483 490 1509 nihil
506 1483 628 1508 euenisset
642 1481 714 1507 rnali.

1102 1510 1175 1536 Idem
1184 1518 1221 1542 23,
1230 1519 1247 1541 1,
1256 1519 1271 1536 2

231 1530 291 1547 rum
304 1527 490 1546 veteranorum
507 1518 572 1552 legat
586 1516 669 1548 fa&a;
705 1516 775 1550 paria
789 1514 884 1541 horum
899 1514 1036 1541 coenos-at

231 1556 312 1589 Qtod
332 1554 389 1582 Nisi
407 1555 480 1581 domi
501 1554 652 1580 debilitatus
674 1553 741 1578 esset.

230 1592 288 1619 Nisi
303 1590 432 1623 discedat,
453 1591 503 1616 sese
518 1589 593 1615 illum
607 1597 655 1622 pro
667 1587 740 1613 hoste
755 1585 917 1611 habiturum.

230 1627 312 1662 Quod
326 1627 384 1653 Nisi
399 1626 500 1652 fuissem
514 1625 668 1658 incogitans.
739 1622 795 1647 Cic.
810 1621 861 1646 Att.
879 1628 912 1651 13,
925 1628 956 1651 43
977 1616 1056 1650 ond
1072 1616 1131 1643 Nisi
1144 1624 1186 1641 me
1199 1616 1273 1642 Tor-

228 1664 300 1697 quati
322 1662 398 1688 causa
418 1661 553 1687 retineret.
657 1658 730 1692 Virg.
750 1657 848 1689 Georg.
865 1664 885 1687 1,
899 1663 938 1687 ¹55
967 1654 1046 1686 Qod
1061 1652 1119 1679 Nili
1132 1660 1157 1678 ct
1172 1651 1272 1677 assiduis

228 1705 326 1725 terram
358 1696 519 1723 insetSIabere
550 1694 648 1722 rastris.
743 1691 811 1719 Add.
838 1691 891 1717 Ecl.
912 1699 938 1722 9,
962 1699 1000 1723 ¹4·
1072 1695 1095 1714 ct
1107 1688 1173 1714 Aen.
1185 1689 1210 1717 6,
1224 1695 1271 1719 133.

228 1734 299 1761 Flor.
315 1742 340 1766 4,
355 1742 377 1765 2,
390 1739 415 1762 81
436 1734 627 1758 Veteranorum
640 1737 733 1755 manus
746 1727 856 1762 gradum
870 1732 941 1752 retro
956 1725 1036 1751 dedit.

227 1769 346 1796 nondum
365 1769 480 1801 fugerat,
497 1767 636 1801 apparebat
655 1771 758 1795 tamen,
779 1763 879 1797 pudore
899 1762 980 1795 magis
1002 1769 1080 1794 quam
1100 1766 1200 1785 Virtute
1214 1758 1272 1784 resi-

228 1806 304 1832 stere.
365 1805 477 1829 Tuentur
491 1812 542 1828 cam
556 1801 682 1828 temonem
695 1806 782 1825 contra
796 1797 937 1824 emendandi
952 1804 1054 1822 conatus
1067 1798 1120 1821 viri
1132 1792 1272 1829 docliffimi.

227 1841 284 1868 Cic.
298 1840 329 1866 de
344 1840 402 1865 Fin.
420 1847 439 1870 1,
453 1840 487 1872 67
499 1847 521 1863 c.
537 1846 567 1862 20
588 1836 667 1868 Qiod
683 1835 754 1867 Qiia
769 1833 844 1859 nullo
857 1837 938 1859 modo
959 1832 1010 1858 sine
1030 1831 1149 1858 amicitia
1170 1829 1272 1856 firmam

227 1882 253 1903 et
277 1880 427 1910 perpetuam
450 1872 640 1899 iucunditatem
663 1871 734 1896 vitae
757 1876 845 1895 tenere
869 1870 998 1903 possumus
1034 1882 1078 1886 —
1114 1866 1214 1892 idcirco
1227 1872 1272 1891 etc.

985 1584 1052 1609 Ter.
1068 1582 1175 1615 Phorm.
1185 1589 1205 1612 1,
1214 1589 1273 1613 3,19

226 1913 268 1940 Sic
282 1910 360 1943 Quod
375 1911 489 1936 Contra:
523 1909 626 1934 Lucrct.
642 1915 661 1938 1,
675 1911 701 1937 83
722 1905 803 1938 Qtod
819 1911 909 1930 contra
924 1904 1024 1937 saepius
1038 1902 1083 1929 illa
1099 1901 1217 1935 Relligio
1230 1910 1268 1935 pe.
1284 1907 1315 1932 50
1331 1903 1451 1937 coegisti.

225 1948 294 1982 perit
312 1945 435 1973 scelerosa
455 1950 533 1978 atque
549 1944 629 1977 impia
645 1941 734 1973 faeta„
790 1941 847 1966 Cic.
862 1939 932 1966 Lael.
947 1948 981 1972 90
993 1948 1014 1964 c.
1024 1947 1058 1971 24
1079 1939 1189 1963 Peccallc
1200 1937 1271 1962 euim

226 1984 252 2010 se
276 1991 329 2008 non
351 1986 481 2015 anguntur
505 1979 644 2012 obiurgari
664 1976 771 2002 moleste
788 1976 877 2002 ferunt
893 1986 898 2000 2
936 1975 1007 2008 quod
1019 1975 1118 2000 Contra
1131 1973 1271 2007 oportebat

226 2018 324 2045 delicio
333 2014 629 2049 dolere‚obiurgatione
643 2012 766 2047 gaudere.
826 2012 888 2037 Tale
901 2008 944 2041 esi,
957 2009 1037 2043 Qtod
1052 2010 1145 2040 Nunc,
1165 2014 1271 2034 aeterno

226 2054 288 2089 quia
311 2052 426 2079 constant
448 2051 547 2077 semine
569 2050 687 2083 quaeque
723 2062 769 2067 -—
804 2046 915 2073 Nullius
935 2046 1046 2072 exitium
1066 2045 1163 2078 patitur
1177 2050 1269 2070 natura

224 2089 313 2117 videri
335 2089 412 2114 Lucr.
428 2095 447 2117 1,
461 2095 520 2113 222.
555 2089 573 2113 i.
596 2086 648 2111 Iam
669 2092 742 2115 uero,
759 2091 824 2108 nunc
837 2088 924 2107 autem.

226 2126 341 2159 eminet,
357 2130 385 2150 vt
397 2122 463 2149 alter
476 2121 587 2148 alterum
601 2129 648 2146 nec
661 2119 770 2152 opinato
785 2118 951 2148 videremm,
970 2117 1081 2142 surrexit
1097 2115 1183 2140 statim
1215 2115 1271 2140 Cic.

227 2161 259 2187 de
272 2161 330 2187 Fin.
345 2169 367 2192 3,
383 2164 396 2189 8
408 2168 430 2184 c.
446 2167 470 2184 2.
560 2156 631 2182 Caes.
649 2156 676 2181 Β.
691 2155 749 2180 Ciu.
763 2162 784 2186 3,
796 2156 827 2182 68
859 2152 938 2185 Qiod
953 2152 1020 2178 Cum
1035 2151 1093 2176 esset
1106 2149 1271 2176 animaduer-

225 2197 300 2233 sum,
337 2193 505 2221 coniun&am
535 2193 583 2218 esse
615 2191 720 2216 flumini
733 2200 741 2221 ;
848 2224 852 2228 .
896 2188 1015 2227 protinus
1047 2184 1271 2225 transcenderunt.

227 2232 308 2265 Qiod
335 2230 471 2263 Qtoniam
495 2228 572 2254 nobis
595 2235 703 2261 qnoque
723 2224 855 2251 voluntati
879 2222 992 2254 accidit,
1010 2228 1038 2247 vt
1060 2230 1143 2248 artem
1165 2221 1271 2246 dicendi

226 2267 463 2302 perscriberemus,
493 2273 546 2290 non
569 2271 653 2290 vnum
682 2260 760 2287 nobis
783 2258 892 2292 aliquod
914 2257 1096 2292 proposuimus
1114 2253 1311 2296 'exetnplnm60
1332 2257 1352 2295 q
1380 2267 1391 2289 3
1428 2255 1526 2289 de,
1541 2262 1589 2291 pro
1606 2256 1731 2290 Qantum
1745 2255 1777 2279 ad
1789 2253 1850 2280 illud
1859 2257 1968 2288 pertinet
1981 2255 2020 2279 vel
2033 2259 2132 2279 attinet.

640 2299 680 2324 sic
694 2297 769 2324 MSS.
786 2294 850 2321 unde
858 2293 979 2330 fecerunt·
989 2292 1149 2323 voluntatis,
1171 2299 1198 2317 ot
1217 2295 1271 2316 iun-

226 2346 311 2375 gerent
327 2338 396 2371 quod
412 2335 565 2363 voluntatis.
603 2333 680 2367 Srdfi
693 2339 769 2359 totam
779 2331 869 2367 seriem
883 2329 1001 2365 inspicias
1015 2330 1146 2367 orationis,
1167 2326 1271 2357 uidebis,

224 2375 290 2401 nihil
302 2373 330 2399 de
344 2373 480 2399 voluntate
490 2368 646 2406 praeceffiffe.
720 2369 806 2401 Imque
826 2365 903 2392 nobis
931 2364 1062 2391 voluntati
1087 2362 1182 2389 accidit
1205 2369 1268 2398 puto

218 2409 381 2446 fignijicare‚
398 2407 455 2434 uelle
468 2409 602 2441 coepimus,
623 2411 650 2429 vt
664 2404 693 2429 in
706 2410 820 2429 mentem
833 2402 905 2427 venit
919 2408 963 2426 etc.
1020 2400 1053 2425 111
1067 2400 1119 2425 Α11.
1136 2403 1268 2430 3‚2.oextr.

226 2304 283 2331 Cic.
299 2302 330 2328 de
345 2303 401 2328 Inu.
417 2310 439 2333 2,
453 2310 471 2333 4
484 2309 505 2326 c.
522 2308 544 2325 2.

254 2445 304 2471 uod
338 2453 380 2470 me
409 2449 481 2469 vetas
514 2440 658 2475 quidquam
683 2438 807 2473 suspicari
830 2436 949 2463 accidisse
974 2435 1005 2462 ad
1030 2436 1150 2461 animum
1182 2439 1266 2460 tuum.
1281 2437 1312 2468 65
1330 2441 1416 2461 torem
1432 2433 1583 2468 praedicet:

225 2481 305 2515 Qtod
318 2481 361 2507 Ne
369 2479 497 2513 {ongiore
511 2477 623 2504 exordio
637 2475 764 2510 legentem
778 2473 926 2507 fatigemus,
940 2480 1020 2497 vnum
1033 2470 1103 2504 quasi
1118 2469 1270 2503 exemplum

225 2517 397 2544 subiiciemus
413 2515 517 2541 Colum.
533 2521 556 2545 ς,
571 2520 649 2544 11,13.
756 2509 836 2542 Quod
856 2508 910 2534 Vbi
931 2506 992 2533 sensi
1012 2515 1053 2532 me
1073 2506 1101 2532 in
1123 2504 1270 2539 possessione

225 2553 321 2580 iudicii
342 2561 371 2578 ac
393 2549 550 2576 defensionis
568 2556 642 2573 meae
662 2545 802 2572 constitisse
837 2559 881 2563 --
918 2552 978 2569 tunc
997 2542 1142 2568 admiscere
1155 2540 1217 2567 huic
1230 2550 1272 2575 ge-

225 2589 283 2614 neri
297 2587 425 2614 orationis
442 2584 592 2612 vehementi
606 2588 683 2615 atque
695 2581 780 2607 atroci
794 2588 872 2614 genus
886 2578 952 2605 illud
965 2578 1077 2604 alterum
1115 2592 1159 2597 —
1195 2577 1270 2610 coepi

225 2625 281 2651 Cic.
298 2623 328 2650 de
342 2624 415 2649 Orat.
429 2631 455 2654 2,
468 2630 520 2648 200
532 2629 553 2646 c.
568 2628 601 2652 49
612 2625 655 2654 pr.

226 2660 257 2686 R.
273 2668 292 2691 1,
308 2667 340 2690 13,
358 2667 375 2691 4
396 2661 576 2692 interpretatur
591 2655 715 2689 Scaliger,
735 2659 818 2688 utpote
833 2661 885 2677 cnm
901 2649 1026 2683 melzusfit
1036 2669 1044 2682 ,
1063 2648 1107 2674 εἴτε
1123 2649 1149 2678 δὴ
1166 2650 1269 2684 κρᾶτα-εν

222 2693 257 2721 ἵν.
296 2693 362 2720 Add.
399 2693 489 2728 scalig.
520 2690 553 2717 ad
585 2700 606 2723 1,
637 2699 674 2724 55,
704 2698 728 2715 2.
833 2687 913 2721 ond
935 2686 988 2713 Vbi
1026 2684 1054 2712 id
1086 2691 1148 2719 pote
1184 2685 1268 2710 Varro

227 2731 259 2758 R.
273 2731 303 2757 R.
320 2738 338 2761 1,
354 2736 387 2761 ¹5·

381 2764 460 2790 Nunc
480 2768 568 2788 manet
589 2761 717 2786 insontem
729 2759 817 2793 grauis
831 2758 916 2784 exitus
931 2768 937 2784 ε
972 2761 1015 2782 aut
1037 2764 1086 2788 ego
1098 2754 1157 2780 veri

378 2801 453 2825 Vana
465 2798 536 2825 feror
550 2807 558 2827 ;
595 2795 665 2830 quod
680 2797 714 2821 Vt
728 2804 744 2821 0
765 2795 851 2829 potius
873 2792 1018 2822 formidine
1031 2790 1094 2817 falsa

379 2835 467 2861 Ludar
616 2831 692 2864 Virg.
708 2832 768 2855 Aenv
786 2839 823 2861 10,
838 2831 896 2860 630.

223 2872 279 2899 Cic.
294 2871 366 2898 Fam.
382 2879 421 2903 14,
433 2879 451 2903 4
471 2870 561 2902 Qmm
574 2872 660 2892 autem
675 2866 760 2891 scribo
772 2864 803 2890 ad
818 2873 864 2890 vos
879 2869 923 2889 aut
941 2861 1024 2888 vestra
1044 2861 1119 2895 lego,
1140 2859 1268 2887 conficior

226 2907 342 2934 lacrimis
355 2905 396 2936 sic,
411 2911 438 2931 vt
452 2905 522 2930 ferre
537 2911 592 2928 non
606 2901 695 2936 possim
709 2911 714 2926 ε
742 2899 812 2935 quod
822 2899 929 2925 Vtinam
944 2899 1028 2924 minus
1041 2898 1112 2923 vitae
1125 2895 1213 2930 cupidi
1228 2894 1268 2921 fu-

223 2944 325 2970 issemus
339 2961 348 2974 ,
368 2947 437 2967 certe
452 2939 535 2971 nihil,
556 2944 600 2964 3111
613 2946 667 2963 11011
680 2936 792 2962 multum
807 2936 836 2961 in
849 2936 902 2961 vita
917 2933 979 2959 mali
995 2932 1155 2959 vidissemus.
1198 2931 1267 2957 Ter.

554 1376 627 1402 Caes.
642 1375 669 1401 B.
685 1375 717 1400 G.
733 1383 752 1405 1,
765 1382 802 1406 14,
815 1382 827 1404 3
846 1377 873 1398 in
887 1374 966 1399 media
979 1372 1179 1410 expostulatione,
1194 1371 1275 1410 Qiod
1290 1379 1319 1405 35
1336 1382 1387 1407 que
1419 1372 1574 1399 desiderant.

849 1550 920 1576 Caes.
933 1542 999 1575 Bell.
1012 1547 1079 1574 Gan.
1095 1555 1114 1578 1,
1128 1555 1165 1578 44
1194 1545 1316 1578 Q10d40

1120 1723 1208 1763 'de
1222 1722 1312 1754 Etsi45
1331 1723 1470 1758 proprium
1485 1732 1558 1750 meae
1572 1734 1578 1748 :

1277 2794 1312 2822 -75
1324 2791 1427 2825 pliciter
1441 2788 1475 2814 ad
1487 2798 1528 2820 ea,
1547 2796 1605 2823 quae
1619 2797 1632 2812 α

1337 1237 1450 1270 mentes,
1468 1232 1557 1263 varii,
1577 1231 1609 1258 ad
1623 1230 1828 1265 permouendos,
1847 1238 1872 1257 et
1886 1231 2076 1257 conuertendos
2092 1231 2197 1264 ,animos
2209 1229 2327 1257 instruffl
2342 1234 2368 1256 et

1336 1273 1420 1306 parati
1435 1277 1440 1292 :
1478 1266 1550 1300 quod
1562 1266 1646 1301 ipsum
1661 1265 1708 1292 alii
1723 1267 1824 1301 aspera,
1843 1267 1930 1299 tristi,
1948 1266 2056 1293 horrida
2069 1266 2189 1293 oratione
2203 1276 2209 1292 z
2244 1265 2290 1292 alii
2304 1265 2369 1298 leni,

1337 1308 1362 1328 et
1378 1301 1503 1328 instruc‘ia
1517 1303 1573 1328 sunt
1587 1302 1726 1328 consecuti.
1819 1302 1874 1327 Cic.
1891 1302 1944 1327 Ate.
1959 1310 1997 1333 14,
2006 1310 2035 1327 20
2054 1302 2132 1328 Nunc
2145 1308 2232 1328 autem
2245 1301 2369 1328 videmur

1330 1337 1454 1368 vhabituri
1468 1337 1559 1364 ducem
1575 1346 1580 1362 :
1617 1336 1688 1371 quod
1704 1344 1801 1367 vnum,
1820 1341 1902 1368 nempe
1913 1341 1942 1359 vt
1953 1335 2096 1366 habeamus,
2113 1337 2271 1370 municipia,
2292 1336 2368 1363 boni-

1681 1371 1769 1405 Qod,
1786 1377 1834 1403 pro
1864 1367 1970 1399 καθότι,
1987 1369 2026 1392 vel
2044 1367 2160 1399 sea-8600»,
2173 1370 2224 1400 fiue
2248 1366 2369 1404 quatenus-¹

1352 1415 1425 1434 rout:
1460 1408 1530 1434 Ter.
1538 1406 1644 1433 Phorm.
1659 1414 1679 1438 1,
1692 1414 1715 1437 2,
1729 1411 1754 1434 81
1773 1404 1871 1431 Omnia
1887 1403 1949 1429 haec
1966 1400 2128 1435 confingam,
2146 1403 2284 1433 quoderit
2301 1406 2369 1432 mihi

1331 1416 1437 1468 {onum
1471 1448 1550 1476 atque
1574 1440 1761 1468 commodum.
1869 1437 1998 1471 Qunciil.
2014 1445 2032 1467 1,
2046 1444 2073 1469 7,
2086 1444 2117 1468 30
2142 1435 2211 1468 Ego,
2228 1437 2298 1468 quod
2312 1448 2371 1466 con.

1335 1476 1445 1503 suetudo
1476 1476 1638 1506 obtinuerit,
1657 1473 1824 1501 scribendum
1853 1473 1971 1509 quidque
2002 1471 2111 1504 iudico,
2128 1470 2262 1505 quomodo
2289 1468 2370 1503 sonat.

1331 1513 1373 1540 Sic
1387 1511 1481 1547 Ienson.
1515 1513 1571 1538 Alii
1583 1512 1667 1545 legunt
1690 1510 1748 1536 Nisi
1762 1509 1844 1544 quod.
1942 1538 1944 1540 ¹
2278 1535 2279 1538 ,
2352 1530 2354 1536 ,

1371 1553 1422 1586 οχν
1434 1553 1491 1573 01).
1528 1544 1735 1580 Coniunffiofit
1753 1545 1804 1578 (ut
1822 1545 1967 1570 Graecorum
1977 1541 2040 1576 ‘dn-i)
2058 1541 2173 1568 causalis.
2210 1549 2238 1567 ea
2251 1540 2305 1576 fere
2326 1552 2365 1571 aa„

1332 1586 1412 1613 tione,
1432 1591 1479 1617 qua
1495 1582 1590 1616 dignus
1610 1579 1642 1614 est
1663 1581 1710 1615 qui
1729 1585 1847 1612 ametur,
1866 1579 1929 1605 idem
1940 1577 2071 1614 fignificat
2089 1585 2173 1613 utque
2205 1581 2233 1603 vt
2263 1574 2365 1606 ametur.

1333 1620 1441 1645 Nonnun
1460 1626 1514 1643 uam
1526 1620 1571 1644 vix
1585 1616 1724 1642 diiudicare
1738 1617 1814 1647 licet,
1830 1621 1913 1647 verum
1927 1613 1961 1640 ad
1972 1615 2105 1640 Pronomen
2119 1612 2276 1644 commodius,
2295 1622 2326 1638 an
2337 1610 2368 1640 a‘d

1331 1626 1521 1679 contunt‘siones
1534 1652 1671 1688 referatur.
1720 1652 1750 1677 V.
1763 1659 1789 1686 g.
1807 1653 1838 1684 in,
1849 1652 1892 1676 illo
1906 1650 1962 1677 Cic.
1977 1650 2029 1676 Att.
2049 1656 2069 1681 1,
2083 1657 2102 1681 4
2121 1647 2201 1681 Qiod
2213 1647 2245 1674 ad
2258 1656 2299 1674 me
2312 1647 2370 1674 scri.

1331 1689 1373 1715 bis
1386 1687 1418 1713 de
1431 1687 1626 1718 Hermathena,
1646 1695 1692 1722 per
1707 1687 1774 1713 mihi
1787 1692 1890 1719 gratum
1904 1685 1954 1716 est,
1976 1691 2001 1711 et
2013 1691 2200 1711 ornamentum
2218 1683 2370 1712 Academiae

1615 1722 1687 1757 quod
1707 1728 1733 1748 et
1756 1723 1867 1749 Hermes
1889 1729 2029 1747 commune
2051 1720 2187 1752 omnium,
2206 1725 2230 1745 et
2251 1720 2371 1751 Minerua

1331 1759 1460 1794 singulare
1476 1758 1511 1786 est
1524 1759 1580 1786 eius
1593 1758 1726 1793 gymnasii.
1797 1757 1873 1792 Pofflt
1885 1760 1921 1783 ita
1941 1760 2065 1790 accipere,
2084 1753 2169 1787 Illud,
2186 1756 2256 1788 quod
2272 1754 2373 1790 scribis,

1331 1802 1436 1830 gratum
1451 1796 1487 1821 est
1501 1805 1507 1820 ε
1542 1801 1565 1820 et
1579 1796 1632 1826 ita,
1651 1795 1722 1827 Qia
1735 1793 1827 1819 scribis
1846 1798 1948 1827 gratum
1963 1791 2007 1818 est.
2091 1788 2281 1817 Coniuncsiuum
2296 1793 2372 1826 offlei-

1326 1832 1380 1867 scit
1393 1830 1496 1867 nonsua
1509 1833 1537 1856 vi
1545 1850 1553 1863 ,
1565 1829 1613 1864 sed
1621 1837 1669 1865 pro
1682 1833 1777 1856 rarione
1791 1831 1896 1864 reliquae
1908 1831 2037 1855 orationis.
2079 1827 2110 1853 V.
2125 1837 2150 1863 g.
2186 1827 2241 1853 Cic.
2257 1828 2309 1852 Att.
2327 1835 2347 1858 1,
2356 1834 2373 1858 ,3

1334 1867 1442 1894 Vtinam
1455 1867 1533 1893 illum
1547 1865 1620 1892 diem
1635 1864 1756 1898 videam,
1771 1872 1852 1899 quum
1866 1863 1918 1890 tibi
1932 1872 2005 1898 agam
2017 1864 2123 1897 gratias,
2137 1863 2207 1896 quod
2222 1871 2263 1888 me
2279 1862 2371 1888 viuere

1523 1900 1651 1937 zfiylbuerat
1661 1902 1691 1928 ab
1703 1902 1789 1927 Amco
1800 1900 1828 1935 se
1841 1897 1959 1926 coaciam.
2017 1901 2056 1926 Ita
2069 1898 2122 1925 Att.
2139 1910 2155 1931 ’,
2169 1906 2197 1924 10
2217 1899 2310 1924 Vtrum
2319 1903 2372 1923 tan-

1333 1939 1395 1965 dem
1409 1939 1467 1964 sum
1481 1937 1636 1964 accusandus
1655 1937 1664 1962 3
1700 1936 1773 1972 quod
1786 1936 1877 1966 doleo,
1903 1943 1935 1961 au
1950 1934 2020 1969 quod
2035 1934 2152 1961 commisi
2174 1940 2219 1960 etc.
2233 1932 2373 1969 fatetur-12

1332 1975 1428 2005 dolere,
1442 1970 1591 2006 commisifle.'
1661 1973 1691 1998 Et
1705 1972 1770 1999 ibid.
1810 1972 1842 1997 At
1864 1977 1889 1999 te
1911 1971 1997 1998 minus
2021 1970 2103 1996 multa
2126 1968 2228 2002 scribo,
2252 1967 2323 2003 quod
2347 1973 2372 2002 et

1333 2018 1456 2036 moerore
1471 2009 1605 2043 impedior
1617 2014 1662 2034 otc.
1695 2026 1697 2032 .
1752 2006 1798 2035 Sed
1810 2016 1832 2039 3,
1847 2014 1922 2043 tepr.
1945 2007 1995 2032 Hic
2010 2011 2040 2032 tu
2054 2015 2096 2032 me
2109 2005 2226 2037 accusas,
2246 2004 2318 2039 qnod
2332 2012 2374 2030 me

1329 2045 1454 2071 afflittem
1470 2055 1475 2070 :
1510 2054 1559 2071 non
1591 2044 1642 2080 ipse
1670 2046 1745 2078 ponit
1775 2042 1887 2078 aliquid,
1916 2043 1963 2077 sed
1992 2044 2078 2069 Attici
2102 2042 2253 2078 sententiam
2285 2039 2374 2076 refert.

1032 2080 1112 2113 Quod
1126 2080 1215 2112 Qtum
1231 2088 1270 2105 ac·
1286 2086 1314 2112 55
1331 2079 1351 2118 ff
1371 2090 1385 2107 2
1413 2080 1521 2112 ,Qtod,
1537 2088 1586 2114 pro
1600 2089 1687 2115 quum,
1704 2077 1847 2114 postquam,
1865 2088 1893 2105 ex
1905 2088 1951 2114 quo
1965 2086 2010 2104 etc.
2047 2078 2158 2104 Tertius
2173 2076 2228 2102 dies
2241 2076 2284 2107 est,
2301 2084 2354 2110 quo

1329 2116 1421 2143 audiui
1436 2116 1589 2141 recitantem
1622 2114 1688 2140 Plin.
1703 2115 1748 2146 Ep.
1764 2123 1792 2146 4,
1804 2122 1847 2146 27.
1914 2114 2010 2147 Minus
2038 2113 2189 2147 quindecim
2222 2112 2276 2138 dies
2307 2112 2373 2140 sunt,

1330 2151 1402 2187 quod
1418 2160 1466 2185 pro
1479 2150 1548 2182 hisce
1560 2149 1676 2184 acdubus
1691 2149 1774 2174 minas
1788 2147 1959 2181 quadraginta
1967 2148 2085 2181 accepisti
2105 2150 2186 2174 Plaut.
2196 2147 2344 2179 Trin.'1,4‚
2353 2155 2372 2173 1.

1331 2189 1498 2220 Qamquam
1524 2185 1587 2212 haec
1609 2185 1678 2210 inter
1697 2192 1745 2212 nos
1764 2191 1861 2216 nupera
1881 2183 1977 2208 notitia
1997 2182 2140 2208 admodum
2155 2184 2203 2211 esi,
2221 2181 2282 2207 Inde
2302 2181 2371 2209 adeo

1331 2222 1404 2256 quod
1432 2229 1525 2255 agrum
1551 2221 1580 2246 in
1610 2220 1737 2254 proximo
1765 2218 1808 2245 hic
1841 2225 1967 2250 mercatus
2002 2226 2027 2243 es
2064 2218 2132 2243 Ter.
2159 2219 2251 2243 Heaut.
2273 2226 2292 2249 1,
2309 2226 2317 2243 1
2331 2226 2371 2252 pr.

2185 2253 2253 2279 Ter.
2270 2253 2333 2278 Eun.
2350 2258 2361 2267 ·

1332 2298 1354 2323 8,
1369 2301 1399 2325 34
1419 2292 1445 2317 Si
1468 2297 1493 2317 te
1516 2292 1543 2316 in
1566 2291 1651 2324 platea
1671 2288 1807 2315 offendero
1827 2288 1874 2314 hac
1893 2289 1949 2322 post
1969 2297 2099 2322 vnquam,
2119 2287 2189 2322 quod
2208 2287 2277 2313 dit-as
2291 2270 2371 2319 mihi}

1330 2327 1421 2354 Alium
1436 2326 1612 2361 quaerebam,
1633 2325 1683 2351 iter
1697 2324 1743 2350 hac
1758 2322 1852 2354 habui:
1877 2323 1975 2358 peristi.
2048 2322 2183 2358 Exprtffiam
2192 2321 2369 2356 videtslrcxfi-

1329 2365 1384 2390 mili
1398 2366 1449 2389 loco
1474 2361 1568 2388 Plani.
1583 2360 1652 2387 Asin.
1668 2369 1722 2393 4‚1‚
1732 2368 1753 2386 11
1769 2358 1893 2386 Alienum
1907 2358 2043 2384 hominem
2057 2359 2213 2390 intromittat
2224 2358 2369 2389 neminem.

1330 2398 1470 2432 Qiodilla
1486 2404 1529 2424 aut
1543 2397 1675 2428 amicum,
1693 2402 1737 2422 aut
1752 2402 1900 2430 patronum,
1919 2400 1963 2423 aut
1978 2393 2048 2428 quod
2062 2394 2214 2425 illaralmicae
2230 2395 2286 2419 suae
2299 2401 2368 2419 ama-

1619 2433 1698 2458 Fores
1715 2431 1831 2457 occlusae
1852 2429 1974 2455 omnibns
1987 2428 2059 2455 fient.
2094 2443 2138 2448 -—
2175 2429 2225 2454 Aut
2242 2427 2311 2462 quod
2325 2428 2370 2454 illa

1846 2465 1888 2491 Ne
1902 2464 2009 2498 epistola
2022 2463 2128 2498 quidem
2144 2463 2195 2489 vlla
2208 2463 2238 2489 fit
2252 2472 2278 2488 111
2299 2461 2371 2489 aedi-

1332 2470 1399 2497 dicat
1415 2478 1523 2504 peregre
1536 2469 1640 2496 allatam
1654 2467 1789 2502 epistolam
1805 2476 1811 2491 :
2354 2494 2358 2497 μ

2070 2498 2150 2526 Ouid.
2165 2500 2218 2524 Art.
2234 2501 2294 2530 1‚26
2313 2498 2370 2530 Illa,

1327 2506 1389 2532 bus.
1463 2507 1494 2532 Ee
1509 2514 1534 2531 v.
1548 2513 1572 2537 51
1592 2504 1672 2537 de
1686 2502 1732 2528 illa
1742 2508 1827 2527 autem
1839 2499 1942 2526 simulet
1954 2507 1999 2525 etc.

1332 2541 1403 2577 quod
1416 2540 1452 2567 est
1465 2541 1558 2575 virgo,
1579 2538 1651 2574 quod
1665 2538 1715 2564 tela
1730 2535 1860 2570 cupidinis
1872 2534 1947 2567 odit,
1981 2535 2062 2562 Multa
2077 2533 2147 2561 dedit
2159 2534 2262 2569 Populo
2279 2534 2369 2560 vulne—

1326 2587 1375 2608 ra,
1395 2576 1477 2603 multa
1496 2576 1577 2602 dabit.
1616 2575 1692 2604 Plura
1713 2572 1786 2600 buius
1805 2575 1903 2607 generis
1923 2569 1991 2596 dedit
2007 2570 2041 2596 ad
2059 2569 2137 2604 Epist.
2152 2578 2189 2604 17,
2204 2578 2229 2600 51
2247 2568 2368 2595 Heinius.

725 2617 806 2650 Qtod
822 2616 892 2641 enim
911 2615 1007 2641 melius
1027 2613 1095 2649 apud
1108 2615 1222 2639 Varron.
1239 2613 1312 2646 R.7o
1329 2614 1411 2640 <Talia
1418 2612 1481 2646 sunt
1503 2611 1570 2638 Ter,
1590 2609 1655 2640 Eun.
1669 2617 1696 2642 4,
1710 2615 1736 2642 7,
1750 2615 1774 2640 15
1813 2607 1876 2633 Sane
1888 2607 1959 2641 quod
1974 2605 2024 2632 tibi
2039 2615 2105 2632 nunc
2121 2606 2163 2632 vir
2176 2604 2297 2637 videatur
2311 2604 2369 2636 esse,

1331 2648 1373 2674 hic
1386 2647 1484 2673 nebulo
1499 2653 1605 2679 magnus
1620 2644 1664 2670 est.
1772 2641 1969 2677 IdemAdelph.
1984 2650 2007 2674 ς,
2020 2650 2045 2673 9,
2060 2650 2089 2673 ²9
2110 2642 2145 2666 Vt
2157 2641 2185 2667 id
2198 2640 2369 2671 ostenderem,

1329 2682 1401 2716 quod
1424 2688 1449 2708 te
1473 2681 1515 2707 isti
1539 2679 1644 2706 facilem
1667 2685 1692 2706 et
1711 2677 1833 2704 festiuum
1858 2684 1964 2713 putant,
1983 2677 2010 2703 id
2033 2685 2086 2703 non
2106 2675 2163 2703 fieri
2180 2685 2214 2704 ,ex
2229 2684 2290 2702 vera
2306 2675 2369 2709 vita.

1330 2720 1360 2745 In
1375 2718 1414 2744 his
1426 2718 1540 2751 exemplis
1555 2714 1728 2742 obieffiombus
1744 2716 1782 2740 uel
1801 2714 1996 2750 excusationibus
2018 2720 2040 2738 et
2064 2712 2098 2739 ad
2118 2721 2158 2739 ear
2178 2711 2370 2748 responstombus

1322 2754 1418 2789 Jeruit:
1449 2753 1497 2789 sed
1508 2756 1581 2779 etiam
1587 2751 1634 2787 fre
1652 2758 1735 2777 uenter
1747 2749 1876 2776 adhibetur
1887 2752 1914 2776 in
1928 2746 2035 2784 epistolis
2048 2755 2071 2774 et
2078 2749 2245 2784 sermonibus,
2263 2745 2370 2781 ubistm-

1634 2759 1650 2813 Ξ
1662 2787 1739 2813 altero
1748 2786 1932 2820 prolatafimt‚
1951 2784 2118 2820 respondetur.
2160 2785 2223 2819 V1g.
2251 2783 2305 2809 Cic.
2315 2785 2369 2816 ‘'¹53-

1329 2833 1368 2858 14,
1383 2834 1414 2850 20
1439 2823 1518 2856 Qtod
1533 2823 1657 2850 Ciceroni
1672 2822 1743 2857 (filio
1757 2822 1828 2856 meo)
1841 2820 2002 2856 suppeditas,
2023 2827 2134 2854 gratum.
2186 2816 2266 2851 Qud
2280 2826 2367 2844 errare

1326 2870 1370 2888 me
1383 2867 1472 2895 putas,
1510 2873 1552 2878 -—-
1588 2857 1621 2884 fic
1635 2859 1660 2884 se
1674 2867 1715 2884 res
1727 2857 1806 2886 habet
1840 2872 1900 2883 —.
1973 2855 2051 2889 Quod
2066 2865 2107 2881 me
2120 2854 2246 2886 hortaris,
2266 2861 2292 2880 vt
2309 2854 2368 2886 scri·
2398 2864 2399 2868 ¹

1327 2903 1398 2931 ptam
1413 2896 1568 2921 concionem
1582 2895 1702 2926 mittam,
1722 2893 1810 2927 accipe
1823 2901 1838 2918 a
1851 2901 1893 2919 me
1907 2900 1952 2919 etc.
2025 2890 2106 2925 Quod
2127 2891 2243 2917 Hirtium
2262 2898 2308 2924 per
2324 2897 2366 2915 me

1327 2933 1465 2958 meliorem
1480 2931 1538 2957 fieri
1553 2930 1662 2960 volunt,
1680 2929 1714 2955 do
1727 2928 1851 2962 equidem
1865 2936 1980 2962 operam.
2070 2927 2110 2954 Sic
2123 2927 2193 2952 Fam.
2208 2935 2230 2958 3,
2245 2934 2257 2958 5
2287 2923 2366 2958 (Qtod

223 2978 330 3005 Phorm.
347 2985 365 3009 1,
377 2986 398 3009 3,
412 2985 425 3009 5
457 2975 580 3009 Rogitas,
601 2973 648 3006 qui
667 2978 719 2998 tam
739 2970 841 2997 audacis
862 2970 989 2996 facinoris
1002 2968 1068 2994 mihi
1084 2967 1202 2994 conscius
1221 2966 1266 2992 fis?
1279 2972 1310 2997 80
1328 2969 1456 2994 itinerum
1471 2976 1591 2993 meorum
1605 2966 1674 2992 ratio
1686 2971 1711 2991 te
1724 2964 1878 2991 nonnullam
1894 2964 1922 2991 in
1933 2962 2124 2989 dubitationem
2140 2961 2245 2988 videtur
2257 2962 2365 2993 adduce-

223 3013 294 3048 quod
310 3013 414 3039 Vtinam
429 3020 461 3038 ne
474 3009 630 3037 Phormioni
644 3008 670 3034 id
686 3006 791 3033 madere
810 3007 837 3032 in
849 3012 963 3032 mentem
981 3003 1118 3030 incidisset.
1189 3002 1267 3037 Apul.

224 3049 301 3083 Apol.
315 3058 338 3082 p.
353 3056 408 3083 275,
418 3056 442 3079 33
464 3044 544 3080 Quod
560 3045 666 3071 Vtinam
681 3049 732 3069 tam
746 3042 836 3077 grauia
851 3042 953 3068 formae
968 3047 992 3066 et
1006 3040 1143 3066 facundiae
1155 3039 1267 3065 crimina

222 3093 283 3111 vere
297 3083 364 3110 mihi
378 3082 547 3117 approbasset.
619 3079 693 3105 Idem
706 3079 773 3105 Flor.
790 3087 802 3109 3
818 3087 840 3111 p.
856 3086 908 3109 339,
924 3085 956 3103 22
976 3075 1056 3109 Qtod
1071 3075 1179 3102 Vtinam
1199 3074 1267 3100 mihi

224 3128 271 3153 pro
285 3119 459 3154 amplitudine
472 3116 599 3143 auditorii
615 3115 718 3149 prolixa
732 3114 820 3140 oratio
840 3114 995 3147 suppeteret.
1193 3107 1213 3147 fl
1251 3118 1268 3142 4

224 3156 324 3181 Formae
337 3156 400 3181 aliae
413 3164 421 3178 .·

224 3198 288 3223 opus
302 3190 330 3217 sit
343 3189 431 3221 vobis,
444 3193 487 3214 aut
501 3193 529 3214 tu
545 3187 601 3221 plus
623 3184 713 3218 vides,
732 3194 811 3219 quam
825 3193 891 3218 ego,
910 3182 1023 3210 manebo
1034 3203 1041 3215 ,
1075 3186 1092 3209 i.
1115 3185 1183 3209 circa
1196 3181 1268 3217 quod.

226 3225 316 3255 Quod,
328 3233 375 3260 pro
391 3225 462 3259 Qu,
481 3221 580 3250 auflore
595 3223 699 3248 Donato
732 3221 798 3247 Ter.
813 3221 878 3246 Eun.
894 3228 919 3252 2,
934 3228 951 3250 1,
966 3227 979 3252 ς
1008 3219 1063 3252 Ego
1086 3227 1193 3252 quoque
1217 3226 1267 3243 vna

225 3268 318 3293 pereO,
338 3261 408 3293 quod
422 3259 490 3286 mihi
506 3258 541 3284 est
566 3258 659 3284 carius.
696 3259 713 3282 i.
736 3258 785 3291 Qu
799 3256 861 3282 mihi
874 3255 1030 3290 cariorsum.
1131 3255 1171 3280 Sir
1185 3253 1268 3289 adfe-

225 3298 343 3320 mininum
356 3296 449 3329 referri
461 3294 561 3321 videtur
596 3293 661 3319 Plin.
679 3297 714 3324 18,
727 3294 774 3318 vlt.
795 3291 824 3316 de
839 3289 1003 3325 tempestatum
1011 3289 1164 3325 praesagiis,
1185 3289 1266 3315 Nube

492 3153 560 3178 Ter.
575 3151 653 3177 Andr.
668 3159 695 3182 4,
710 3160 737 3184 4,
753 3159 776 3180 17
796 3148 845 3175 Sed
859 3149 875 3174 si
892 3147 957 3182 quid
972 3147 1011 3180 sit,
1026 3146 1097 3181 quod
1115 3155 1173 3172 mea
1187 3154 1268 3180 opera
1281 3151 1310 3177 ες
1328 3147 1498 3173 familiariter
1519 3144 1639 3172 triduum
1665 3144 1746 3175 illud,
1781 3150 1827 3170 etc.

1328 3013 1374 3036 re,
1392 3004 1528 3030 visurusne
1561 3011 1603 3028 me
1631 3002 1660 3027 sis
1682 3002 1708 3027 in
1730 3000 1887 3035 prouincia:
1922 3008 1951 3025 ea
1972 3007 2012 3025 res
2036 2997 2066 3024 sic
2089 2997 2168 3024 habet
2184 2993 2201 3024 ε’
2225 2996 2365 3023 Brundusii

1329 3049 1411 3074 quum
1442 3039 1567 3073 loquerer
1600 3047 1659 3064 cum
1680 3037 1778 3064 liberto
1799 3043 1846 3062 tuo
1867 3035 1979 3067 Phania,
1998 3040 2043 3060 etc.
2116 3033 2208 3059 Ibidem
2223 3032 2365 3068 Juhfinem,

1330 3075 1409 3109 Quod
1429 3081 1454 3100 te
1471 3084 1486 3101 a
1505 3073 1628 3101 Scaeuola
1649 3073 1747 3108 petiisse
1760 3071 1840 3104 dicis,
1862 3078 1889 3098 vt
1903 3070 1965 3097 duni
1980 3077 2007 3096 tu
2021 3068 2129 3100 abess‘es,
2149 3075 2208 3097 ante
2220 3068 2364 3094 aduentum

1330 3120 1418 3138 meum
1440 3110 1593 3145 prouinciae
1613 3110 1754 3143 praeesset:
1789 3116 1850 3134 eum
1869 3115 1917 3141 ego
1937 3104 2027 3140 Ephesi
2051 3104 2126 3137 vidi,
2143 3104 2247 3138 fuitque
2262 3113 2362 3130 mecum

2077 3151 2089 3169 4
2126 3142 2163 3167 De
2186 3138 2363 3172 construfltone

1327 3180 1514 3209 Coniunfflonis
1538 3181 1609 3215 quod
1618 3180 1672 3216 post
1693 3181 1767 3207 verba
1777 3179 1907 3215 finsuum,
1929 3175 2063 3210 affl-{suum
2077 3182 2100 3201 et
2107 3175 2269 3212 significandi
2274 3194 2283 3207 ,
2303 3182 2361 3210 quae

1325 3217 1443 3252 usitatius
1466 3218 1714 3251 Accusatiuumsum
1734 3215 1862 3250 Irfinitiuo
1880 3212 1983 3244 habent,
2003 3221 2062 3247 quae
2082 3211 2207 3247 disputata
2214 3212 2288 3247 sunt,
2301 3209 2362 3244 jere

1327 3257 1406 3281 omnia
1420 3253 1504 3280 docem
1518 3251 1633 3280 Sanctius
1648 3253 1715 3279 Min.
1726 3260 1749 3282 3,
1762 3261 1791 3285 ¹4
1811 3256 1835 3275 et
1850 3248 1884 3277 ad
1896 3258 1946 3274 cum
1966 3248 1993 3273 lo⁴
2004 3257 2041 3273 um
2056 3248 2211 3274 Perizonius.
2264 3245 2363 3272 Scilicet

1327 3288 1444 3317 SanHIus
1456 3295 1528 3324 negat
1537 3307 1545 3320 ‚
1562 3287 1613 3314 clii-i
1627 3286 1693 3322 PQffi'
1714 3289 1790 3313 latine
1803 3292 1825 3311 et
1838 3284 1872 3311 ad
1882 3292 1968 3311 aureae
1981 3289 2069 3309 actam
2091 3291 2195 3309 normam
2213 3279 2266 3306 scio
2279 3281 2361 3315 quod,

225 3329 334 3364 grauida
348 3330 505 3361 candicante,
523 3328 593 3363 quod
609 3334 702 3354 vocant
715 3326 891 3361 tempestatem
905 3325 1005 3357 albam,
1028 3328 1129 3358 grando
1143 3326 1266 3351 immine·
1277 3327 1311 3351 90
1325 3325 1385 3352 dico
1398 3325 1484 3359 quod,
1504 3323 1583 3350 credo
1596 3323 1679 3358 quod,
1696 3331 1750 3348 cum
1766 3319 1944 3351 Covziurztsliuo,
1962 3325 1986 3344 et
2000 3318 2252 3359 rtspo›1detloe7·ispro
2266 3316 2308 3351 vsu
2321 3318 2362 3346 τῆς

226 3365 276 3391 1)11.
351 3367 440 3398 Nempe
453 3365 521 3398 qnod
536 3364 567 3397 est
582 3372 708 3399 quaeres.
781 3363 811 3388 In
825 3362 950 3387 uerborum
963 3361 1052 3386 honore
1060 3361 1121 3395 Junt
1134 3359 1191 3393 ista,
1210 3361 1265 3386 Cic.

225 3401 297 3427 Fam.
314 3408 347 3431 13,
361 3408 389 3431 23
419 3400 502 3432 Atque
515 3409 590 3431 eum,
609 3399 680 3433 quod
691 3398 790 3431 absque
806 3397 924 3423 molestia
937 3396 998 3428 fiat,
1016 3395 1034 3422 si
1050 3405 1101 3430 qua
1117 3396 1144 3421 iu
1158 3405 1186 3421 re
1199 3405 1265 3429 opus

226 3436 252 3462 ei
266 3435 364 3466 fuerit,
384 3435 493 3460 iuuet-is.
584 3434 657 3461 Idem
671 3434 742 3460 Fam.
756 3442 790 3465 14,
805 3442 816 3465 ς
857 3432 904 3458 Tu
919 3432 1018 3463 velim,
1038 3432 1109 3465 quod
1123 3431 1264 3458 commodo

226 3470 385 3497 valetudinis
407 3476 465 3495 tuae
486 3468 545 3500 fiat,
570 3479 645 3502 quam
668 3469 810 3504 longissime
825 3468 936 3503 poteris,
956 3467 1065 3494 obuiam
1081 3466 1159 3493 nobis
1174 3476 1266 3501 prope-

226 3515 275 3532 resv

227 3542 254 3567 lo
265 3549 345 3571 ¹uere.

227 3578 331 3602 Gronou.
347 3574 380 3600 ad
393 3574 450 3600 Liu.
464 3577 506 3605 26,
522 3582 550 3605 32
566 3581 628 3599 extr.

227 3611 308 3636 candi.
364 3611 422 3636 Liu.
438 3618 457 3641 1,
471 3616 501 3639 28
521 3609 596 3634 Tum
610 3610 740 3643 interrex,
761 3612 888 3638 concione
901 3609 1040 3640 aduocata,

228 3646 356 3677 faustum,
373 3645 489 3679 felixque
502 3643 545 3675 sit,
567 3645 670 3676 inquit,
690 3647 825 3679 Quirites,
845 3655 934 3680 regem
949 3652 1042 3672 create.

226 3691 248 3708 c.
264 3689 291 3714 ¹7
305 3689 325 3705 ει
341 3685 378 3709 28.

228 3715 409 3756 qno-quidpm
433 3723 481 3749 ego
501 3714 591 3748 (qnod
604 3715 680 3754 ⁴inter
699 3724 744 3741 nos
768 3717 842 3744 liceat
860 3718 966 3748 dicere)
986 3715 1149 3742 millesimam
1165 3721 1265 3749 partem

226 3760 272 3778 vix
285 3750 414 3783 intelligo.
487 3751 544 3776 Cum
566 3751 672 3783 quidem
693 3750 819 3782 modestius
835 3760 909 3783 nefrat
931 3772 935 3777 .
976 3752 1040 3778 Non
1073 3751 1173 3777 nouisti
1207 3752 1264 3777 me?

227 3793 251 3812 P.
272 3785 343 3819 quod
357 3785 461 3818 quidem
471 3786 563 3824 ‘veniat
579 3787 605 3810 in
618 3792 747 3817 mentem,
768 3787 791 3812 h.
802 3797 819 3812 r.
834 3780 906 3822 Qun!
917 3790 1079 3816 meminerim,
1100 3786 1180 3812 Plaut.
1190 3787 1263 3819 Epid.

227 3829 251 3853 5,
266 3830 285 3860 ¹?
300 3829 334 3852 32·
442 3820 503 3845 le,
519 3829 555 3851 ¹2,
569 3829 597 3852 ¹4
634 3821 689 3860 Nec
708 3828 774 3846 tamt*
789 3835 791 3841 ·
814 3821 846 3847 ab
862 3824 917 3849 vllo
930 3822 1019 3858 (quod
1033 3821 1155 3856 equidem
1170 3822 1264 3852 sciam)

227 3857 321 3883 Latmo
335 3854 461 3882 arborum
472 3863 561 3882 earum
574 3856 670 3882 tradita
691 3855 726 3882 est
743 3858 831 3885 facies.

462 3539 540 3572 Quod
570 3541 708 3567 commodo
740 3549 795 3567 rem
826 3540 911 3566 facere
931 3538 1020 3573 possis,
1039 3542 1057 3564 i.
1076 3538 1175 3573 quoad:
1211 3537 1263 3564 vid.

721 3575 799 3610 Qiod
824 3575 892 3602 benc
914 3581 1015 3605 vertat,
1034 3574 1118 3600 modus
1135 3574 1192 3599 bene
1207 3581 1264 3608 pre-

1061 3609 1141 3643 Qiod
1155 3609 1264 3640 bonum,

1116 3644 1263 3670 Idemibid.

1027 3854 1048 3894 Ἴ
1073 3865 1087 3887 5
1122 3857 1202 3890 Quod
1215 3858 1314 3892 protos
1325 3858 1445 3887 aliorum,

1326 3361 1396 3396 quod
1409 3359 1524 3396 proferri
1531 3359 1617 3395 solitis
1633 3369 1640 3383 .·
1675 3362 1712 3384 ita
1723 3365 1803 3384 tamen
1814 3375 1821 3386 ‚
1835 3362 1913 3390 pulo,
1934 3361 1961 3380 ut
1975 3354 2091 3381 uideatur
2108 3352 2137 3387 τὲ
2150 3352 2252 3386 ἄμετρον
2268 3353 2307 3377 τῖς
2320 3351 2361 3377 x'v-

1324 3398 1414 3425 θολκῐὶς
1428 3395 1505 3431 ipsum
1519 3394 1686 3428 transuersum
1700 3403 1714 3419 α
1733 3402 1771 3419 erc
1785 3399 1971 3426 nonnunquam,
1991 3393 2028 3416 uti
2041 3388 2148 3417 damnet,
2167 3396 2225 3421 quae
2240 3387 2305 3413 recle
2318 3388 2360 3414 ha-

1323 3433 1380 3459 bent
1388 3453 1396 3465 ‚
1414 3439 1457 3458 aut
1469 3430 1503 3456 ad
1513 3430 1684 3456 emendandum
1697 3403 1754 3455 115εο
1768 3430 1820 3454 loca
1826 3427 1891 3462 sana
1899 3427 2020 3461 prouolet.
2091 3421 2194 3450 Eandem
2202 3423 2360 3458 sententiam,

1319 3468 1366 3504 sed
1387 3469 1461 3494 multo
1480 3466 1653 3501 promdenttu:
1674 3472 1756 3490 tuetur
1777 3465 1914 3489 Gronouius
1928 3469 2016 3496 pater,
2035 3464 2086 3486 tum
2104 3461 2158 3484 alm
2175 3461 2250 3491 locir,
2266 3466 2318 3489 tum
2327 3459 2362 3485 ad

372 3506 401 3531 Et
415 3505 467 3530 Att.
483 3512 522 3536 14,
538 3506 564 3529 16
590 3506 617 3530 Et
634 3507 703 3539 ipse,
721 3503 790 3539 quod
806 3504 946 3531 commodo
959 3509 1005 3529 tuo
1018 3502 1078 3533 stat,
1094 3511 1153 3528 cum
1168 3510 1200 3529 eo
1215 3502 1266 3528 col—
1277 3506 1308 3531 95
1325 3506 1438 3530 Plautum
1451 3502 1519 3536 Astu.
1533 3512 1554 3534 1,
1569 3512 1590 3533 1,
1600 3510 1640 3535 37.
1676 3507 1699 3526 et
1712 3500 1796 3526 Aulul.
1810 3508 1834 3530 2,
1846 3508 1865 3527 1,
1876 3507 1914 3531 52.
1952 3501 2052 3530 itemque
2063 3493 2097 3520 ad
2109 3494 2164 3520 Lm.
2178 3503 2202 3525 3,
2214 3504 2244 3529 5²
2257 3501 2300 3529 pr.
2336 3501 2360 3521 et

1325 3543 1364 3565 ita
1375 3545 1472 3569 tuetur,
1493 3545 1522 3563 vt
1532 3545 1579 3572 pro
1593 3545 1670 3570 quam
1684 3536 1801 3561 librarios
1813 3543 1862 3559 vno
1875 3533 1996 3568 alteroque
2008 3533 2058 3556 loco
2070 3529 2198 3555 barborum
2212 3529 2276 3555 illud
2288 3529 2359 3563 quod

1325 3571 1451 3605 inculcaffl’
1467 3573 1591 3608 probabili
1609 3569 1766 3602 consessura,
1785 3579 1857 3605 quam
1876 3577 1948 3604 neque
1964 3567 2079 3594 librorum
2091 3562 2224 3591 auftorera,
2240 3563 2360 3597 destituit,

1325 3609 1458 3645 confirmet.
1513 3607 1560 3634 Sed
1577 3616 1652 3642 neque
1669 3604 1729 3638 deest
1748 3607 1894 3636 Pramnio,
1908 3604 1995 3639 (quem
2012 3599 2109 3627 Sanan
2121 3603 2311 3635 intemperantia
2323 3603 2360 3631 vi·

1326 3646 1396 3672 detur
1409 3641 1544 3679 impulisti,
1558 3649 1586 3668 vt
1602 3650 1623 3668 ct
1643 3642 1693 3677 ipse
1701 3642 1784 3675 paullo
1795 3642 1902 3667 calidius
1915 3642 1940 3665 in
1954 3635 2095 3672 quibusdam
2110 3635 2259 3670 versaretur,
2279 3642 2301 3660 ei
2314 3636 2360 3661 ali.

486 3680 539 3705 Cic.
556 3682 608 3705 Att.
624 3688 649 3712 2,
663 3689 680 3712 4
715 3682 862 3715 Serapionis
883 3681 979 3708 {ibrum
1000 3681 1032 3707 ad
1053 3688 1095 3706 me
1109 3679 1214 3710 misisti,
1234 3686 1441 3717 extooquanmm
1451 3684 1577 3713 pugnaret
1588 3677 1759 3710 ambitiosius)
1769 3678 1821 3710 poll
1839 3677 1976 3710 Scioppium
1989 3670 2083 3706 quidem
2098 3674 2124 3696 in
2136 3669 2258 3697 Austurio
2275 3672 2361 3696 Gram-

1325 3719 1443 3745 minicae,
1460 3712 1520 3747 1ῐέἶο
1533 3714 1688 3748 Mariangrli
1701 3716 1808 3743 nominc,
1828 3712 1892 3738 edito
1911 3710 1951 3743 Ep.
1965 3711 1985 3733 6
1994 3715 2022 3742 p.
2038 3717 2068 3740 45
2077 3706 2131 3741 fiq.
2210 3705 2313 3740 Voffium
2332 3706 2360 3732 de

1324 3747 1505 3783 corfiruflione
1515 3758 1536 3774 c.
1549 3757 1578 3774 20
1592 3754 1616 3773 et
1628 3752 1674 3779 62,
1694 3755 1722 3772 ut
1735 3749 1795 3774 ulios
1807 3750 2030 3783 praetermittamus
2044 3752 2053 3771 i
2088 3751 2135 3768 non
2151 3739 2213 3774 dees?
2228 3744 2308 3778 igitur
2321 3742 2362 3768 his

1326 3788 1481 3815 triumuiris,
1496 3783 1562 3818 quod
1571 3790 1616 3817 pro
1629 3782 1717 3808 tuendi
1729 3792 1772 3809 out
1786 3779 1920 3818 excusanda
1940 3785 2004 3804 certe
2024 3777 2182 3803 barbarorum
2203 3777 2245 3802 illa
2265 3780 2360 3808 ratione

1326 3821 1419 3847 dicant.
1491 3820 1632 3854 Diligenter
1651 3818 1799 3845 considerans
1816 3822 1867 3844 loca
1889 3816 2011 3841 Ciceronis
2030 3813 2126 3847 quidem
2138 3820 2161 3838 et
2173 3822 2260 3839 ozireue
2272 3815 2361 3839 aetatis

1463 3861 1514 3881 gum
1534 3853 1568 3879 ad
1591 3862 1650 3888 quae
1666 3860 1827 3888 Prouocgnum
1847 3851 1880 3885 <ft
1899 3852 1996 3882 omma,
2013 3855 2063 3875 lum
2083 3850 2135 3875 alsa
2159 3845 2361 3919 nondumTsqHOd

2292 3891 2362 3913 ctam,
