2434 4156
95 72 143 120 29
477 59 542 116 Q
597 56 636 98 V
717 60 753 100 A

96 159 219 193 accipiar,
234 160 336 192 quatuor
344 157 393 188 pro
414 148 542 212 daffjsllqba
549 147 632 191 facile
645 146 730 175 haberi
737 143 828 189 potest.
874 145 968 188 Porro,
981 143 1008 178 fi
1020 147 1047 170 in
1060 144 1132 177 Qia-

99 199 161 220 tuor
173 193 257 228 prima
267 191 306 223 Jtt
324 194 414 214 natura
451 195 534 216 rems,
552 194 641 211 marum
652 183 715 220 fitne
731 181 831 209 videtur
849 181 986 217 Vngdmm
998 189 1076 207 v1c1e1
1087 180 1134 206 hac

97 237 153 256 voce
183 225 250 262 vficm
275 224 372 261 semper
397 220 550 258 produxi—'ffb-
622 219 670 248 Sed
687 217 774 254 ναν-1111·
795 217 897 250 Quater
912 216 1010 252 semper
1024 218 1134 251 priorem

97 264 209 297 corripit.

102 308 105 310 ·
131 303 182 335 Qv
192 303 214 323 Α
225 302 247 322 Τ
257 302 279 323 v
288 301 307 322 ο
317 301 334 321 R
344 300 362 320 D
373 291 390 320 1⁵2³
400 298 417 319 C
429 300 437 318 1
447 299 480 319 M.
523 290 722 326 [sema-ionga]
765 288 814 315 Per
828 287 1031 328 quatuordeeim
1045 288 1136 314 Annos
1155 293 1170 320 ς
1199 291 1273 323 Capt.
1286 297 1311 320 2,
1326 297 1350 319 2,
1361 290 1392 320 65
1410 287 1500 313 Stertit
1514 286 1658 319 noctesque
1671 294 1698 311 ac
1711 286 1768 312 dies
1787 286 1856 312 Ter.
1870 285 1934 312 Eun.
1949 293 1972 317 ς,
1986 294 2013 317 9,
2028 295 2066 318 ⁴9.

94 333 166 362 Flor.
180 340 206 364 z,
220 337 254 362 18.
325 329 427 356 Asinius
440 328 472 355 ad
486 328 543 355 Cic.
558 329 628 355 Fam.
644 335 682 358 10,
695 333 723 357 32
749 325 915 351 Herennium
927 323 1033 349 Gallum
1047 322 1135 350 histri-

66 383 70 387 -
93 375 173 395 onem
196 368 298 394 summo
321 365 448 392 ludorum
464 364 522 395 die,
540 362 636 392 annulo
653 368 735 388 aureo
747 360 875 387 donatum
888 360 916 385 in
930 358 1134 394 quatuordecim

93 404 182 431 sessiim
195 402 312 430 deduxit.
347 401 406 427 Tot
417 400 489 427 enim
504 401 599 426 fecerat
610 396 718 424 ordines
732 395 859 430 equestris
871 395 933 421 loci.
1001 396 1135 428 Quatuor-

92 439 179 466 decim
192 442 238 464 imi
248 445 272 464 et
280 439 392 473 proximi
399 436 488 472 scenae
500 434 592 473 gradiu-
605 431 723 468 uffignati
736 438 808 458 erant
820 430 941 467 equitibus
953 431 1073 456 Romanis
1084 431 1136 466 Iege

92 474 183 510 Roscia
197 474 313 501 Othoms.
361 472 421 498 Vid.
435 475 488 498 uiri
501 469 566 498 dim
576 469 610 495 ad
621 469 688 494 Hor.
703 466 781 502 Epist.
797 475 817 499 1,
832 475 857 499 2,
875 468 919 500 67.
979 501 984 505 .
1005 502 1012 507 η
1028 466 1088 493 Sen.
1103 469 1135 505 de

95 509 215 541 Benef.3,
225 518 241 542 9
261 505 422 535 Beneficium
437 517 514 534 voca·
544 519 589 526 -—
624 505 653 530 in
683 504 744 530 XIV
763 502 859 537 gradus
889 501 1031 528 deduxissc.
1104 503 1135 528 he

93 544 172 580 Epist.
185 550 216 578 14
247 545 331 580 Eques
351 544 428 570 Rom.
451 553 478 570 es
510 555 554 562 -—
590 541 623 566 At
643 539 805 566 mehercules
825 538 915 564 multis
930 536 1134 572 quatuordeeim

93 582 152 608 sunt
164 579 250 606 clausi.
319 580 424 606 Petron.
440 581 483 606 126
499 575 613 604 Domina
625 583 683 602 mea
695 583 777 609 vsque
788 573 821 601 ab
834 573 967 600 orchestra
981 574 1048 606 (loco
1061 574 1135 601 Sena-

91 619 172 648 torio,
192 619 262 642 cuius
278 615 333 652 ipsa
351 614 406 649 (si)
421 611 617 650 quatuordecim
636 609 753 648 (gradus
775 610 904 645 equitum)
925 609 1050 641 tranlilit,
1068 616 1093 635 et
1106 609 1135 635 in

92 656 208 679 extrema
223 650 300 685 plebe
312 652 434 686 quaerit,
452 647 521 684 quod
533 646 634 682 diligat.
707 681 713 686 ι
725 645 792 672 Add.
808 645 925 671 Martial.
940 653 962 677 ς,
977 651 1014 685 2753.
1052 651 1075 670 ει
1092 646 1134 671 Iu-

93 687 177 714 venal.
192 695 232 720 14,
246 695 301 720 3²4-
338 690 368 713 it.
384 687 486 713 Sueten.
500 683 550 709 Iul.
565 691 602 716 39.
675 682 742 708 le.
756 689 793 713 55,
808 689 824 707 2
836 687 878 716 pr.
897 681 1088 711 constitutum,
1101 688 1134 705 ne

91 723 135 750 cui
149 722 175 749 id
190 723 230 749 ius
250 723 381 757 (annuli)
400 721 475 752 effet,
492 718 541 746 nili
556 719 600 745 cui
636 733 682 738 —-
718 718 775 751 lege
795 716 864 743 lulia
882 716 1005 743 theatrali
1026 718 1055 742 in
1072 715 1134 742 XIV

90 757 231 785 ordinibus
245 758 352 784 sedendi
372 758 431 792 (ius
448 754 532 789 estet).
622 754 689 780 Plin.
704 758 735 786 8,
747 755 775 786 36
811 753 917 779 Praeter
932 751 1134 786 quatuordecim

89 794 155 820 dies.
245 795 286 821 Sic
301 803 323 826 2,
340 803 370 828 ¹4
390 793 460 819 Intra
474 789 675 825 quatuordecim
690 795 776 824 partes
789 788 868 820 solis,
888 789 990 823 semper
1002 787 1134 814 occultam

91 830 149 856 esse.
185 828 213 855 de
232 830 298 856 Iona.
708 842 716 850 a

126 871 177 904 ἣν
186 873 208 892 Α
218 873 240 892 Τ
251 872 270 890 V
281 873 300 892 o
311 871 330 892 R
339 871 357 891 1>
365 870 382 890 Ε
391 868 455 889 (211⁷.
464 869 487 889 S.
504 860 573 888 Adu.
610 857 902 896 [reccoefecxoeiirndmr]
937 858 1016 896 Apud
1028 859 1095 885 Plin.
1113 866 1136 890 3,

91 908 110 936 7
125 901 331 934 Qiatuordccies
343 904 469 925 centena:
496 896 551 931 fine
572 900 729 928 uariatione,
745 903 817 931 puto.

126 943 175 975 ἦν
186 944 205 963 Λ
216 944 236 963 Τ
247 942 320 963 VOR
329 942 349 962 V
359 933 372 961 ἴ
381 940 398 960 R
410 940 418 959 1
429 953 438 966 ‚
473 933 512 965 [οἱ
525 933 654 968 τέσσαρες]
691 938 720 958 vt
737 934 890 958 Trismnciri.
927 931 958 957 In
972 930 988 956 I.
997 939 1013 957 2
1026 930 1058 956 de
1072 929 1135 957 Ori-

89 972 151 1006 gine
166 972 232 999 iuris
248 970 271 1009 §.
283 979 322 1003 30.
393 969 449 996 Cic.
463 969 535 996 Fam.
552 970 623 1003 13‚76
643 967 785 1004 inscripstt,
806 966 997 1000 Qiatuoruiris
1012 972 1038 992 et
1051 967 1135 992 Decu-

87 1008 224 1035 tionibus.

87 1043 169 1079 telligi
181 1044 256 1071 docet.

127 1086 177 1115 QV
186 1086 207 1106 Α
215 1085 236 1106 Τ
245 1085 266 1104 V
275 1083 295 1104 0
305 1084 324 1104 R
333 1083 399 1104 VIR
408 1078 430 1103 Ᾱ
439 1083 462 1104 Τ
473 1083 494 1102 V
503 1082 516 1102 S
526 1096 534 1109 ,
555 1075 593 1102 ὓς,
619 1085 655 1103 nl.
692 1076 759 1110 [τῶν
770 1075 888 1110 τεσσάρων
900 1072 968 1108 dexi}
976 1093 985 1106 ,
1002 1069 1134 1108 versutiore-

89 1116 158 1150 κίοι]
193 1115 248 1149 Ipsa
259 1119 372 1147 quatuor
385 1113 507 1140 virorum
520 1112 634 1147 dignitas
653 1111 724 1138 Asin.
735 1110 767 1138 ad
781 1111 837 1137 Cic.
853 1111 924 1138 Fam.
940 1118 976 1141 10,
990 1117 1026 1141 32.
1064 1110 1135 1142 Qua-

90 1150 264 1178 tuoruiratum
278 1148 329 1175 fibi
341 1149 505 1184 prorogauit.

125 1190 295 1224 QVATER.
327 1184 394 1211 Adu.
415 1184 558 1211 numerale.
593 1182 741 1219 [τετράκις]
778 1182 861 1209 Plaut.
882 1179 972 1207 Pseud.
995 1189 1021 1213 1,
1045 1188 1075 1212 5,
1097 1188 1133 1205 111
1151 1189 1183 1213 30
1198 1183 1257 1209 Seu.
1272 1182 1352 1208 Herc.
1367 1181 1428 1207 Fur.
1444 1190 1470 1206 v.
1486 1188 1538 1212 290
1557 1179 1640 1214 ibique
1655 1180 1744 1219 Georg.
1759 1179 1854 1205 fabric.
1869 1189 1892 1213 p.
1901 1187 1956 1219 45:⁷5

88 1220 181 1247 Vtrum
201 1220 258 1252 vis,
276 1219 318 1246 vel
333 1226 426 1254 quater
437 1220 527 1255 quinis
540 1220 634 1250 minis,
652 1225 698 1245 etc.
806 1218 940 1244 Columei.
958 1224 981 1249 3,
997 1225 1021 1247 2,
1034 1224 1051 1248 9
1073 1216 1132 1241 Hoc

87 1255 154 1283 duco
167 1262 274 1290 quater,
292 1258 310 1282 i.
322 1257 459 1292 multifflico
466 1263 514 1291 per
527 1262 640 1291 quatuor.
713 1255 830 1288 Qiatcr,
844 1261 894 1289 pro
907 1254 952 1281 Sae
970 1255 1019 1278 ius.
1057 1251 1133 1285 Virg.

86 1293 151 1318 Aen.
166 1300 191 1324 2,
204 1300 252 1325 24²
288 1307 333 1311 —
368 1291 470 1327 Qiatet
502 1291 558 1326 ipso
590 1291 619 1317 in
651 1290 746 1317 limine
774 1297 865 1325 portae
902 1288 954 1315 Sub
979 1289 1039 1320 itit,
1053 1293 1132 1327 atque

85 1333 162 1354 vtero
192 1328 306 1354 sonitum
332 1336 425 1362 quater
450 1336 523 1354 arma
542 1327 647 1354 dedere.
756 1328 781 1353 O
795 1332 889 1360 terque
903 1330 1048 1359 quaterque
1061 1322 1133 1348 beati

86 1364 160 1398 Virg.
176 1364 239 1389 Aen.
255 1371 276 1396 1,
289 1367 329 1396 98.

86 1408 136 1433 quc
149 1398 229 1426 diem.
299 1398 418 1433 Scdfinit
431 1407 555 1424 numerum
575 1398 689 1432 Terque
703 1403 845 1431 quaterque
859 1396 946 1422 solum
959 1394 1131 1421 scindendum

85 1435 161 1467 Virg.
175 1436 273 1468 Georg.
287 1442 309 1463 2,
321 1442 378 1466 599.
439 1459 444 1463 ,
467 1434 522 1460 Cic.
536 1433 610 1459 Verr.
624 1441 643 1463 r,
656 1440 704 1458 100
716 1440 737 1457 c.
752 1440 782 1464 39
804 1431 872 1458 Huic
888 1438 924 1459 ils
940 1438 1034 1465 quater
1046 1430 1134 1456 decies

87 1470 115 1495 P.
128 1469 221 1496 Tadio
235 1468 486 1495 munerataiithenis
499 1467 607 1494 testibus
622 1467 728 1501 planum
743 1467 846 1494 faciam.
920 1468 1022 1500 Quatcr
1036 1467 1135 1492 centies

88 1505 157 1531 Vitr.
173 1513 208 1536 ιο,
223 1514 260 1538 ¹4·
329 1504 395 1530 Plin.
408 1512 436 1539 7,
446 1511 478 1539 27
497 1503 534 1530 Sit
547 1504 687 1538 proprium
694 1503 804 1530 Catonis
817 1508 912 1536 quater
931 1509 956 1529 et
977 1501 1135 1537 quadragies

90 1541 191 1567 causam
207 1540 305 1567 dixisl'c.

124 1580 203 1609 QVA
216 1581 237 1600 T
251 1576 419 1607 ιτκιηῖκι,
441 1577 489 1607 ae',
506 1583 529 1601 a.
553 1573 614 1601 Adi.
651 1573 781 1608 [τετράκις
795 1570 872 1606 δέκα]
905 1579 950 1605 vt,
969 1572 1136 1606 Qiatcrdeni

86 1610 180 1644 gradus
201 1610 282 1636 Ouid.
297 1620 327 1636 ex
345 1613 428 1637 Ponto
443 1620 466 1643 3,
478 1619 503 1644 2,
518 1619 556 1639 50.
635 1611 666 1636 Et
681 1609 752 1635 Anni
765 1608 936 1642 quaterdeni,
956 1608 1137 1642 Quali-aginta

86 1643 168 1672 Ouid.
184 1645 248 1671 Met.
256 1652 281 1679 7,
290 1653 343 1677 293.
378 1645 482 1672 Rcehus
498 1645 632 1672 diuiditur.

124 1685 314 1717 odmari-:Ro
328 1686 379 1707 EM
391 1688 397 1705 1
409 1688 428 1706 Ν
441 1688 450 1706 1
489 1688 534 1707 auc
565 1684 939 1717 QVATVORGEMHW.
977 1677 1062 1704 Solin.
1076 1686 1098 1704 c.
1113 1686 1136 1710 3·

85 1717 178 1744 Melius
184 1715 258 1752 sorte
274 1715 406 1742 diuiditur.

123 1758 173 1792 Qv
183 1758 202 1777 Α
211 1759 232 1778 Τ
243 1759 258 1779 Ε
267 1758 285 1778 R
296 1758 319 1778 N
331 1759 339 1778 1
350 1772 358 1784 ,
375 1760 421 1784 ae,
434 1760 457 1778 a.
475 1750 537 1777 Adi.
572 1750 721 1786 [τέσσαρες]
757 1747 960 1783 Distributiuum.
998 1750 1131 1783 Qlaterni

87 1787 189 1814 denarii
207 1788 262 1814 Cic.
279 1796 326 1822 pro
340 1789 416 1814 Font.
430 1796 446 1820 9
459 1796 481 1813 c.
495 1793 517 1820 ς.
589 1787 657 1813 Hor.
671 1786 754 1812 Serm.
771 1794 792 1818 ι,
806 1796 833 1819 4,
848 1788 879 1815 86
904 1786 985 1819 Saepe
1001 1785 1087 1812 tribus
1099 1786 1135 1811 le-

86 1823 134 1850 &is
147 1822 235 1850 videas
249 1832 359 1852 coenare
374 1830 522 1857 quaternos.
618 1822 730 1848 Globuli
751 1822 871 1856 quaterni
885 1829 930 1848 aut
945 1821 1023 1856 quini
1039 1822 1135 1848 dantur

87 1859 210 1886 Scribon.
224 1867 267 1895 77.
374 1859 516 1893 (Qiaternis
530 1857 623 1884 diebus
637 1859 717 1884 latent
737 1858 802 1884 Plin.
818 1863 840 1888 8,
853 1860 893 1889 56.
967 1856 1135 1892 Qiaterm'nn

86 1895 205 1930 iugerum
218 1895 341 1927 balenae,
359 1895 450 1930 pristes
463 1892 596 1921 ducem‘nn
609 1894 762 1922 cubitorum
781 1894 854 1920 Idem
868 1904 893 1925 9,
908 1901 930 1925 5.

86 1940 182 1957 norum
196 1930 292 1966 pedum
307 1931 446 1958 latitudine
480 1930 546 1956 Plin.
567 1935 589 1960 8,
603 1938 644 1963 45.
752 1928 919 1962 Qiaternt'nn
943 1928 1041 1963 pedum
1054 1930 1136 1964 spatia

87 1965 218 1993 Columel.
232 1977 253 1998 5,
266 1974 288 1999 ς.
384 1968 454 1993 Gens
467 1966 511 1992 illi
524 1965 635 2000 triplex,
656 1965 749 2000 Populi
765 1965 811 1991 sub
824 1973 901 1999 gente
914 1965 1037 1999 quaterni
1058 1966 1133 1999 Virg.

86 2004 151 2029 Aen.
166 2011 203 2035 10,
217 2011 269 2028 202.
358 2003 397 2029 Ita
416 2010 444 2028 vt
464 2002 510 2028 sub
523 2001 686 2036 singulorum
700 2001 861 2036 imaginibus
875 2000 944 2028 sacia
958 2001 1135 2036 magistratus-

87 2047 138 2074 que
164 2047 258 2065 corum
278 2047 332 2065 non
351 2038 464 2073 amplius
488 2037 622 2073 quaternis
641 2037 785 2073 quinisque
815 2037 933 2064 versibus
966 2037 1135 2072 descripserit

86 2074 156 2108 Nep.
170 2082 210 2107 25,
226 2080 259 2105 18,
273 2077 298 2100 6.

127 2116 180 2146 (ὲν
190 2117 210 2136 A
220 2117 240 2136 Τ
250 2117 265 2136 Ε
274 2117 293 2136 a
302 2116 323 2135 N
334 2115 354 2136 o
365 2129 372 2142 ‚
391 2114 444 2136 are.
479 2109 544 2135 vnde
567 2109 765 2143 Conquaterno.

126 2151 177 2184 (ὲν
188 2152 210 2171 Λ
220 2151 242 2170 Τ
252 2152 267 2170 ιτ
276 2152 294 2171 R
302 2153 322 2171 Ν
333 2152 355 2172 Λ
363 2151 384 2171 Τ
397 2153 406 2171 1
416 2154 436 2171 o
446 2165 454 2177 ‚
474 2146 542 2172 onis.
567 2145 587 2171 f.
624 2146 736 2179 interpr.
749 2147 817 2172 Iren.
833 2154 853 2177 1,
869 2153 887 2172 1.

127 2187 176 2218 (gv
187 2187 207 2206 A
216 2186 237 2206 Τ
249 2186 267 2206 E
279 2186 299 2206 R
311 2187 331 2205 Ν
342 2187 363 2206 A
372 2188 388 2207 R
399 2188 406 2206 1
418 2188 475 2212 vs,
498 2190 528 2212 a,
554 2190 608 2207 um.
648 2181 709 2207 Adi.
745 2180 920 2214 [τετραδικᾶς]
958 2181 1026 2208 Plin.
1048 2186 1079 2211 28
1088 2200 1096 2212 ,
1115 2183 1133 2206 6

87 2215 235 2242 Numerum
250 2224 357 2249 quoque
369 2216 564 2249 quaternarium
585 2216 736 2243 Demetrius
755 2217 865 2243 condito
883 2217 1024 2243 volumine
1044 2215 1135 2248 prodi-

86 2250 142 2281 dit,
162 2258 187 2277 et
201 2259 280 2285 quare
299 2251 419 2285 quaterni
433 2251 536 2284 cyathi,
555 2253 696 2279 sextariiue
710 2262 764 2277 non
779 2253 866 2278 ctl'ent.

86 2294 111 2318 2,
127 2291 154 2316 28
174 2287 271 2313 Eorum
285 2287 398 2322 (scilicet
413 2287 563 2318 scrobium)
586 2287 766 2321 quaternarii,
786 2286 837 2309 hoc
856 2284 891 2308 cst
913 2292 1024 2318 quoquo
1044 2282 1134 2308 versus

83 2321 180 2356 pedum
193 2328 316 2356 quatuor,
331 2322 349 2349 fi
362 2323 398 2349 est
411 2323 582 2349 commodum
595 2329 739 2348 terrenum,
760 2319 836 2343 Xllll
851 2316 883 2343 ab
893 2326 946 2343 vno
958 2317 1034 2343 liunt.
1073 2315 1132 2342 Vid.

85 2365 286 2431 ειῗῦξίιτὶίκ
297 2399 381 2421 ΝΗ),
406 2390 474 2415 (mis.
497 2397 532 2414 m.
569 2388 631 2419 [τε-τ
644 2387 687 2418 oe's,
711 2385 862 2420 werpum-125]
899 2386 1014 2419 Qaztuor
1033 2393 1074 2410 res
1091 2384 1133 2409 vel

80 2432 207 2466 personae,
220 2436 279 2461 quac
291 2432 320 2450 υι
333 2434 407 2450 vnum
423 2423 540 2460 quiddam
551 2421 617 2454 confi
634 2427 752 2452 craneur,
769 2427 799 2446 vt
810 2422 885 2454 vulgo
896 2420 1013 2455 insoliis
1030 2420 1131 2446 charta·
1145 2421 1177 2453 63
1193 2424 1323 2458 quisque,
1344 2423 1377 2449 fic
1392 2424 1419 2449 in
1432 2424 1547 2449 amicum
1561 2423 1590 2449 fit
1604 2424 1743 2450 animatus,

84 2474 156 2492 rum,
171 2466 197 2486 in
211 2460 339 2486 militibus.
392 2457 587 2490 Martiano-ip.
602 2464 619 2490 7
634 2465 658 2489 p.
672 2463 716 2487 253
724 2462 768 2489 pr.
791 2456 825 2481 Vt
839 2454 943 2480 duobus
957 2455 1022 2481 duos
1037 2455 1130 2481 adiici-

86 2497 155 2524 endo
167 2503 280 2529 quatuor
292 2494 368 2524 fecit,
388 2492 421 2518 sie
434 2493 522 2519 rursus
535 2491 704 2525 quaternioni
717 2490 784 2517 duos
795 2490 947 2517 adiiciendo
969 2491 1034 2517 fecit
1053 2491 1131 2525 super

283 2529 325 2556 Sic
338 2537 362 2562 p.
377 2529 421 2557 268
430 2527 580 2562 finiplicitcr
594 2533 665 2553 notat
678 2532 794 2561 quatuor
806 2536 856 2553 vna
863 2526 957 2562 Jinnta.
992 2529 1042 2554 lut.
1051 2527 1130 2561 Vulg.

815 2563 981 2596 Qiaternio,
1001 2562 1053 2588 dux
1068 2572 1132 2597 qua-

85 2531 235 2558 dimidium.

83 2566 141 2593 Λὲὶ.
156 2573 193 2597 12,
206 2575 223 2598 4
244 2565 367 2598 Qatuor
380 2563 566 2598 quaterniones
580 2563 706 2589 militum.

83 2608 145 2629 tuor
174 2601 294 2627 virorum
322 2598 455 2627 Scholiast.
490 2599 618 2626 Prisciani
647 2598 680 2625 ad
711 2598 729 2624 l.
759 2605 782 2632 5.

81 2638 112 2665 L.
127 2638 156 2664 L.
171 2645 198 2669 5,
210 2645 255 2669 40.

65 2678 71 2680 ’
119 2679 170 2710 QV
180 2680 201 2699 Α
210 2679 231 2698 Τ
240 2678 259 2698 R
269 2678 278 2697 1
289 2677 307 2697 D
318 2678 338 2697 v
347 2677 367 2697 V
375 2678 400 2697 M
409 2690 416 2702 ‚
438 2670 457 2696 i.
482 2679 508 2696 n.
545 2671 746 2705 [τετραημερία]
781 2669 895 2705 Spatium
908 2676 1014 2706 quatuor
1026 2669 1129 2696 dierum.

84 2709 141 2736 Cic.
155 2709 230 2735 Vcrr.
244 2717 266 2738 4,
279 2709 294 2733 6
315 2707 380 2733 Non
399 2705 486 2732 ablata
505 2714 536 2732 ex
554 2706 665 2733 vrbibus
684 2706 817 2732 sociorum
840 2706 976 2739 quatridui
997 2707 1071 2732 causa
1083 2715 1130 2740 per

85 2743 276 2771 simulationem
295 2742 444 2769 aedilitatis.
552 2742 732 2775 Qiatriduum
750 2751 797 2776 per
815 2742 896 2768 vastas
917 2742 1073 2769 solitudines
1085 2742 1130 2768 ab-

85 2782 198 2807 sumtum
211 2778 246 2806 est
264 2778 372 2805 Curtius
386 2788 412 2812 4,
425 2786 452 2812 7,
465 2785 498 2810 15.

105 2814 254 2842 natriduum
269 2814 335 2846 fuit,
353 2813 453 2841 reditus
467 2813 577 2847 Qintii
589 2813 713 2840 Consulis
727 2813 756 2839 in
769 2813 863 2840 vrbem
877 2814 949 2841 fecit.
1022 2816 1132 2847 Q1atr1-

85 2826 133 2878 dui
170 2850 304 2885 nauigatio
341 2849 406 2876 Plin.
439 2851 464 2881 6,
494 2858 534 2877 22.
607 2848 755 2883 Qiatridui
788 2850 841 2877 iter
875 2850 981 2878 Lentul.
1014 2850 1048 2877 ad
1074 2851 1132 2876 Cic.

84 2888 155 2915 Fam.
169 2895 204 2917 12,
221 2895 254 2919 ¹3·

123 2929 172 2962 Qv
182 2930 202 2949 Λ
212 2929 232 2948 Τ
242 2929 261 2948 R
272 2929 279 2947 1
290 2928 308 2948 n
318 2928 338 2947 V
348 2926 379 2948 ο.
416 2922 429 2956 [
437 2921 621 2956 aquamola]
658 2921 715 2948 Cic.
729 2920 762 2949 ad
777 2921 849 2948 Brut.
862 2929 874 2953 5
900 2921 994 2948 Trino
1007 2931 1074 2948 vero
1087 2927 1132 2949 aut

86 2959 227 2993 quatriduo
238 2965 297 2984 ante
312 2957 376 2983 hanc
389 2966 446 2984 rem
459 2956 672 2991 pulcherrimam.

85 2995 160 3034 Mors
189 2994 258 3020 Sext.
290 2993 378 3020 Roscii
409 2992 552 3027 quatriduo
582 3001 636 3026 quo
668 2994 691 3020 is
729 2993 830 3020 occisus
864 2993 900 3020 est
913 3013 921 3026 ,
957 2991 1133 3029 Chrysogono

86 3036 230 3056 nuntiatur.

127 3071 174 3103 Qv
185 3072 204 3090 Α
215 3072 236 3091 Τ
245 3072 263 3091 R
275 3072 282 3091 1
293 3070 310 3090 D
319 3071 340 3090 v
349 3071 370 3092 Α
379 3071 401 3091 Ν
411 3070 431 3089 ν
443 3071 456 3091 s
467 3084 476 3097 ‚
495 3073 509 3090 a
519 3084 527 3096 ,
546 3073 600 3091 um.
624 3064 681 3092 Adi.
717 3066 895 3100 [τεταρταῖος]

90 3107 207 3126 mortuus
220 3101 330 3126 Lazarus
370 3100 481 3127 Hieron.
496 3100 616 3135 Epitaph.
632 3101 726 3128 Pansae
741 3102 758 3127 s.
772 3102 817 3136 Ep.
833 3110 877 3136 27,
894 3110 924 3128 11.

90 3135 211 3166 Chrysol.
224 3136 302 3162 serm.
315 3140 350 3165 81.

119 3173 282 3210 'qt-Astus
294 3177 315 3197 Ν
327 3178 354 3204 1,
371 3180 416 3203 ae,
435 3181 459 3199 a.
497 3172 585 3199 Varro
600 3171 632 3198 de
644 3172 676 3198 L.
690 3172 720 3199 L.
736 3181 759 3206 7,
774 3181 805 3205 5ο
824 3173 860 3200 Vt
874 3173 909 3200 cst
922 3172 956 3200 ab
971 3181 1025 3200 vno
1041 3173 1099 3206 vni,
1118 3182 1134 3199 a

90 3206 175 3233 tribus
189 3213 268 3237 trini,
285 3215 299 3232 a
311 3213 423 3240 quatuor
443 3207 570 3241 quatri-ni.

127 3248 176 3303 QG'
187 3248 208 3267 Α
218 3247 238 3265 Τ
248 3247 289 3267 vs
304 3247 350 3276 pro
371 3242 484 3275 cyathus
490 3243 617 3278 scribitur
629 3246 656 3269 in
669 3245 726 3270 MS.
742 3244 898 3280 Lugdunenfi
916 3243 1014 3271 Pallad.
1029 3253 1050 3277 1,
1063 3252 1108 3279 27,
1124 3254 1132 3271 1

90 3277 151 3339 1,)[113
172 3285 201 3302 us
223 3275 322 3308 cyathis
344 3276 436 3305 hordei
454 3279 521 3305 benc
533 3279 646 3314 pascitur
657 3288 710 3306 vna
722 3280 827 3315 gallina.
899 3280 941 3308 Sic
954 3288 978 3307 et
994 3289 1021 3314 1,
1042 3285 1085 3313 28,
1106 3289 1131 3307 2.

120 3323 128 3338 ι
149 3332 155 3338 .
186 3319 223 3336 η’
236 3319 241 3336 1
253 3319 317 3338 ΜΛ.

127 3320 209 3386 Qvffl
219 3354 238 3373 v
250 3355 256 3372 1
268 3355 290 3373 s.
311 3347 378 3374 Adu.
411 3355 441 3376 ot
456 3351 617 3386 Quacunque
631 3359 656 3377 υ.
673 3360 699 3377 υ.
713 3354 799 3386 quam's
818 3355 930 3382 ratione,
945 3358 1038 3387 parte,
1053 3355 1133 3388 regio-

91 3393 130 3410 ne·
167 3384 234 3409 Hor·
247 3383 329 3409 Scrm-
341 3392 359 3415 ¹,
367 3388 433 3417 7384
451 3385 470 3412 E
483 3386 578 3421 quibus
591 3395 657 3413 vnus
671 3394 741 3413 amet
755 3388 849 3422 quauis
863 3388 999 3422 aspergere
1013 3388 1133 3422 euncffos,

90 3422 110 3445 i.
124 3422 189 3445 omni
202 3421 298 3445 ratione
311 3419 443 3453 infamare.

130 3460 181 3491 Qv
190 3461 211 3481 Α
222 3462 239 3482 x
251 3461 270 3481 ο
281 3475 288 3486 ,
309 3458 362 3481 are.
399 3456 517 3488 Quaxare
530 3466 608 3485 ranae
621 3457 763 3489 dicuntur,
782 3467 865 3493 quum
887 3468 981 3485 vocem
1000 3460 1133 3493 emittunt,

933 3065 1134 3100 Qiatriduanus

1016 3101 1091 3137 Conf.
1107 3102 1134 3128 P.

91 3489 188 3517 Festus.
224 3490 287 3517 Sunt
299 3493 342 3525 qui
356 3492 613 3531 110›1Q1axare‚fid
632 3495 789 3528 Qmaxarc,
809 3497 856 3522 alii
875 3496 993 3523 Coaxare
1007 3495 1133 3532 scribant.
1148 3506 1164 3532 9

98 3525 157 3554 Vid.
177 3531 322 3553 coAxo.

465 3600 761 3647 QVE

131 3674 185 3705 QV
194 3676 220 3696 F..
257 3670 323 3704 [τὲ]
357 3669 504 3697 Οοηίυηέἶίο
524 3671 665 3707 Copulaei'ua
683 3676 815 3709 enclitica,
834 3684 895 3713 quae
912 3675 1020 3711 'munifi
1032 3680 1059 3703 in
1071 3685 1186 3704 com-too
1195 3686 1318 3714 queatur.

91 3704 210 3746 poſsemne
222 3709 360 3740 reperitur,
377 3713 513 3739 caeterum,
532 3707 611 3735 cadem
622 3714 717 3737 ratione
732 3719 762 3738 vt
776 3713 822 3745 Et,
841 3717 914 3739 etiam
930 3721 980 3748 pro
997 3717 1062 3739 omni
1076 3713 1135 3749 fta-e

95 3739 143 3765 alm
155 3750 239 3776 genere
254 3740 457 3768 C0›1iunH'ionum
464 3746 527 3778 poni
542 3743 647 3772 videtur.
683 3748 777 3782 Virgil.
792 3749 858 3774 Aen.
873 3757 892 3780 1,
908 3757 921 3781 ς
943 3750 1022 3775 Arma
1035 3750 1134 3775 virum.

97 3781 147 3806 que
159 3783 232 3802 cano.

97 3808 164 3843 Virg
185 3811 226 3837 Ed
250 3822 268 3846 4
292 3819 314 3844 51
337 3777 492 3812 Terrasquc
514 3779 659 3814 tractusque
687 3784 768 3810 maris
793 3784 948 3818 caelumque
971 3783 1135 3820 profundum

167 3829 173 3835 -
231 3831 237 3838 .
271 3831 279 3844 ,
319 3833 324 3838 .

394 3814 493 3841 Omnia
506 3816 592 3841 secum
609 3817 786 3845 Armentarius
802 3820 868 3846 Afer
882 3821 951 3854 agit,
972 3821 1136 3854 tectumque,

97 3843 246 3881 laremque,
265 3849 413 3884 Armaque,
433 3851 657 3885 Amyclaeumque
673 3861 778 3888 canem,
798 3856 964 3891 Cress‘amque
983 3856 1136 3892 pharetram
1144 3867 1188 3894 ¹05
1199 3867 1254 3885 non
1267 3858 1341 3893 quita
1356 3859 1401 3886 est.
1437 3860 1486 3888 Sed
1499 3860 1607 3894 antique
1612 3880 1624 3894 ,
1642 3867 1672 3887 vt
1683 3863 1721 3887 ait
1731 3861 1864 3889 Donatus.

1154 479 1184 497 [ο
1198 475 1257 493 mus
1275 476 1280 491 :

1144 829 1179 847 20
1197 822 1410 858 eomplec‘timur.

402 1363 502 1390 Tibul.
516 1372 539 1395 5,
556 1372 579 1395 5,
592 1365 626 1388 26
654 1362 678 1388 O
697 1361 767 1387 mihi
782 1361 901 1391 felicem,
921 1366 1013 1394 terque
1027 1364 1132 1393 quater·
1151 1367 1178 1391 55
1198 1363 1268 1396 Nep,
1283 1370 1325 1392 20,
1344 1370 1363 1391 1,
1379 1369 1397 1387 1,

1123 1749 1128 1754 ¹
1150 1726 1184 1751 43
1198 1717 1264 1742 Met.
1278 1725 1301 1749 ς,
1314 1722 1375 1749 484.

1022 1895 1135 1926 Qiater-
1149 1902 1182 1929 30
1196 1896 1301 1923 lufitent
1324 1896 1406 1922 Plaut.
1421 1896 1496 1928 Capt.
1513 1903 1533 1927 ς,
1548 1903 1574 1927 4,
1587 1897 1613 1921 6.

1154 2078 1184 2105 55
1196 2077 1320 2104 Plurales.

952 2249 1085 2275 Columel.
1102 2256 1134 2277 11,
1153 2251 1189 2274 60
1201 2249 1273 2275 dum.

863 2598 919 2625 Vni.
936 2599 1006 2625 Voss'.
1021 2599 1054 2625 de
1073 2599 1129 2626 Vit.
1143 2610 1180 2638 70
1193 2603 1303 2630 modum
1319 2605 1328 2629 ζ

1191 2747 1361 2774 haberentur.

606 2778 666 2806 Liu-
679 2786 702 2809 3,
716 2786 728 2809 3
766 2779 807 2804 Sic
823 2777 904 2804 finem
919 2778 1038 2809 iustitio,
1058 2778 1130 2818 quod
1147 2787 1179 2815 75
1193 2784 1250 2810 Nos
1264 2784 1291 2809 in
1304 2784 1398 2810 Senatu
1412 2779 1656 2817 (quemadmodum
1675 2784 1770 2817 spero)
1793 2784 1950 2818 dignitatem
1970 2786 2099 2818 nostram,
2120 2797 2147 2815 vt
2162 2790 2249 2823 potest

1150 3141 1179 3170 85
1196 3143 1270 3177 quit,
1291 3143 1471 3178 nequidquam
1486 3143 1551 3177 sapit
1577 3143 1633 3169 Cic.
1648 3143 1720 3169 Fam.
1734 3151 1761 3177 7,
1775 3145 1800 3169 6.

1166 3506 1180 3532 ς
1196 3500 1387 3534 comprendere
1401 3501 1495 3537 quistis
1517 3503 1625 3529 quenc.
1642 3511 1667 3533 2,
1681 3505 1742 3535 679.

1592 52 1865 110 QVE
2202 70 2251 106 30

1590 142 1665 177 Gonf.
1682 142 1739 169 Cic.
1754 141 1787 169 de
1798 143 1857 169 Sen.
1871 152 1893 169 c.
1910 152 1917 169 1
1933 153 1962 170 es:
1975 145 2040 174 Enn.
2055 144 2211 179 Laudesque
2223 149 2251 172 et

1629 180 1670 206 Sic
1684 178 1722 204 ld.
1732 178 1889 214 frequenter.
1928 180 1956 205 In
1970 189 2026 206 eam
2041 189 2140 216 partem
2154 181 2252 215 accipi-

1759 215 1864 240 Praeter
1876 222 2041 249 aequumque
2055 225 2080 243 et
2095 218 2194 243 bonum
2209 215 2248 243 ld.

1195 144 1272 179 Virg.
1288 143 1386 179 Georg.
1401 152 1422 176 5,
1437 152 1497 177 344.

1198 181 1294 216 gratias
1307 181 1360 215 egit
1380 181 1439 206 Liu.
1454 182 1495 211 26,
1509 184 1538 210 ⁴8
1546 184 1591 215 pr.

1199 226 1268 251 oque
1281 223 1307 243 et
1321 216 1385 243 volo
1405 216 1473 242 Ter.
1488 216 1554 241 Eun.
1569 224 1591 247 ς,
1604 223 1630 247 2,
1645 222 1685 248 57.

1200 253 1310 286 Adelph.
1329 261 1349 287 1,
1362 261 1381 282 ι,
1395 260 1435 284 59.
1509 252 1594 283 Deus,
1615 259 1680 284 qnae
1695 259 1742 276 nos
1753 250 1880 284 gerimus,
1900 249 2026 283 auditque
2042 259 2065 278 et
2081 253 2153 280 videt
2166 253 2249 279 Plaut.

2136 289 2167 315 Et
2180 295 2252 315 vter-

1198 333 1249 358 que
1264 325 1411 358 opibuuque
1426 330 1503 356 :uque
1517 321 1666 348 honoribus
1678 322 1837 356 peruigucre
1857 320 1925 347 Tac.
1941 323 2008 347 Ann.
2024 331 2051 354 4,
2065 330 2103 354 34,
2116 326 2140 350 ε,
2197 325 2251 350 Ha-

1198 361 1287 394 staque
1302 367 1326 385 ct
1338 359 1439 394 gladius
1460 358 1520 384 Liu.
1535 367 1555 390 1,
1570 366 1611 390 45.
1713 358 1751 383 De
1764 357 1846 382 Gallis
1860 357 2028 390 Etruscisque
2042 366 2070 382 ac
2090 359 2250 386 Samnitibus

1198 395 1258 422 Liu.
1276 403 1314 427 ι’),
1328 405 1366 427 30.
1444 394 1519 428 Virg.
1552 394 1640 427 Eclog.
1668 401 1712 424 ιι),
1734 401 1760 423 23
1791 394 1890 426 Perque
1923 392 1998 418 niues
2033 392 2130 425 alium,
2149 404 2251 428 perque

1199 429 1308 457 horrida
1320 431 1400 458 castra
1413 430 1497 457 secuta
1512 429 1558 455 est.
1644 428 1700 455 Cic.
1717 428 1769 455 Off.
1787 437 1806 457 ι,
1822 437 1849 454 22
1870 429 1934 454 Non
1947 428 2026 454 nobis
2040 429 2124 454 solum
2142 431 2196 456 nati
2211 432 2251 456 su.

1315 472 1441 500 ortusque
1454 465 1536 492 nostri
1550 470 1651 500 partein
1667 465 1751 498 patria
1764 463 1904 496 vendicat,
1925 469 2024 498 partem
2039 465 2127 490 amici.
2190 465 2251 491 Pro-

1199 508 1256 536 pert
1272 509 1294 533 5,
1311 510 1329 531 ι,
1343 510 1376 534 29
1406 501 1648 536 Deiphobumque,
1669 501 1854 534 licie-numque
1870 507 1895 525 ct
1909 499 2108 531 Polydamantas
2122 500 2151 525 iu
2163 503 2252 527 «uanis.

1199 536 1282 563 Rudis
1297 537 1349 568 est,
1368 539 1500 572 nescitque
1516 536 1580 571 quid
1596 537 1729 570 expediat.
1835 536 1908 570 Virg.
1924 536 1988 561 Aen.
2006 543 2025 566 1,
2041 544 2071 566 30
2098 537 2187 561 Manet
2200 538 2252 562 alta

1198 578 1286 599 mente
1300 572 1435 606 repollum
1473 572 1605 600 Iudicium
1620 572 1722 598 Paridis
1733 591 1739 601 ,
1757 571 1909 605 spretaeque
1925 571 2023 597 iniuria
2038 572 2148 596 formae.
2194 573 2251 598 Cic.

1199 611 1271 635 Fam.
1286 616 1310 639 2,
1323 615 1340 642 7
1360 608 1408 634 sed
1422 609 1474 635 tibi
1486 616 1512 635 et
1524 608 1646 643 gratulor
1659 617 1664 632 ε
1701 614 1743 639 et,
1763 614 1790 632 vt
1805 606 1979 640 sempiternae
1995 607 2066 632 laudi
2080 607 2109 633 lit
2126 607 2171 632 iste
2186 607 2253 633 Tri-

1153 652 1179 678 13
1198 645 1329 675 bunatus,
1350 650 1460 677 exopto:
1496 651 1575 679 teque
1589 644 1702 675 hortor,
1718 649 1746 668 vt
1761 642 1850 668 omnia
1864 642 1994 676 gubernes
2006 651 2031 668 et
2044 642 2183 668 moderere
2192 651 2254 676 pru-

1198 681 1287 706 dentia
1303 687 1357 705 tua.
1451 681 1527 714 Apul.
1565 699 1571 707 .
1658 698 1665 704 .
1702 678 1784 711 quue
1799 678 1823 704 ei
1840 678 1908 705 serio
1921 678 2083 711 colloquenti
2099 687 2152 704 non
2164 678 2254 704 crede-

1198 725 1264 743 rem.
1303 719 1323 741 i.
1344 715 1499 750 Etiamscrio
1512 718 1629 751 loquenti.
1737 716 1797 747 Qu·
1809 717 1958 749 repetitum,
1995 714 2091 740 Cic-,de
2099 715 2253 740 Nanncor.

1199 761 1221 782 ε,
1240 760 1285 786 ¹47
1312 752 1347 777 Ex
1368 759 1422 784 quo
1443 750 1567 778 videlicet
1581 750 1663 786 quid,
1684 758 1715 776 ex
1730 750 1880 784 quibusque
1894 749 1972 776 rebus
1986 748 2132 776 efficiatur:
2170 749 2253 782 idque

1197 787 1303 815 ratione
1317 785 1502 812 concludimus
1521 797 1526 812 z
1563 786 1725 822 singulasque
1744 795 1786 812 res
1806 785 1967 811 delinimus:
2003 786 2255 819 circumscripteque

1484 822 1660 848 Ditiwnfliuae
1681 831 1715 848 ve
1732 824 1783 848 vim
1796 822 1867 847 babet
1887 822 1960 853 Virg.
1977 822 2040 847 Aen.
2055 830 2080 853 2.
2095 824 2124 854 56
2145 825 2197 848 Aut
2211 830 2254 855 pe-

1199 860 1258 893 lago
1274 856 1396 885 Danaum
1410 857 1530 889 insidias,
1551 858 1720 892 suspcc'taque
1734 857 1803 884 dona
1840 857 2014 891 Praecipitare
2036 858 2144 889 iubent,
2166 857 2254 883 subie-

1198 895 1301 929 &isque
1316 903 1394 920 vrere
1409 894 1531 920 flanunis.
1573 895 1630 920 isid.
1640 894 1773 920 Seru.h.l.
1813 893 1898 919 Eodem
1912 893 1980 919 modo
1994 894 2152 919 Hor-Serui.
2162 901 2217 927 2‚7,
2227 898 2256 925 58

1198 931 1272 964 Qud
1296 929 1376 957 refert
1397 929 1440 956 vri
1462 929 1562 964 virgiS‚
1582 929 1710 963 ferroque
1728 929 1833 960 necari,
1870 928 2030 955 Aufiloratus
2050 938 2108 961 eas,
2128 938 2161 955 an
2181 929 2254 963 turpi

1198 967 1300 993 clausus
1314 966 1342 992 in
1356 974 1416 992 arca
1430 966 1439 991 3
1626 1000 1630 1004 Ι
1646 962 1666 1002 fl
1696 974 1710 990 2
1748 967 1824 999 Qus,
1845 964 2068 1004 Praepolitionibus
2081 974 2255 999 nonnunquam

293 1006 392 1034 Manat.
413 1004 448 1032 ad
465 1005 490 1032 h.
509 1006 526 1031 l.
554 1002 736 1041 Magistratum
763 1004 876 1030 Coloniae
909 1003 1066 1039 Fregellanae
1097 1004 1135 1028 in-
1151 1001 1282 1037 25statim
1296 1002 1463 1038 appenditur,
1481 1007 1524 1031 vt,
1542 1000 1675 1027 Celeriter
1688 1008 1832 1035 contraque
1846 1010 1968 1027 onmium
1989 1001 2145 1035 opinionem
2179 1000 2254 1026 Caes.

1199 1040 1226 1065 B.
1242 1039 1274 1064 G.
1289 1040 1314 1070 6,
1329 1046 1368 1070 29.
1454 1038 1545 1070 Deque
1559 1042 1603 1062 tua
1617 1036 1784 1062 obseruantia
1801 1037 1857 1062 Cic.
1873 1038 1926 1063 Att.
1942 1045 1974 1068 11,
1990 1045 2025 1071 17.
2117 1038 2156 1063 De
2170 1036 2254 1062 hono-

1198 1084 1257 1101 rum
1274 1074 1408 1106 emtione,
1429 1072 1514 1106 deque
1529 1081 1557 1097 ca
1573 1072 1696 1097 societate
1716 1071 1787 1097 idem
1801 1081 1849 1106 pro
1861 1073 1883 1098 S.
1900 1073 1976 1099 Rosc.
1989 1073 2048 1098 Am.
2061 1082 2083 1099 c.
2098 1081 2135 1099 21.
2225 1072 2255 1098 Si

1199 1111 1377 1141 arbitrarere,
1398 1108 1463 1135 Vtile
1478 1116 1546 1142 eque
1562 1108 1626 1141 Rep.
1640 1108 1688 1133 ell'e
1721 1109 1777 1133 Cic.
1792 1107 1824 1133 ad
1840 1108 1910 1133 Brut.
1926 1109 1970 1142 lip.
1983 1117 2005 1140 ς.
2084 1110 2158 1143 lique
2171 1108 2255 1134 domo

1198 1147 1286 1173 rursus
1302 1145 1427 1180 pulchrae
1440 1144 1497 1170 loca
1512 1149 1604 1170 vertor
1618 1143 1650 1169 ad
1665 1142 1739 1169 vrbis
1758 1141 1841 1169 Ouid.
1858 1151 1889 1169 ex
1904 1144 1979 1170 l’ont.
1996 1153 2015 1175 1,
2030 1149 2053 1175 53,
2068 1153 2103 1175 33.
2183 1144 2254 1171 Adel.

2028 1181 2111 1213 inque
2126 1189 2183 1206 eant
2197 1189 2256 1206 reni

1197 1219 1270 1245 Caes.
1285 1218 1312 1244 Β.
1327 1218 1359 1243 G.
1374 1224 1396 1250 ς,
1408 1218 1446 1249 56.
1540 1216 1591 1241 Pro
1606 1216 1661 1241 vita
1674 1222 1775 1241 ciuium
1790 1223 1892 1249 proque
1907 1215 2028 1241 vnmersa
2042 1216 2106 1248 Καρ.
2135 1217 2191 1241 Cic.
2204 1225 2254 1249 pro

1197 1253 1275 1281 Arch.
1293 1263 1315 1280 c.
1333 1262 1364 1280 11.
1439 1253 1623 1286 Nonnunquam
1633 1257 1749 1286 proxumo
1763 1250 1856 1276 deinum
1871 1252 2002 1282 vocabulo,
2021 1259 2056 1282 nt,
2073 1251 2114 1277 list
2127 1251 2258 1277 adhiben-

1197 1290 1244 1316 dus
1256 1289 1350 1316 modus
1365 1288 1396 1315 ad
1411 1287 1679 1320 mediocritatemque
1691 1286 1856 1313 reuocandus
1874 1288 1931 1313 Cic.
1946 1287 1998 1313 Off.
2016 1296 2024 1312 1
2041 1296 2063 1313 c.
2077 1296 2116 1319 59.
2178 1287 2253 1323 (10nd

1428 1331 1451 1350 ct
1467 1333 1504 1356 14,
1519 1331 1546 1357 7,
1560 1332 1578 1349 1.
1652 1323 1769 1349 Laetam.
1783 1332 1805 1354 3,
1821 1331 1854 1355 15.
1928 1323 1960 1348 ln
1974 1323 2090 1352 foroque
2104 1323 2152 1349 ess'e
2166 1323 2255 1357 eoepit

1490 1360 1521 1385 ln
1535 1367 1621 1394 eoque
1635 1358 1706 1386 bello
1737 1359 1810 1385 Idem
1825 1367 1850 1390 9,
1865 1367 1886 1391 1,
1903 1368 1919 1384 1.
1992 1358 2032 1384 Ad
2046 1368 2088 1384 eas
2105 1367 2172 1385 artes
2188 1359 2256 1385 cclc—

1197 1398 1326 1429 brandas,
1344 1398 1415 1423 inter
1428 1404 1529 1428 nosque
1541 1394 1694 1422 recolendas
1722 1394 1818 1420 Cic.de
1831 1395 1905 1420 Orat.
1919 1402 1928 1420 1
1942 1402 1963 1420 c.
1980 1402 1996 1419 1.
2086 1394 2129 1420 Ob
2144 1403 2256 1429 eamque

1197 1435 1300 1460 causam
1324 1433 1393 1466 Nep.
1407 1440 1430 1463 ς,
1445 1440 1462 1461 1,
1478 1440 1497 1457 1.
1605 1431 1670 1457 Solet
1685 1429 1816 1455 Tibullus
1835 1429 1868 1454 ad
1879 1433 2020 1463 proximum
2040 1430 2139 1455 uerbum
2150 1431 2254 1465 firmare

1197 1469 1240 1497 τήν
1254 1477 1313 1502 que.
1393 1469 1423 1494 V.
1436 1476 1462 1502 g.
1486 1475 1505 1498 ι,
1522 1475 1542 1498 1,
1556 1474 1588 1498 54
1610 1465 1717 1491 Fie‘tilia
1732 1465 1857 1498 antiquus
1873 1466 1990 1497 primum
2005 1464 2053 1489 libi
2067 1465 2131 1490 fecit
2146 1465 2257 1499 agre-llis

1198 1504 1309 1533 Pocula,
1326 1503 1358 1529 de
1373 1502 1446 1529 facili
1459 1502 1662 1535 composuitque
1676 1500 1743 1525 luto.
1815 1500 1888 1524 idem
1904 1508 1924 1531 1,
1939 1508 1961 1531 5,
1976 1504 2000 1529 38
2023 1500 2150 1525 Nondum
2165 1509 2256 1526 caeru—

1198 1326 1267 1360 Nep.
1284 1334 1320 1356 10,
1335 1336 1358 1357 4,
1371 1334 1391 1350 2.

1151 1539 1251 1571 4oleas
1269 1539 1347 1572 pinus
1369 1538 1543 1563 contemserat
1565 1536 1661 1564 vndas,
1681 1534 1798 1560 Effusum
1822 1535 1908 1560 ventis
1932 1534 2141 1568 praebueratque
2160 1536 2255 1563 111111111.

1198 1575 1229 1599 Et
1242 1572 1323 1606 omastb
1331 1573 1408 1608 firmi
1420 1571 1493 1598 verbo
1510 1580 1529 1600 1,
1546 1579 1567 1602 5,
1582 1573 1613 1603 56
1633 1571 1684 1596 Hic
1698 1572 1765 1596 iacet
1780 1570 1880 1597 immiti
1892 1571 2044 1597 consumtus
2059 1578 2145 1597 morte
2154 1571 2257 1598 Tibul-

1198 1610 1254 1641 lus,
1273 1608 1406 1635 Messalam
1420 1614 1489 1633 terra
1505 1605 1569 1632 dum
1582 1606 1757 1640 sequiturque
1771 1607 1848 1632 mari.
1959 1608 1989 1632 Et
2005 1615 2022 1637 1,
2036 1616 2064 1640 4,
2079 1616 2094 1633 2
2116 1608 2159 1634 Ne
2173 1608 2253 1641 capiti

1197 1645 1264 1671 soles
1279 1653 1312 1671 ne
1324 1649 1489 1676 noceantque
1501 1642 1586 1668 niues.
1629 1642 1687 1668 Vni.
1701 1641 1835 1668 Brouckh.
1851 1642 1885 1668 ad
1898 1651 1917 1673 3,
1930 1644 1957 1674 6,
1972 1648 2009 1673 48.
2201 1641 2222 1682 q
2241 1653 2253 1676 3

1200 1682 1383 1716 Nonnunquam
1395 1683 1422 1706 in
1437 1678 1580 1715 caestu-afit
1593 1679 1678 1714 longa.
1752 1678 1895 1712 Sideraque
1913 1679 2040 1712 ventique
2055 1685 2151 1705 nocent
2173 1680 2256 1706 Ouid.

1468 1717 1588 1740 smitatur
1601 1713 1750 1748 Virgilium
1767 1715 1831 1740 Aen.
1847 1723 1867 1745 3,
1881 1722 1908 1745 91
1938 1714 2098 1748 Liminaque
2113 1716 2256 1750 laurusque

1198 1753 1265 1785 Dei,
1282 1758 1409 1786 totusque
1435 1750 1541 1778 moueri
1565 1751 1645 1776 Mons
1670 1751 1779 1777 circum.
1816 1752 1855 1776 De
1874 1751 2058 1786 hacpamculcv
2071 1751 2256 1787 diligentiJJime

1196 1792 1247 1826 egit
1262 1788 1415 1823 Erythraeus
1435 1786 1493 1813 Ind.
1513 1787 1608 1822 Virgil.

1235 1830 1364 1861 vas.
1407 1821 1478 1858 [οἷς]
1516 1824 1628 1849 Datiuus
1639 1824 1679 1849 vel
1691 1821 1826 1848 Ablatiuus
1848 1830 1865 1848 a
1883 1821 1961 1855 Qus.
2016 1822 2083 1849 Cato
2103 1831 2135 1855 ιι,
2151 1831 2166 1848 2
2189 1823 2257 1850 Cola

1197 1861 1272 1896 queis
1286 1861 1341 1894 (al.
1356 1858 1420 1894 qui)
1445 1860 1537 1884 florem
1553 1858 1660 1885 demant
1674 1859 1735 1885 tria.
1808 1858 1969 1884 Coturnices
1983 1857 2086 1889 dantur,
2106 1860 2179 1891 queis
2194 1868 2256 1885 eum

1708 1893 1785 1920 Mille
1799 1894 1857 1919 sunt
1871 1894 1930 1920 vsus
1945 1894 2088 1926 arborum,
2109 1895 2160 1920 line
2179 1896 2255 1929 queis

1196 1933 1252 1959 vita
1266 1932 1327 1967 degi
1339 1941 1394 1958 non
1406 1931 1479 1966 pellit
1508 1931 1574 1956 Plin.
1589 1939 1627 1963 12,
1641 1939 1659 1957 1.
1749 1929 1824 1963 Virg.
1838 1930 1902 1955 Aen.
1919 1939 1939 1962 1,
1960 1939 2006 1956 [oo
2036 1929 2119 1962 Qieis
2134 1937 2193 1956 ante
2207 1940 2256 1958 ora

1197 1975 1303 2003 patrum
1319 1968 1426 1995 Troiae
1441 1967 1487 1993 sub
1502 1967 1643 1992 moenibus
1656 1965 1715 1992 altis
1753 1965 1875 2000 Contigit
1888 1972 2023 2000 oppetere.
2069 1966 2118 1992 Vbi
2135 1966 2256 1999 Seruius,

1197 2005 1239 2031 Ab
1261 2013 1294 2031 eo
1319 2003 1393 2039 quod
1418 2003 1453 2029 est
1478 2013 1492 2028 α
1515 2006 1559 2038 qui
1580 2004 1608 2028 in
1622 2008 1680 2029 [ivs
1701 2002 1805 2027 mittit:
1842 2002 1874 2027 ab
1890 2011 1923 2027 eo
1938 2002 2010 2035 quod
2025 2001 2088 2027 csta
2102 2011 2162 2037 qno,
2185 2003 2212 2027 in
2227 2010 2255 2028 ις

1362 2039 1410 2066 Sed
1429 2048 1443 2066 a
1463 2040 1541 2065 tertia
1563 2038 1750 2064 Declinatione
1771 2037 1800 2062 in
1815 2038 1860 2062 vsu
1876 2038 1932 2062 sunt
1948 2037 2060 2062 Datiuus
2074 2043 2099 2061 et
2113 2037 2255 2063 Ablatiuus

1395 2076 1517 2101 Valerius
1531 2075 1632 2100 Probus
1648 2074 1752 2106 (inlust
1769 2072 1891 2104 Pnrzus)
1908 2074 1992 2102 Qieis
2006 2071 2126 2097 lambunt
2147 2073 2196 2098 effe
2214 2072 2255 2098 di.

1195 2113 1231 2140 cit
1241 2133 1250 2145 ,
1272 2111 1412 2146 paffimqne
1426 2111 1524 2136 Datiuo
1537 2116 1562 2134 et
1577 2109 1703 2134 Ablatiuo
1717 2107 1784 2131 Casu
1798 2114 1847 2139 pro
1863 2106 1956 2131 lambo
1969 2106 2054 2139 accipi
2067 2106 2180 2133 debere:
2217 2115 2255 2135 at-

1196 2157 1248 2182 que
1262 2148 1299 2173 ita
1313 2148 1416 2178 aliquot
1432 2145 1529 2169 habcnt
1549 2150 1692 2168 marmora.

1234 2188 1287 2215 QV
1296 2188 1312 2206 E
1322 2187 1345 2205 M
1357 2187 1376 2205 Α
1385 2186 1403 2204 D
1414 2186 1436 2203 M
1447 2178 1466 2203 (J
1475 2184 1493 2202 Ι)
1503 2185 1522 2202 V
1533 2184 1566 2202 M.
1586 2176 1680 2210 [ἕσπερ
1688 2195 1696 2206 ,
1716 2174 1845 2209 καθάπερ,
1865 2171 1890 2200 ὃν
1901 2174 2006 2208 τρόπον]
2043 2175 2111 2202 Adu.
2131 2177 2253 2205 Similitu-

1194 2216 1264 2240 dinis
1277 2222 1367 2240 uocant
1382 2215 1546 2239 Grammatici
1558 2222 1566 2235 :
1585 2212 1651 2244 quod
1661 2210 1784 2236 interdum
1796 2209 1894 2242 diullim
1902 2210 2035 2244 scribunt,
2056 2220 2134 2246 quem
2149 2214 2179 2240 ad
2196 2224 2254 2240 mo-

1311 2248 1447 2281 Qiaefiuit
1462 2255 1475 2271 a
1490 2245 1617 2277 medicis,
1638 2245 1864 2279 quemadmodum
1877 2245 1904 2270 se
1918 2244 2027 2272 haberet
2049 2247 2117 2282 Nep,
2134 2258 2172 2282 m,
2192 2259 2253 2282 2„1.

1193 2282 1427 2316 Quemadmodum
1439 2289 1587 2314 exponam,
1604 2280 1700 2306 dubito
1722 2280 1794 2306 Idem
1809 2283 1904 2312 16,1,1.
1926 2284 1944 2306 ι’.
1962 2283 2085 2316 quomodo.
2194 2277 2252 2312 αξ,

1194 2319 1227 2343 de
1242 2317 1348 2342 Amicit.
1363 2325 1379 2342 2
1399 2318 1553 2349 Pergratum
1567 2315 1635 2342 mihi
1653 2316 1748 2342 feceris
1758 2336 1766 2348 ,
1788 2317 1864 2350 spero
1879 2316 1943 2343 item
1957 2318 2107 2351 Scaeuolae,
2128 2320 2145 2347 fi
2161 2330 2251 2356 quem.

1193 2351 1339 2378 admodum
1367 2351 1433 2377 soles
1459 2350 1491 2377 de
1516 2352 1626 2378 caeteris
1652 2351 1747 2383 rebu5‚
1768 2361 1852 2386 quum
1875 2361 1906 2378 ex
1928 2361 1954 2378 te
1967 2363 2149 2389 quaeruntur,
2170 2357 2203 2383 lic
2220 2350 2251 2385 de

1193 2388 1313 2414 amicitia
1328 2387 1468 2421 disputaris
1482 2387 1546 2422 quid
1563 2389 1665 2414 senuas.
1763 2388 1873 2423 Ibid.37
1896 2389 1928 2415 Vt
1943 2392 2167 2424 quemadmoaum
2183 2395 2210 2420 in
2225 2395 2251 2421 se

1849 2425 1992 2460 Aliquando
2013 2430 2194 2464 iatrrroggam5ss
2206 2438 2251 2465 po-

1335 2459 1416 2485 l’laut.
1432 2460 1499 2485 l'ers.
1516 2469 1536 2492 1,
1550 2468 1569 2490 1,
1585 2461 1616 2491 56
1636 2460 1683 2486 Tu
1699 2459 1749 2485 tibi
1765 2469 1806 2486 me
1822 2461 1910 2486 facere
1924 2461 1993 2495 potis
2005 2472 2033 2488 es
2050 2464 2250 2497 sempiternum,

1195 2504 1217 2522 s.
1239 2494 1465 2530 quemadmodum
1482 2496 1491 2521 3
1528 2501 1559 2522 Τ.
1574 2501 1603 2522 vt
1616 2495 1660 2522 des
1672 2495 1742 2521 mihi
1756 2505 1851 2522 numos
1870 2498 2014 2524 sexcentos.
2101 2501 2156 2527 Cic.
2173 2503 2249 2529 ΜΠ.

1194 2540 1216 2565 ς,
1231 2534 1247 2557 6
1269 2530 1505 2565 Quemadmodum
1519 2531 1555 2557 cst
1567 2532 1706 2558 afferuatus
1721 2532 1730 2557 ἲ
1822 2531 1929 2566 Dunfim
1950 2534 2154 2570 rec'iescrt‘e'ntur
2168 2538 2252 2565 Plaut.

1194 2567 1286 2593 Bacch.
1301 2577 1323 2599 2,
1339 2576 1360 2599 2,
1376 2576 1399 2600 13
1432 2567 1488 2600 Qui
1509 2567 1576 2594 scire
1590 2568 1713 2602 poss'um?
1752 2574 1781 2594 c.
1802 2568 1891 2594 nullus
1906 2568 1971 2602 plus.
2010 2576 2032 2596 Ρ.
2054 2580 2195 2605 quemnam
2215 2574 2249 2601 ad

1445 2604 1585 2630 Relatum
1599 2602 1630 2636 est
1653 2604 1708 2630 Cic.
1725 2604 1796 2630 Fam.
1811 2613 1847 2635 1⁴1,
1861 2613 1873 2630 :
1898 2605 1967 2631 Nam
1981 2606 2013 2631 ad
2029 2615 2071 2633 me
2087 2609 2112 2633 l’.
2130 2610 2251 2637 Valerius

1192 2639 1276 2666 homo
1294 2637 1492 2666 officiofimmns
1514 2639 1628 2673 scripsit,
1646 2639 1672 2666 id
1694 2639 1765 2674 quod
1782 2642 1900 2666 maximo
1916 2650 1977 2667 cuni
1992 2648 2054 2668 netu
2069 2643 2137 2675 legi,
2157 2655 2251 2680 quem-

1192 2674 1335 2703 admodum
1349 2684 1364 2701 a
1380 2675 1455 2701 Vesta
1469 2673 1501 2701 ad
1515 2675 1652 2701 Tabulam
1668 2676 1800 2702 Valeriam
1816 2676 1894 2703 ciueffa
1907 2678 1976 2703 effes.
2072 2676 2143 2706 Idem
2167 2682 2247 2709 Acad,

1193 2720 1220 2744 4,
1233 2714 1267 2744 69
1289 2711 1427 2746 Excogitat
1441 2712 1551 2746 inquam
1566 2711 1791 2746 quemadmodum
1813 2713 1900 2738 mense
1924 2713 1972 2739 illo
1995 2714 2117 2742 lecitimo
2138 2718 2250 2745 comitia

1458 2747 1534 2779 Conf.
1552 2748 1625 2773 Idem
1641 2756 1689 2782 pro
1706 2749 1793 2774 Domo
1808 2758 1829 2774 c.
1845 2757 1872 2781 53
1880 2756 1925 2784 pr.
2022 2744 2090 2777 “oica
2107 2753 2179 2780 Fam.
2197 2763 2216 2786 ι,
2231 2764 2248 2781 2

1195 2041 1288 2067 mittit.
1301 2060 1305 2063 -

1194 2464 1275 2486 nitur.

1192 2820 1220 2846 in
1235 2827 1305 2846 tanta
1320 2819 1459 2846 hominum
1474 2819 1584 2853 perfidia
1597 2826 1623 2846 et
1636 2820 1778 2854 iniquitate
1798 2821 1983 2847 retinebimus.
2080 2823 2155 2851 ldem
2173 2827 2248 2853 Verr.

1195 2864 1217 2888 3,
1232 2864 1271 2888 153
1284 2865 1305 2882 c.
1320 2859 1352 2888 63
1376 2856 1495 2894 Pepercit
1518 2854 1624 2883 homini
1638 2858 1742 2889 amico,
1764 2863 1789 2882 ct
1803 2858 2046 2891 (quemadmodum
2059 2859 2146 2894 ipsum
2160 2861 2250 2889 dicere

1192 2892 1303 2923 audiui)
1325 2892 1474 2918 necessario.

1268 2934 1288 2953 V
1299 2935 1316 2954 E
1326 2935 1345 2954 o
1354 2948 1362 2959 ‚
1389 2927 1463 2961 quis,
1492 2927 1571 2962 quini
1580 2947 1589 2960 ,
1615 2927 1720 2962 quitum
1729 2947 1736 2959 ,
1757 2928 1844 2962 quire.
1880 2926 2006 2963 [δύναμκι
2015 2949 2021 2960 ,
2041 2930 2128 2966 ἰσχύω]
2165 2931 2232 2965 Poffi
2240 2944 2249 2959 :

763 2958 819 2984 Cic·
842 2966 890 2992 pro
906 2958 981 2984 Rosc-
997 2960 1086 2984 Amet·
1101 2966 1132 2983 20
1147 2962 1180 2989 80
1192 2966 1259 2990 inter
1274 2963 1349 2990 verba
1361 2962 1489 2999 defeffiua
1501 2970 1647 2990 numeratur
1660 2974 1675 2990 α
1687 2967 1862 3000 grammaticis
1876 2975 1883 2989 .·
1921 2966 1984 2991 vnde
2005 2975 2051 2992 nen
2064 2974 2120 3000 flue
2138 2968 2249 2994 affori.

1194 3006 1246 3025 tate
1258 2999 1326 3025 illins
1340 2999 1440 3025 vocibus
1458 2999 1583 3026 utendum.
1637 2999 1707 3026 Ter.
1722 2999 1803 3026 Andr.
1816 3010 1844 3033 4,
1860 3009 1879 3033 1,
1894 3010 1924 3032 30
1953 3001 2009 3027 Nec
2026 3009 2050 3029 tc
2064 3003 2154 3037 quiuit
2166 3004 2248 3031 hodie

1667 3035 1722 3062 Cic.
1737 3036 1808 3062 Fam.
1825 3045 1865 3069 14,
1879 3045 1888 3062 1
1910 3037 1973 3063 Non
1987 3046 2056 3071 queo
2071 3039 2172 3073 reliqua
2189 3041 2250 3066 scri-

1770 3072 1835 3098 Hor.
1851 3072 1933 3099 Scrm.
1948 3081 1970 3104 ρ,
1985 3080 2009 3106 7,
2024 3081 2057 3104 92,
2084 3074 2166 3100 Liber
2181 3076 2248 3108 ssim,

1739 3108 1794 3141 Q¹i
1814 3108 1868 3141 ipse
1882 3108 1930 3134 libi
1946 3109 2047 3142 sapiens
2062 3110 2178 3143 prodelse
2194 3121 2249 3138 non

1893 3143 2039 3171 Contiticr‘:
2061 3145 2131 3172 nihil
2143 3147 2249 3176 consilii

1195 3043 1290 3069 cogere
1300 3055 1308 3067 ‚
1331 3035 1402 3061 illam
1418 3041 1446 3061 vt
1460 3034 1576 3061 duceres.

1194 3070 1273 3104 bere,
1293 3078 1364 3098 tanta
1378 3071 1417 3097 vis
1432 3071 1601 3098 lacrimarum
1616 3070 1660 3098 cst.

1198 3106 1240 3132 dic
1256 3116 1320 3142 age,
1337 3116 1391 3134 non
1405 3107 1473 3141 quis.
1501 3110 1518 3133 i.
1536 3109 1641 3143 Nequit.

1195 3179 1255 3214 quit
1274 3179 1343 3206 Ter.
1358 3178 1471 3213 Adelph.
1486 3188 1514 3212 4,
1527 3187 1590 3212 4,4.

1394 3216 1471 3248 Quae
1491 3215 1543 3241 tuis
1561 3221 1648 3242 careat
1672 3215 1749 3241 sacris
1761 3235 1769 3246 ‚

1391 3251 1457 3277 Non
1476 3256 1554 3285 queat
1575 3250 1637 3278 dare
1658 3250 1786 3285 praetidcs

1390 3286 1482 3313 Terra
1500 3286 1607 3313 finibus.

1663 3179 1750 3205 Catul.
1764 3187 1805 3212 59,
1817 3187 1846 3214 71

1144 3327 1179 3353 90
1196 3320 1264 3354 Quis
1277 3320 1327 3351 est,
1341 3320 1388 3356 qui
1404 3331 1453 3357 pro
1470 3331 1561 3349 rerum
1575 3322 1713 3349 atrocitate
1734 3321 1873 3356 deplorare
1885 3328 1968 3350 tantas
1980 3323 2142 3351 calamitates
2156 3326 2250 3359 queat?

1198 3358 1254 3383 Cic.
1271 3356 1339 3383 Phil.
1354 3365 1375 3384 11
1390 3367 1411 3385 c.
1428 3367 1452 3385 2.
1533 3360 1667 3392 Qieamus
1689 3359 1761 3392 Virg.
1777 3360 1840 3384 Aen.
1857 3368 1893 3389 ιο,
1909 3368 1945 3391 ¹9-

1196 3392 1350 3420 Mobilitate
1361 3394 1425 3421 mali
1440 3403 1494 3421 non
1507 3396 1566 3429 quit
1581 3396 1677 3421 sentire
1690 3394 1820 3420 dolorem.
1917 3395 1986 3421 Cum
2006 3397 2093 3430 quiret
2102 3397 2169 3423 Tae.
2178 3399 2247 3423 Ann.

1196 3437 1217 3460 1,
1231 3431 1273 3459 66,
1290 3437 1314 3455 2.
1421 3431 1479 3458 Nec
1507 3430 1609 3457 restitui
1635 3431 1748 3465 quiuere
1788 3431 1860 3456 Idem
1877 3429 1944 3457 llist.
1959 3440 1980 3463 3,
1995 3439 2035 3464 25,
2049 3441 2073 3458 2.
2178 3433 2247 3460 Adit.

1195 3464 1256 3491 Sall·
1269 3464 1347 3491 Catil.
1361 3475 1383 3493 c.
1397 3475 1442 3499 49.
1479 3472 1503 3492 et
1518 3467 1574 3501 lug.
1588 3476 1609 3492 c.
1625 3472 1651 3498 38
1665 3473 1688 3492 et
1703 3474 1741 3498 5⁴)-
1794 3467 1862 3499 Nep.
1877 3474 1917 3499 25,
1931 3475 1957 3500 9,
1973 3475 1994 3499 5.
2103 3468 2250 3503 Nunquam

1860 3502 1912 3528 Ero
1943 3502 2079 3536 velocior,
2101 3504 2117 3530 li
2133 3505 2248 3538 quiuero

1195 3537 1282 3562 Varro
1296 3536 1327 3562 dc
1342 3537 1370 3563 L.
1385 3538 1415 3564 L.
1430 3547 1458 3571 4,
1474 3546 1492 3564 ι.
1564 3539 1601 3564 Vt
1616 3538 1745 3564 deterreri
1760 3537 1879 3571 quiuerit
1901 3538 1960 3564 Liu.
1976 3548 2003 3571 4,
2019 3548 2058 3571 24.
2131 3540 2206 3566 Dixit
2223 3540 2249 3566 se

1195 3571 1273 3606 loqui
1285 3581 1340 3598 non
1357 3575 1434 3609 quire
1458 3573 1528 3600 Gell.
1542 3583 1575 3606 11,
1589 3583 1614 3606 9.
1711 3572 1827 3599 Turrim
1849 3573 1963 3608 ligneam
1986 3574 2080 3601 ardere
2099 3585 2152 3602 non
2168 3576 2249 3609 quisse

1195 3607 1269 3634 Idem
1284 3617 1318 3640 15,
1331 3617 1350 3635 1.
1447 3610 1553 3637 Lucret.
1567 3619 1587 3640 5,
1603 3618 1658 3640 1.·121
1680 3608 1847 3642 Disperiilse,
1865 3619 1951 3645 neque
1966 3612 1993 3636 ir.
2007 3610 2124 3637 fructum
2139 3620 2251 3638 conuer-

1195 3649 1252 3670 tere
1266 3644 1356 3678 quilse.
1449 3644 1522 3672 Idem
1538 3654 1558 3678 1,
1573 3654 1639 3678 ¹044
1666 3645 1736 3670 Dum
1751 3645 1859 3672 veniant
1871 3647 1954 3679 aliae,
1973 3656 2001 3673 ac
2017 3646 2133 3681 suppleri
2147 3649 2249 3674 summa

2041 3360 2102 3386 Luci
2111 3368 2144 3387 et.
2160 3371 2182 3393 3,
2196 3363 2249 3394 646

1235 3722 1287 3751 Qv
1300 3723 1308 3741 1
1322 3722 1339 3742 E
1352 3723 1375 3742 N
1386 3723 1409 3743 ς,
1447 3717 1543 3744 Partic.
1579 3716 1658 3750 Apul.
1681 3716 1744 3743 Met.
1759 3719 1776 3743 6
1789 3727 1814 3751 p.
1836 3725 1879 3753 17,-
1897 3718 1954 3745 Nec
1979 3718 2104 3753 indipisci
2121 3719 2250 3746 maritum

1198 3749 1337 3778 volatilem
1350 3753 1454 3787 quiens.

1236 3793 1286 3824 Qv
1296 3795 1306 3813 1
1316 3793 1337 3813 T
1348 3794 1366 3812 v
1378 3795 1389 3813 s
1399 3808 1408 3820 ,
1433 3798 1462 3819 a,
1480 3797 1533 3814 um.
1552 3787 1646 3814 Partic.
1683 3785 1869 3823 [δεδωκμένας]
1905 3799 1921 3816 α
1935 3791 2036 3823 Qieor.
2072 3789 2140 3817 Ter.
2155 3790 2184 3816 in
2198 3790 2252 3816 He-

1200 3832 1253 3854 cyr.
1266 3831 1294 3855 4,
1307 3831 1326 3853 1,
1339 3828 1367 3855 58
1387 3824 1458 3850 Nam
1473 3832 1555 3858 quum
1571 3825 1713 3858 compressa
1726 3825 1762 3850 est
1776 3832 1870 3859 gnata,
1889 3826 1977 3853 forma
1998 3827 2026 3852 in
2045 3825 2160 3853 tenebris
2179 3825 2252 3851 nosci

1906 3861 1974 3889 Geli.
1989 3871 2030 3896 ευ,
2046 3871 2056 3889 1
2077 3862 2193 3890 Saeuitia
2207 3862 2254 3887 issa

1514 3895 1539 3922 D
1574 3903 1588 3922 2
2156 3905 2256 3932 poenae
