2434 4156
219 120 279 157 ,27
597 93 866 133 11Εο

218 191 332 228 populis,
359 185 412 211 vid.
437 187 637 210 CONSTITVO.
709 181 800 207 Editus
819 180 903 206 atauis
922 179 1030 213 regibus
1049 180 1117 205 Hor.
1131 177 1220 204 Carni.
1234 187 1255 211 1,

220 237 239 259 ι,
254 236 270 252 1,
341 222 492 254 Expugnant
506 227 596 252 reges,
609 216 764 250 capiuntur,
779 216 878 250 praelia
893 215 1001 241 miscent
1024 215 1126 240 Lucret.
1141 222 1167 246 4,
1182 220 1254 248 1007.

217 264 335 291 Aequum
363 263 442 290 atque
474 255 598 287 iniquum
623 252 691 285 regis
722 251 866 285 imperium
891 251 968 277 Feras
999 250 1057 276 Sen.
1071 248 1141 275 Med.
1163 257 1188 275 v.
1202 256 1253 280 195.

216 292 357 321 Imminent
388 291 441 317 duo
465 299 538 324 reges
561 288 612 314 toti
627 288 716 319 Asiae,
753 288 891 320 imponere
916 295 1006 321 regem
1029 285 1110 312 alicui
1132 283 1255 318 regioni,

215 328 341 354 inducere
355 335 445 361 regem
459 327 486 352 in
498 333 608 358 regumn
617 343 625 355 ,
662 324 823 356 Interceptus
836 322 998 349 mortalitate
1011 330 1067 351 rex,
1086 318 1140 345 vid.
1155 320 1196 346 hb.
1211 328 1254 345 υυ.

214 362 270 389 Pati
283 363 394 397 imperia
410 371 501 396 regum
516 362 573 386 Sen.
589 360 666 385 Herc.
682 358 733 384 fur.
748 359 766 384 s.
780 363 832 390 398.
904 359 960 384 Pati
974 356 1103 383 famulum
1118 361 1143 380 et
1155 363 1257 389 regem,

214 402 232 424 i.
254 398 368 433 Infimum
384 405 408 424 et
421 399 542 433 summam
561 394 723 421 conditionem
741 394 799 420 Seri.
814 395 893 420 Herc.
909 394 968 420 Oet.
984 397 1039 421 228·
1109 391 1187 425 Regis
1202 398 1257 416 mo-

215 442 256 460 res
269 440 325 460 tota
337 434 462 468 Sequitur
475 432 547 467 regia
567 430 712 462 Iilstiii.;30‚
727 438 747 461 1,
762 437 786 455 2.
841 430 997 455 Succurrere
1010 425 1078 460 regis
1092 425 1167 453 106115
1182 427 1257 460 Virg.

213 470 280 495 Aen.
298 478 323 501 2,
338 478 392 502 431-
629 474 640 497 3
677 466 756 499 Regis
776 471 800 491 ct
813 465 897 499 Regni
910 473 993 491 nomen
1010 463 1098 487 Romae
1117 461 1146 488 ab
1160 460 1256 488 exaesis

213 504 270 531 inde
285 506 392 541 Regibus
411 502 563 537 detestabile,
579 500 707 537 postquam
721 502 799 527 Bruto
812 500 871 527 duce
888 503 1048 528 iurauerant,
1060 504 1090 523 vt
1109 496 1142 530 est
1162 498 1221 524 Liu.
1239 506 1258 528 i,
1285 504 1362 530 1014,
1375 504 1389 529 g
1417 501 1532 536 Reginae
1552 503 1615 536 fuga
1629 503 1698 529 mihi
1711 512 1764 529 non
1778 503 1894 528 molesta·
1919 501 1992 536 Conf·
2006 498 2112 534 Flor'.'1‚
2127 505 2154 535 6,
2167 512 2189 529 2.

214 548 254 573 59.
276 548 299 566 et
317 551 339 573 2,
355 550 362 566 1
383 541 412 567 Se
431 549 474 565 nec
494 540 664 574 Tarquinios,
684 546 730 562 nec
748 537 829 562 alium
851 542 1008 569 quemquam
1027 533 1126 559 Romae
1146 542 1256 567 regnare

213 576 336 610 passuros.
388 576 468 602 Vnum
486 577 578 600 crimen
594 574 634 607 Sp.
650 572 755 602 Maelii,
770 573 808 598 M.
821 571 930 602 Manlii,
944 567 1124 595 Gracchorum
1138 567 1256 602 aff'ecslati

213 615 294 647 regni.
332 612 398 637 Hinc
412 611 518 637 Rullum
531 611 627 646 iugulat
647 609 703 634 Cic.
718 607 750 634 de
764 607 793 632 L.
807 608 868 641 Agr.
884 615 910 637 2,
925 612 948 637 13
975 603 1055 630 Nihil
1068 604 1141 630 aliud
1157 605 1256 637 achim,

212 647 261 673 nisi
282 647 320 673 vti
342 647 432 673 decem
453 647 551 680 RegeS‚
571 644 684 675 aerarii,
706 642 893 676 vestigalium,
913 639 1113 674 prouinciarum
1138 656 1184 660 —
1210 640 1257 667 do-

212 683 280 709 mini
289 683 519 709 constituerentur.
558 681 625 706 Haec
637 679 733 705 inuidia
742 678 862 713 Caejlzris.
893 675 952 701 Via.
966 684 991 702 υ.
1004 685 1029 711 g.
1042 676 1098 702 Cic.
1108 676 1180 702 Fam.
1199 684 1236 708 12,
1247 684 1256 701 1

212 718 278 745 Non
295 727 378 752 regno
393 719 433 744 sed
454 725 515 750 rege
531 716 675 750 (Caqlare)
696 714 804 739 liberati
819 712 950 738 videmur.
986 711 1055 738 Adii.
1072 714 1140 737 iocus
1153 712 1257 737 mordax

212 755 284 781 Fam.
299 762 325 786 9,
340 762 365 785 19
376 760 420 788 pr.
439 753 507 779 Cum
522 752 604 785 Reges
618 756 671 776 tam
685 749 733 776 sint
748 749 920 778 continentes,
933 747 1020 773 multo
1035 747 1118 781 magis
1131 747 1251 773 consules

211 791 260 816 esse
273 796 405 823 oportere.
478 788 586 813 Sueten.
602 786 651 811 Iul.
665 794 701 819 49
730 784 857 810 0613111115
871 781 978 816 quidam
992 782 1144 809 valetudine
1158 783 1255 809 mentis

212 825 323 851 liberius
340 825 413 850 dicax
432 828 564 849 conuentu
585 823 702 848 maximo
723 828 804 852 quum
816 818 972 853 Pompeium
990 827 1079 852 regem
1098 818 1255 852 appellasset,

211 861 294 895 ipsum
308 860 478 895 (Caesarem)
498 858 616 892 reginam
638 855 775 892 1“3111131111.Ἴ
872 853 878 857 “

211 904 265 923 rra!
284 899 354 932 regia
369 893 495 930 potestas,
512 898 585 920 etlam
606 901 688 917 nomen
708 890 775 925 quast
790 888 943 924 postliminio
964 888 1099 923 admistum.
1137 890 1179 916 sic
1191 889 1254 915 Stat.

211 932 275 958 Silu.
290 942 316 965 4,
331 940 339 957 1
354 938 418 957 extr.
433 930 466 956 ad
477 929 677 957 Domitianum,
695 925 867 960 Longamque
886 925 954 957 tibi,
967 933 1013 951 rex
1034 934 1143 959 magne,
1160 925 1254 951 iuuen-

211 974 263 994 tam
279 967 395 997 Annuit,
412 972 489 999 atque
503 966 562 990 snos
576 961 693 996 promisit
709 961 828 995 Iuppiter
840 969 931 986 3111105.
988 961 1115 994 Spartian.
1125 960 1253 986 Hadrian.

210 1012 233 1029 c.
250 1012 262 1028 2
275 1005 342 1027 inter
362 1001 521 1034 Virgilianas
539 1000 621 1024 sortes
640 997 668 1023 de
687 996 728 1022 illo
746 996 843 1031 refert,
869 995 963 1022 Crines
977 995 1122 1029 incanaque
1136 995 1254 1021 membra

210 1038 287 1071 Regis
308 1036 430 1062 Romani.

210 1072 365 1106 Regnabunt
379 1069 530 1097 etenim.tui
542 1069 675 1099 1111110105,
696 1068 726 1094 Et
734 1076 807 1101 reges
819 1067 917 1093 facient
929 1067 988 1093 suos
1000 1068 1126 1094 minores.

208 1109 273 1134 tian.
287 1108 315 1133 in
330 1107 428 1133 Seuero
440 1115 460 1132 0.
471 1114 484 1138 3
510 1106 579 1131 Cum
596 1104 704 1131 audisset
718 1104 767 1129 esse
786 1103 815 1129 in
830 1102 905 1135 Syria
917 1103 1064 1137 quandam,
1084 1112 1150 1137 quae
1169 1103 1197 1129 id
1211 1112 1254 1137 ge-

208 1144 313 1170 niturae
328 1141 451 1172 haberet,
467 1147 494 1168 vt
512 1141 569 1174 regi
589 1140 759 1174 iungeretur,
777 1138 888 1165 eandem
910 1147 1021 1165 vxorein
1037 1139 1128 1173 petiit,
1154 1139 1253 1165 Iuliam

207 1179 316 1205 scilicet.
372 1177 449 1213 Apud
460 1176 594 1211 Lamprid.
613 1185 634 1201 c.
650 1181 677 1208 38
706 1176 785 1201 Po'e'ta
803 1180 954 1209 temporum
968 1174 1111 1201 Alexandri
1126 1174 1253 1208 (Seueri)

1180 1068 1254 1102 Spar-

825 855 920 887 PoJitus
934 854 1066 889 paullatim
1075 855 1160 889 pudor
1174 861 1196 879 et
1211 854 1254 879 vbi
1269 861 1305 880 20

485 1036 516 1060 Et
534 1034 595 1060 Sors
615 1033 647 1058 de
667 1032 739 1058 Diuo
757 1031 873 1058 Claudio
884 1030 951 1066 apud
962 1031 1172 1058 Treb.l’ollion.
1188 1041 1209 1057 c.
1225 1040 1252 1057 10
1262 1039 1293 1065 25

208 1215 272 1241 haec
295 1215 323 1240 in
347 1222 406 1239 eum
435 1213 518 1244 dixit,
539 1211 680 1238 Pulchrum
704 1210 776 1245 quod
793 1210 868 1237 vides
888 1211 936 1236 esse
953 1210 1071 1237 nostrum
1092 1219 1191 1245 regem,
1205 1215 1294 1239 etc.30

208 1251 281 1277 Idem
297 1249 465 1284 Lampridius
478 1249 506 1274 in
519 1248 624 1281 Elagab.
639 1256 661 1273 0.
676 1255 709 1279 34
728 1246 756 1272 de
769 1246 974 1282 praecedentibus
993 1247 1202 1282 imperatoribus,
1223 1247 1254 1272 Et

208 1286 294 1312 minus
315 1286 380 1311 boni
401 1293 474 1318 reges
493 1284 616 1313 fuerunt,
631 1289 656 1309 et
675 1281 782 1317 pessimi.
835 1282 877 1309 Sic
895 1282 1074 1316 Regilliauus,
1091 1292 1169 1308 nonus
1187 1285 1255 1308 inter

206 1321 316 1355 triginta
339 1327 463 1352 tyrannos
476 1319 630 1350 Trebellii,
657 1317 769 1344 militari
791 1317 853 1344 ioco
878 1326 957 1352 regna
984 1319 1139 1352 promeruit.
1182 1317 1254 1344 Nam

205 1365 265 1383 cum
286 1356 384 1397 1111ξί105
403 1354 512 1389 quidam
532 1362 591 1379 cuni
612 1361 644 1378 eo
664 1359 818 1383 coenarent,
838 1353 938 1380 exstitit
958 1354 1112 1380 Valerianus
1131 1353 1254 1380 tribunus

206 1392 253 1426 qui
274 1392 389 1423 diceret,
413 1389 559 1424 Regilliani
573 1396 671 1413 nomen
691 1386 760 1412 vnde
778 1387 910 1413 credimus
925 1388 1043 1414 111611111ιέ
1080 1389 1157 1414 Alius
1171 1389 1292 1420 conti-35

209 1437 279 1457 nuo,
299 1427 438 1454 Credimus
453 1424 524 1459 quod
538 1433 552 1450 a
565 1431 655 1457 regno.
692 1422 768 1448 Tum
784 1422 805 1447 is
818 1422 866 1455 qui
879 1422 968 1448 aderat
980 1422 1153 1448 Scholasticus
1167 1424 1256 1456 coepit

207 1463 276 1497 quasi
295 1461 527 1498 grammaticaliter
546 1459 695 1490 declinare,
708 1465 732 1484 et
753 1457 840 1483 dicere
855 1458 925 1487 Rex,
940 1458 1026 1490 regis,
1040 1458 1113 1491 regi,
1128 1457 1255 1491 Regillia-

207 1508 265 1525 nus.
319 1498 418 1524 Milites
436 1511 480 1515 —-
501 1495 640 1526 dixerunt,
654 1494 722 1527 Ergo
743 1493 824 1527 potest
838 1494 893 1519 Rex
907 1492 972 1519 esse?
998 1493 1062 1519 item
1076 1493 1159 1524 alius,
1184 1493 1255 1526 Ergo

208 1534 291 1568 potest
308 1543 356 1560 nos
370 1533 477 1567 regere?
502 1531 567 1557 item
581 1530 663 1559 alius,
687 1530 756 1555 Deus
768 1528 820 1555 tibi
835 1529 905 1563 regis
918 1537 1018 1554 nomen
1039 1529 1173 1563 imposuit.
1210 1527 1258 1555 Sed

201 1570 263 1607 finit
277 1571 340 1596 talia
351 1571 426 1605 plura
439 1567 505 1603 apud
518 1567 561 1593 hos
576 1567 731 1601 Scriptores,
751 1565 793 1591 vbi
807 1565 890 1598 Regia
903 1571 1002 1594 vocant,
1013 1573 1073 1599 quae
1085 1563 1119 1590 ad
1131 1561 1256 1598 Augustos
1264 1570 1302 1594 40

203 1610 367 1641 pertinet-crit.
405 1605 539 1640 Col-legerat
559 1602 617 1629 haec
635 1608 659 1627 et
675 1602 749 1636 plura
769 1601 790 1626 1.
808 1601 834 1626 F.
848 1601 954 1626 Gronou.
978 1601 1023 1626 Or.
1044 1599 1072 1625 de
1090 1601 1153 1635 Lege
1167 1601 1255 1634 Regia.

207 1641 227 1677 Ἷ
246 1651 264 1675 4
302 1641 443 1675 Mctaphor.
458 1636 639 1674 praeliantium
657 1639 770 1671 cuiusque
784 1638 822 1662 rei
838 1639 865 1661 in
877 1636 924 1671 Juo
937 1644 1023 1670 genere
1036 1641 1123 1667 notat,
1142 1642 1169 1660 vt
1188 1636 1256 1661 Cau-

206 1675 294 1705 sarum
320 1685 365 1703 rex
398 1674 554 1702 Hortensius
579 1672 646 1708 apud
668 1673 761 1698 Ascon.
784 1680 884 1705 argum.
906 1671 962 1697 Cic.
990 1671 1080 1696 Diuin.
1106 1670 1133 1696 111
1156 1670 1255 1698 Caecil.

209 1715 294 1748 Apum
309 1721 354 1738 rex
369 1711 475 1737 Colum.
487 1718 513 1742 9,
526 1718 554 1735 10
568 1716 590 1734 et
606 1716 637 1734 ii.
695 1707 854 1733 Fluuiorum
867 1715 913 1732 rex
927 1706 1056 1732 Eridanus
1070 1707 1142 1740 Virg.
1156 1706 1254 1740 Georg.

207 1758 226 1781 1,
241 1754 295 1782 481.
332 1749 399 1782 Qun
413 1747 469 1772 Rex
483 1744 596 1771 armenti
614 1750 702 1769 murus
715 1742 781 1777 apud
793 1742 853 1768 Stat.
869 1741 965 1768 Achill.
982 1750 1002 1774 i,
1016 1749 1071 1776 470
1096 1742 1296 1780 801110111011οξ15

207 1785 273 1811 Aiax
294 1784 411 1810 vmbone
424 1781 540 1808 coruscat
554 1778 676 1806 Armenti
694 1786 782 1812 regeS‚
799 1780 817 1803 i.
831 1778 926 1812 septem
943 1778 1019 1812 pelles
1039 1785 1167 1804 taurorum
1181 1779 1254 1812 scuto

199 1821 247 1857 fi‘O
266 1824 376 1845 intentas
395 1817 485 1844 [ablat.
521 1816 562 1843 Sic
576 1815 677 1849 Regum
692 1822 737 1839 rex
752 1814 849 1841 Stoicus
864 1813 968 1849 sapiens
983 1813 1050 1847 apud
1061 1814 1157 1840 Horat.
1173 1813 1252 1847 Epist.

206 1864 226 1888 1,
242 1866 259 1886 1,
276 1863 331 1889 107.
369 1855 424 1889 Qo
437 1855 550 1888 pertinet
568 1850 631 1877 illud
650 1849 788 1876 Claudian.
803 1849 835 1875 de
848 1858 866 1881 4
880 1850 958 1875 Cous.
975 1850 1046 1875 Hon.
1060 1858 1087 1882 4,
1100 1851 1142 1875 261
1170 1849 1253 1876 Tunc

206 1893 298 1918 omnia
318 1891 375 1917 iure
396 1888 515 1920 tenebis,
534 1888 604 1914 Cum
621 1885 721 1921 poteris
741 1893 787 1911 rex
809 1885 857 1910 csse
871 1885 918 1911 tui.
955 1886 1029 1910 Hunc
1046 1893 1136 1919 regem
1150 1886 1255 1920 pulchre

200 1931 288 1963 pingit
309 1927 367 1952 Seu.
386 1924 506 1957 Thyeste
527 1923 554 1949 in
575 1922 659 1949 choro
677 1930 690 1947 a
710 1930 735 1947 v.
754 1923 808 1952 336.
845 1922 967 1946 Ponamus
980 1922 1104 1955 paucula,
1130 1926 1177 1955 348
1197 1922 1253 1947 Rex
1263 1924 1296 1951 50

206 1963 258 1995 est,
272 1962 317 1997 qui
334 1961 420 1995 posuit
434 1965 518 1985 metus
536 1972 582 1977 -——
618 1962 660 1989 388
682 1958 737 1982 Rex
749 1956 801 1988 est,
815 1957 863 1989 qui
876 1962 976 1982 metuet
989 1956 1074 1987 nihil,
1088 1965 1134 1983 rex
1148 1957 1192 1987 est,
1206 1957 1253 1991 qui

205 2004 293 2033 cupiet
308 1996 387 2022 nihii.
422 1995 481 2020 Hoc
495 2001 606 2027 regnum
624 1992 672 2018 libi
686 1992 798 2025 quisque
811 1991 863 2016 dat.
1056 1990 1077 2028 q
1102 1999 1115 2024 ς
1152 1993 1208 2019 Rex
1222 1991 1256 2026 2st

203 2037 339 2071 quicunque
358 2031 475 2061 diuitiis,
497 2029 598 2063 opibus,
617 2027 748 2053 clientibus
765 2024 903 2059 instruflus
922 2025 953 2053 ab
976 2027 1036 2052 aliis
1059 2028 1168 2059 colitur,
1191 2030 1255 2054 alios

205 2073 280 2102 regit.
337 2068 404 2093 Hor.
420 2066 509 2091 Carni.
524 2072 543 2096 i,
558 2065 598 2094 36,
613 2067 626 2092 8
660 2063 766 2088 Memor
786 2062 867 2088 Actae
888 2070 942 2087 non
964 2062 1019 2088 alio
1038 2071 1099 2096 rege
1120 2064 1253 2096 puertiae:

205 2102 316 2132 iifiuu'is
335 2102 468 2137 putrilibus
487 2108 531 2126 rex
545 2100 636 2134 fuerat
651 2098 748 2123 Lamia.
784 2098 840 2122 Huc
853 2100 965 2131 pertinet
983 2098 1051 2124 Hor.
1065 2098 1143 2132 Epist.
1161 2107 1179 2130 1,
1195 2107 1213 2130 1,
1227 2105 1254 2132 58
1264 2104 1292 2130 53

209 2144 241 2168 At
254 2140 329 2175 pueri
345 2137 481 2168 ludentes,
495 2143 541 2161 rex
561 2134 628 2165 eris,
642 2133 727 2162 aiunt,
743 2131 759 2158 si
775 2131 846 2158 1οὁἶο
866 2132 954 2157 facies.
988 2133 1036 2159 Sed
1051 2141 1134 2168 nempe
1154 2134 1195 2161 ille
1206 2137 1254 2161 La-

206 2181 257 2204 mia
270 2185 317 2202 non
332 2174 409 2211 semel
423 2178 465 2198 aut
483 2172 613 2206 aliquoties
629 2169 683 2194 Rex
698 2167 776 2203 fui-‘lli'
797 2166 944 2195 indicatur,-
965 2167 1013 2202 fid
1024 2174 1169 2203 perpetum„
1189 2171 1256 2196 velut

205 2221 307 2249 regnum
327 2211 427 2245 ingenio
436 2207 483 2243 suo
503 2212 526 2232 et
544 2207 630 2241 gratia
648 2202 785 2235 obtinmffi.
856 2203 975 2229 Donatus
988 2202 1021 2228 ad
1032 2203 1096 2229 illud
1108 2203 1178 2230 Ter.
1192 2212 1218 2236 2,
1232 2213 1258 2237 2,

208 2258 243 2282 24
268 2248 358 2274 Nemo
374 2245 434 2270 satis
447 2250 496 2276 pro
513 2241 612 2267 merito
631 2240 741 2274 gratiam
759 2238 826 2272 Regi
845 2239 944 2270 refert,
965 2239 1021 2264 Rex
1044 2239 1108 2264 alias
1125 2239 1256 2272 Regnato-

207 2294 280 2314 rem,
293 2283 354 2308 alias
372 2279 534 2307 Dominum,
556 2275 619 2302 alias
641 2275 760 2300 Diuitem
780 2272 915 2306 significat.

207 2320 287 2347 habet
300 2316 418 2345 nominis
432 2314 463 2340 ad
476 2312 578 2347 aliquid
593 2310 669 2343 dieti,
688 2309 720 2335 ad
733 2308 932 2342 significandum
945 2308 1096 2335 Parasitum.
1134 2311 1167 2334 Vt
1181 2311 1254 2336 enim

206 2355 330 2392 parasitus
344 2352 411 2386 regis
424 2350 459 2376 es’t
468 2369 474 2379 ,
488 2354 514 2375 et
529 2348 641 2374 libertus
655 2345 775 2380 patroni:
801 2344 834 2370 sic
848 2353 863 2370 e
876 2344 1012 2371 contrario
1031 2352 1077 2371 rex
1090 2344 1195 2379 parasiti
1210 2344 1256 2377 est,

205 2399 231 2420 et
246 2397 369 2428 patronus
383 2385 484 2414 liberti.
551 2382 667 2410 Martial.
683 2390 706 2413 ε,
727 2385 752 2410 18
895 2414 901 2419 .

314 2427 398 2459 Capto
411 2429 498 2453 tuam,
512 2419 591 2454 pudet
605 2417 672 2448 11011,
686 2416 729 2443 sed
742 2420 818 2449 capto
830 2415 948 2443 Maxime
961 2423 1081 2448 coenam,

365 2459 413 2486 Tu
428 2462 513 2492 captas
529 2455 605 2481 alias:
625 2454 678 2480 iam
694 2453 781 2479 sumus
793 2460 857 2485 ergo
871 2459 953 2485 pares.

317 2497 396 2524 Mane
412 2494 550 2520 salutatum
569 2490 666 2520 venio,
684 2495 713 2515 tu
726 2487 821 2514 diceris
836 2486 881 2512 isse

366 2532 432 2557 Ante
451 2529 604 2555 salutatum:
622 2526 674 2551 iam
689 2525 777 2550 sumus
791 2531 856 2556 ergo
869 2530 953 2556 pares.

315 2569 378 2594 Sum
391 2574 478 2591 comes
495 2564 548 2598 ipse
561 2569 621 2588 tuus
631 2581 639 2593 ‚
653 2559 803 2592 tumidique
821 2556 991 2584 anteambulo
1008 2557 1091 2592 regis,

365 2602 413 2628 Tu
428 2609 515 2626 comes
528 2597 650 2624 alterius:
674 2597 727 2622 iam
742 2596 828 2621 sumus
841 2603 904 2628 ergo
922 2602 1005 2627 pares.

316 2639 368 2666 Effe
384 2639 419 2663 sat
433 2636 469 2663 est
488 2636 592 2661 seruum
602 2653 609 2665 ,
622 2633 673 2659 iam
686 2631 750 2658 nolo
770 2629 884 2656 vicarius
899 2629 956 2655 esse.

366 2673 422 2706 Qui
435 2680 481 2698 rex
495 2670 530 2697 est
539 2690 547 2702 ,
561 2678 649 2703 regem
664 2667 782 2694 Maxime
796 2674 850 2692 non
864 2665 968 2691 habeat.

210 2711 348 2740 Blanditiis
367 2717 389 2736 ct
402 2707 538 2744 struilibus
557 2704 647 2740 officiis
664 2703 762 2738 aliquid
786 2710 914 2737 quaerere,
934 2706 963 2727 vt
975 2699 1082 2736 scurrae
1101 2704 1125 2725 et
1139 2698 1256 2734 parasiti.

212 2748 333 2774 Vicarius
343 2766 350 2778 ,
364 2744 396 2777 ‘fl
410 2746 479 2772 Serui
492 2743 591 2778 seruus.
626 2739 693 2766 Add.
706 2737 822 2765 Martial.
841 2746 869 2770 4,
884 2746 930 2770 40.
1000 2736 1042 2761 An
1062 2734 1195 2761 honestius
1210 2735 1256 2760 du-

210 2786 312 2815 xerim,
328 2779 486 2807 mercenarii
505 2776 655 2804 salutatoris
676 2772 898 2801 mendacissimum
921 2771 1064 2805 aucupium
1085 2771 1255 2797 circumuoli.

209 2819 286 2847 tantis
301 2818 394 2844 limina
413 2820 514 2850 potenti

208 2856 308 2884 rantis?
327 2852 460 2880 Columel.
482 2850 499 2876 l.
515 2858 523 2876 1
538 2848 620 2883 praef.
636 2856 660 2880 9.
769 2881 774 2884 Ι

209 2890 379 2924 centes,plus
398 2887 518 2922 poscente
540 2885 625 2911 ferent
647 2884 712 2909 Hor.
730 2880 807 2915 Epist.
831 2888 850 2911 1,
872 2886 911 2918 ¹7⁹.
930 2886 967 2909 43.

210 2937 250 2960 14,
268 2935 295 2952 12
331 2925 392 2951 Siue
409 2931 482 2956 reges
511 2921 572 2946 Siue
595 2920 685 2952 inopes
705 2917 805 2943 erimus
823 2915 923 2940 coloni.

210 2965 319 2997 Reane
333 2966 458 2995 paterque
471 2955 576 2983 Audisti
589 2962 694 2984 coram,
712 2960 759 2978 nec
777 2951 862 2978 verbo
875 2949 978 2985 parcius
993 2949 1093 2976 absens.

207 3000 258 3025 Sat.
281 3007 308 3029 1,
327 2998 368 3029 136
909 3021 914 3025 Ι

365 3027 509 3056 Vestibulis
527 3025 626 3053 abeunt
646 3029 749 3050 veteres
762 3022 866 3056 lallique
883 3021 999 3051 clientes,

364 3067 486 3098 Votaque
501 3062 652 3097 deponunt,
667 3059 787 3094 quamuis
801 3056 946 3091 longissima
963 3064 1059 3082 coenae

366 3102 426 3135 Spes
440 3099 560 3126 homini:
579 3096 664 3123 caules
679 3095 795 3124 miseris,
810 3099 889 3127 atque
904 3093 971 3125 ignis
986 3091 1121 3119 emendus.

366 3137 474 3171 Optima
489 3135 612 3160 siluarum
627 3132 742 3162 interea,
756 3130 896 3164 pelagique
917 3128 1024 3154 vorabit

366 3174 421 3198 Rex
438 3172 551 3201 horum,
566 3168 707 3200 vacuisque
722 3167 785 3193 toris
799 3171 901 3192 1311111111
921 3164 974 3198 ipse
992 3162 1099 3190 iacebit.

364 3208 464 3234 Nullus
479 3206 530 3231 iam
546 3203 667 3238 parasitus
683 3203 742 3228 erit.

215 3245 294 3270 Plaut.
310 3245 383 3277 Capt.
401 3252 418 3274 1,
434 3251 454 3274 1,
468 3250 503 3275 24
529 3241 599 3266 Nam
613 3238 748 3273 postquam
761 3245 834 3262 meus
849 3244 894 3262 rex
910 3235 945 3261 est
959 3235 1058 3270 potitus
1071 3233 1197 3265 hostium,
1209 3238 1256 3258 etc.

211 3280 257 3306 Sul
271 3280 392 3305 mimium
413 3280 453 3305 hic
472 3273 595 3313 respcffius
610 3284 657 3300 nan
678 3276 827 3308 exprimitur
846 3272 936 3307 difirrc
950 3271 1018 3297 Ter.
1035 3269 1141 3296 Phorm.
1156 3277 1176 3300 1,
1191 3277 1211 3299 2,
1226 3277 1256 3294 20

732 2847 830 2872 Coram
849 2851 910 2877 rege
929 2843 977 2868 suo
998 2842 1029 2868 de
1048 2848 1200 2875 paupertate
1219 2849 1256 2868 ta-

1044 2876 1116 2903 Idem
1130 2878 1218 2904 Carni.
1232 2887 1257 2910 2,

995 2914 1026 2938 Et
1039 2913 1118 2946 Epist.
1139 2923 1159 2945 1,
1180 2922 1206 2948 7,
1225 2922 1256 2948 37

1163 2950 1256 2976 quen.

964 2274 1011 2299 Sed
1032 2282 1102 2299 nunc
1121 2275 1254 2301 rationem
1264 2275 1299 2300 60

1274 2445 1305 2477 65
1322 2458 1359 2481 10,
1376 2457 1399 2482 ς,
1414 2456 1436 2482 ς.

1272 2636 1308 2664 70
1322 2628 1407 2655 turba.

1725 92 1758 152 R.
1842 93 1877 133 E
1966 94 2006 133 G
2295 106 2398 148 128,

1320 187 1391 221 ratur
1404 182 1434 208 L.
1447 182 1572 209 Claudius
1586 191 1630 209 rex
1648 182 1788 208 sacrorum.
1840 181 1899 208 Liu.
1912 191 1958 216 40,
1970 191 2006 216 42
2025 182 2064 209 De
2077 182 2148 217 Rege
2160 182 2277 210 sacrifico
2290 183 2354 212 suffi-

1320 217 1414 243 ciendo
1430 218 1456 244 in
1470 219 1558 245 locum
1573 219 1620 245 Cn.
1633 217 1754 244 Cornelii
1769 216 1920 243 Dolabellae
1939 220 2075 245 contentio
2089 219 2158 245 inter
2172 219 2202 245 C.
2215 219 2356 249 Seruilium

1320 252 1474 280 Pontificem
1489 255 1559 281 Max.
1580 254 1648 286 suit,
1669 260 1694 280 et
1715 254 1744 279 L.
1757 253 1913 279 Cornelium
1931 253 2110 284 Dolabellam,
2126 255 2295 281 duumuirum
2313 264 2356 283 na..

1321 288 1422 322 valem,
1440 298 1519 323 quein
1535 297 1562 317 vt
1576 292 1744 324 inauguraret
1758 288 1893 323 pontifex,
1903 289 2053 323 magistratu
2066 290 2092 315 sc
2105 289 2229 316 abdicare
2241 289 2356 324 iubebat,

1320 329 1366 349 etc.
1379 324 1441 358 sunt
1454 329 1518 351 enim
1524 326 1646 361 pluscula.
1718 324 1782 351 Plin.
1798 332 1831 356 11,
1844 331 1875 357 37
1890 323 1908 349 s.
1923 330 1952 358 71
1983 325 2012 351 L.
2025 324 2161 351 Postumio
2174 324 2274 352 Albino
2287 326 2356 361 Rege

1319 358 1452 385 sacrorum
1472 375 1517 381 —
1538 371 1597 387 cum
1613 369 1659 387 rex
1674 360 1788 392 Pyrrhus
1807 368 1837 385 ex
1855 358 1932 385 ltalia
1948 359 2107 394 disceffiiset,
2126 361 2213 387 corin
2233 361 2300 387 extis
2313 361 2356 389 ha.

1319 394 1433 428 ruspices
1452 395 1581 430 inspicere
1596 402 1746 430 coeperunt.
1788 395 1846 423 vad.
1868 401 1970 422 REGIA
1989 405 2015 421 n.
2031 405 2052 422 2.
2195 393 2216 431 Ἴ
2237 404 2255 431 7
2291 397 2358 432 Rex,

1320 436 1448 464 cognomen
1466 436 1548 467 gentis
1560 433 1688 459 Marciae:
1706 431 1758 458 vid.
1772 432 1841 458 Suet.
1855 431 1927 456 Caes.
1940 439 1962 456 c.
1974 433 1991 457 6
2003 440 2024 457 c.
2035 438 2087 458 not.
2103 432 2223 458 Turrem.

1360 470 1405 491 RE
1415 471 1436 491 G
1447 467 1518 492 iNA
1534 487 1542 500 ,
1569 476 1607 494 ae.
1645 468 1664 493 s.
2034 469 2109 499 Regis
2127 477 2200 494 vxor.
2236 467 2291 493 Cic.
2304 467 2358 495 Au.

1382 535 1387 540 ·
2259 502 2357 537 Teque

1322 540 1449 574 particeps
1467 538 1612 571 connubii,
1625 540 1695 566 socia
1712 539 1803 573 regni,
1817 539 1908 574 regina
1928 538 1995 563 Iuno
2016 538 2185 565 Pseudo-Cic.
2208 543 2295 573 anteq.
2307 538 2357 565 iret

1322 577 1351 594 in
1364 571 1425 611 exil.
1438 580 1481 605 24.
1550 575 1650 608 Regina
1663 573 1757 607 desim,
1771 576 1838 600 Iuno
1858 575 1931 607 Virg.
1943 574 2007 599 Aen.
2028 582 2048 606 1,
2067 581 2102 605 13.
2174 575 2275 607 Regina
2291 583 2356 601 acer-

1320 603 1348 629 bo
1363 614 1414 631 roco
1434 605 1517 644 diffsus
1536 611 1614 635 lulius
1627 610 1716 645 Caesar
1732 612 1765 636 ab
1785 609 1900 636 06131110
1920 607 2035 642 quodam
2052 609 2120 644 apud
2140 610 2246 636 Sueton.
2271 618 2293 635 c.
2313 618 2357 643 49.

1321 641 1358 666 De
1371 639 1502 673 Meſjalina
1514 644 1612 671 Claudii
1623 647 1729 679 reginae
1743 654 1827 671 nomen
1836 649 1911 680 ponit
1925 645 1989 670 Plin.
2003 653 2042 677 29,
2057 653 2076 672 1.
2145 645 2263 679 Regina,
2275 646 2363 671 Domi-—

1320 685 1362 702 na.
1377 711 1381 716 η
1401 675 1482 716 Plaut.
1497 678 1583 706 Truc.
1597 689 1622 712 2,
1636 683 1663 712 6,
1678 689 1708 714 30
1728 682 1777 707 Sed
1791 683 1899 715 reginae
1911 680 1985 706 domi
1999 681 2058 706 suae
2070 680 2147 707 fuere
2167 680 2268 707 ambae.
2313 681 2357 707 Pe-

1323 720 1399 751 cunia
1418 720 1510 745 regina
1528 715 1595 741 Hor.
1609 716 1688 750 Epist.
1708 725 1729 748 1,
1749 719 1775 749 6,
1794 725 1834 752 37.
1904 716 2032 743 Omnium
2052 717 2142 749 regina
2161 725 2250 742 rerum
2270 716 2358 743 oratio

1322 747 1379 772 Cic.
1394 746 1426 773 de
1440 748 1513 774 Orat.
1526 758 1549 781 2,
1562 755 1611 790 187.
1679 752 1802 778 Siderum
1820 752 1912 786 regina
1926 751 2043 778 bicornis
2058 751 2132 777 Luna
2150 753 2217 778 Hor.
2230 752 2259 778 in
2271 752 2371 780 Carni„

1321 783 1414 822 saecul.
1431 790 1466 815 35.
1537 786 1672 813 Virtutum
1685 788 1741 814 Cic.
1754 787 1806 814 Off.
1818 796 1830 820 3
1845 797 1867 814 0.
1881 791 1896 814 6
1920 787 1949 813 de
1963 786 2068 820 iustitia.
2128 788 2277 813 Volucrum
2290 788 2359 814 Mar—

1320 818 1376 858 tial.
1392 826 1415 851 ς,
1429 821 1468 859 5⁶:
1484 853 1490 858 ·
1537 820 1637 855 Regina
1656 822 1787 849 sacrorum
1802 833 1866 849 vxor
1885 826 1954 859 regis
1971 822 2090 850 Macrob.
2104 822 2155 849 Sat.
2169 831 2190 853 1,
2205 831 2239 855 ις.
2310 823 2359 849 Re-

1321 861 1413 894 ginae,
1426 855 1547 887 DiuiteS,
1559 859 1641 895 inquit
1653 857 1770 884 Donatus
1782 859 1815 885 ad
1827 859 1895 885 Ter.
1909 860 1973 885 Eun.
1988 867 2007 890 i,
2018 867 2045 891 2,
2058 864 2086 887 88
2106 857 2263 885 Eunuchum
2278 867 2359 893 porro

1322 890 1390 916 dixti
1404 890 1473 930 velle
1485 895 1527 922 te,
1548 899 1609 931 quia
1623 892 1691 918 solae
1705 899 1813 920 vtuntur
1826 893 1867 920 his
1880 895 2001 929 reginae:
2021 894 2135 928 repperi.

1332 961 1337 966 ι
1355 932 1374 951 R
1385 931 1431 951 EG
1442 933 1462 951 v
1474 932 1518 966 Ly
1530 933 1542 952 S
1552 946 1560 958 ,
1580 934 1598 952 i.
1616 936 1652 953 in.
1679 928 1780 955 Dimin.
1817 928 1993 965 [Caes-Alanos]
2029 929 2104 964 Qasr*
2118 931 2215 956 Paruus
2227 938 2279 955 rex.
2315 928 2359 956 Ci-

1319 961 1503 1001 licuintreguli
1517 961 1586 988 Tac.
1602 963 1670 989 Anti.
1684 972 1710 996 2,
1723 969 1764 996 80,
1776 973 1797 990 2.
1867 965 1933 992 Plin.
1948 971 1984 998 18,
1998 975 2009 997 3
2031 967 2065 991 Vt
2079 974 2161 1000 quum
2175 965 2275 999 regulis
2289 965 2360 991 Afri-

1320 1005 1364 1036 cae
1384 995 1560 1023 bibliothecas
1579 997 1699 1025 donaret.
1735 999 1808 1035 Cous.
1829 999 1895 1027 Plin.
1912 1006 1936 1033 8,
1951 1010 1980 1027 10
1992 1008 2056 1027 extr.
2074 1011 2096 1027 c.
2110 1007 2162 1027 not.
2178 1000 2259 1027 Hard.
2286 1001 2360 1036 Conf.

1319 1033 1380 1072 Liu.
1395 1041 1431 1064 21,
1444 1041 1479 1073 2..
1609 1068 1616 1073 “
1663 1032 1684 1070 ff
1705 1043 1727 1074 2.¹
1757 1035 1886 1069 Regulus,
1900 1037 1964 1063 Auis
1975 1037 2085 1063 minima
2094 1057 2102 1069 ,
2115 1045 2128 1062 3
2142 1035 2299 1071 quibusdam
2312 1037 2361 1063 Re·
2388 1045 2391 1046 ⁷

1319 1068 1434 1102 galiolus
1454 1067 1555 1094 diffsus:
1581 1068 1636 1094 alio
1655 1078 1764 1096 nomine
1776 1071 1938 1105 Trochilus,
1951 1072 1977 1108 s.
1993 1073 2126 1104 Orchilus,
2141 1079 2170 1098 vt
2188 1072 2255 1098 Plin.
2278 1080 2316 1104 10,
2328 1080 2361 1105 74

1317 1104 1396 1146 docet.
1553 1101 1574 1141 fl
1596 1112 1609 1135 3
1646 1105 1776 1140 Regulus,
1789 1107 1914 1142 Serpentis
1925 1117 2009 1143 genus,
2023 1117 2092 1143 quem
2107 1110 2196 1134 Graeci
2210 1107 2360 1134 Basiliscum

1317 1140 1414 1180 dicunt.
1591 1137 1612 1177 fl
1632 1151 1651 1175 4
1686 1142 1817 1176 Regulus,
1834 1152 1963 1179 cognomen
1979 1147 2062 1180 gentis
2080 1145 2204 1177 Anniae,
2215 1150 2245 1170 vt
2262 1144 2300 1170 M.
2315 1144 2361 1170 At-

1317 1176 1393 1201 tilius
1405 1173 1530 1208 Regulus.
1562 1175 1620 1202 Vid.
1641 1177 1715 1212 infra
1727 1177 1774 1212 fi‘0
1791 1179 1852 1204 loco.

1353 1216 1373 1236 R
1385 1216 1402 1236 Ε
1414 1216 1435 1236 G
1447 1217 1455 1234 1
1467 1215 1527 1241 vs,
1551 1218 1583 1243 3,
1612 1221 1665 1238 11111.
1696 1213 1757 1240 Adi.
1793 1213 1955 1248 [βασιλικὸς]
1990 1214 2064 1249 Qod
2081 1212 2115 1247 est
2133 1217 2202 1250 regii·
2221 1223 2362 1250 quocunque

1318 1245 1406 1286 modo,
1418 1245 1483 1281 quod
1494 1254 1566 1281 rege,
1578 1247 1679 1283 dignum
1691 1247 1733 1281 est,
1746 1255 1792 1275 etc.
1826 1249 1924 1283 Regius
1937 1251 2043 1283 egregia
2050 1251 2147 1276 Priami
2160 1252 2192 1276 de
2204 1249 2284 1284 stirpe
2298 1250 2362 1276 Dio·

1320 1290 1360 1307 res
1376 1283 1449 1316 Virg.
1462 1282 1529 1307 Aen.
1544 1289 1568 1314 ς,
1582 1285 1642 1314 296.
1713 1284 1769 1310 Cic.
1782 1284 1836 1310 Off.
1849 1293 1872 1316 3,
1884 1290 1916 1318 78
1942 1285 2003 1311 Erat
2016 1292 2103 1312 autem
2115 1287 2204 1320 regius
2217 1285 2312 1320 pastor.
2333 1286 2362 1311 de

1320 1318 1397 1352 Gyge.
1469 1317 1549 1344 Fama
1567 1326 1628 1343 011111
1646 1317 1679 1343 ad
1693 1319 1779 1351 regios
1798 1320 1858 1345 esset
1872 1320 1969 1352 perlata
1981 1321 2051 1354 Nep.
2070 1329 2109 1355 17,
2122 1327 2146 1354 8,
2159 1330 2180 1354 3.
2198 1325 2217 1348 i.
2231 1320 2363 1356 praefec‘li

1317 1355 1513 1388 prouinciarum.
1587 1353 1647 1379 Ales
1667 1354 1739 1387 regia
1748 1372 1756 1385 ,
1768 1354 1864 1387 Aquila
1881 1353 1963 1378 Ouid.
1978 1355 2043 1380 Met.
2056 1365 2090 1388 4,
2102 1359 2156 1388 362.
2228 1358 2361 1390 Apparatu

1319 1388 1396 1422 regio
1415 1393 1534 1421 acceptus
1561 1389 1618 1414 Cic.
1639 1388 1671 1414 de
1682 1386 1852 1420 Somn.Scip.
1868 1395 1887 1412 1.
1957 1386 2031 1412 Idem
2054 1397 2102 1420 pro
2122 1391 2192 1424 Lege
2213 1392 2304 1418 Manil.
2330 1400 2361 1425 50

1319 1424 1375 1449 Cur
1393 1432 1447 1449 non
1467 1422 1578 1449 ducibus
1597 1423 1648 1450 diis
1668 1422 1865 1449 immortalibus
1885 1420 1986 1451 eidem,
2008 1421 2051 1446 cui
2070 1428 2172 1448 caetera
2190 1425 2288 1451 summa
2302 1436 2361 1454 cuin

1320 1458 1401 1483 salute
1415 1458 1539 1492 Reipubl.
1552 1459 1686 1485 commissa
1705 1459 1781 1490 sunt,
1797 1458 1847 1484 hoc
1866 1465 1972 1491 quoque
1986 1456 2089 1483 Bellum
2105 1457 2208 1490 regium
2221 1462 2362 1488 committi-

1319 1493 1394 1517 mus?
1412 1499 1500 1518 contra
1518 1494 1697 1519 Mithridatem
1716 1503 1796 1530 regem
1815 1492 1956 1529 gerendum.
2047 1491 2161 1518 Chartae
2173 1494 2259 1525 regiae
2277 1496 2361 1524 Canii.

1321 1536 1364 1559 22,
1376 1529 1393 1552 6
1413 1528 1495 1553 Genus
1504 1525 1749 1562 prafflannjfimum.
1819 1528 1965 1554 Ciuitatem
1983 1527 2084 1560 regiam
2097 1528 2236 1561 Aegyptios
2248 1530 2359 1559 inuenis-

1320 1563 1362 1594 se,
1379 1562 1534 1596 Popularem
1548 1563 1659 1595 Atticos,
1667 1563 1761 1598 scribit
1773 1563 1841 1588 Plin.
1856 1572 1877 1594 7,
1892 1565 1933 1595 56.
1954 1566 1973 1588 i.
1992 1563 2176 1590 Monarchiani.
2201 1585 2211 1588 -
2242 1566 2294 1592 Cic.
2304 1568 2353 1594 Λα.

1319 1606 1357 1630 12,
1372 1606 1395 1629 13
1416 1598 1491 1624 Balbi
1504 1599 1578 1632 regia
1587 1599 1716 1625 Conditio
1729 1597 1766 1624 est
1781 1597 1929 1632 delegandi.
2002 1598 2108 1624 Coniux
2122 1598 2352 1637 Virg.Aen.2,783.

1319 1633 1493 1659 Consuetudo
1512 1635 1569 1660 Cic.
1584 1635 1660 1661 Verr.
1681 1642 1704 1667 ς,
1723 1635 1767 1668 76.
1840 1634 1917 1660 Dona
1934 1633 2008 1667 Virg.
2021 1635 2085 1660 Aen.
2104 1643 2124 1666 1,
2138 1643 2200 1669 700.
2265 1637 2354 1664 Honos

1317 1669 1393 1696 Idem
1405 1669 1472 1695 ibid.
1487 1677 1514 1704 7,
1529 1675 1583 1702 814.
1655 1669 1753 1704 Regiae
1766 1669 1859 1695 Feriae
1876 1668 1963 1694 dictae
1975 1668 2115 1701 videntur,
2135 1679 2201 1703 quae
2221 1670 2283 1698 fiunt
2303 1673 2355 1700 toi-i

1317 1712 1464 1731 conuentus
1479 1712 1505 1731 et
1525 1705 1707 1732 nundinarum
1726 1705 1800 1731 causa
1819 1705 1846 1731 in
1864 1704 1988 1735 ciuitate,
2005 1705 2121 1739 aliquem
2136 1715 2181 1739 per
2195 1707 2356 1740 sacerdotem,

1319 1741 1367 1774 qui
1389 1740 1418 1766 fit
1439 1741 1512 1775 regia
1533 1741 1676 1767 maiestate.
1711 1740 1759 1767 Sed
1772 1749 1826 1766 non
1839 1741 1940 1774 semper
1953 1740 1989 1766 ob
2010 1740 2075 1767 113110
2089 1742 2173 1768 vitam
2187 1744 2254 1780 (leg.
2267 1746 2358 1776 vnam)

1318 1777 1421 1803 causam
1439 1782 1560 1808 1311111111,
1580 1776 1628 1810 qui
1649 1778 1712 1812 (leg.
1733 1777 1814 1810 quia)
1835 1776 1941 1802 homini
1959 1775 2020 1802 talis
2037 1777 2177 1803 maiestatis
2198 1787 2259 1805 cura
2276 1778 2356 1811 datur,

1319 1812 1417 1844 etiam,
1431 1820 1490 1838 cum
1510 1812 1628 1846 expiatio
1649 1812 1762 1846 fulguris
1782 1811 1828 1844 fit,
1846 1818 1890 1838 aut
1909 1812 1938 1837 in
1958 1812 2126 1846 procurando
2145 1820 2269 1847 portento
2283 1814 2359 1843 simili

1318 1856 1373 1882 quo
1386 1848 1486 1882 Regiae
1505 1849 1590 1874 feriae
1605 1848 1685 1874 etiam
1701 1847 1793 1874 solitae
1806 1849 1872 1874 sunt.
1900 1848 1967 1873 Haec
1980 1847 2077 1876 Festus.
2149 1850 2263 1884 Regium
2276 1851 2356 1886 Impe—

1318 1884 1390 1910 rium
1404 1883 1458 1918 pati
1470 1883 1528 1909 Sen.
1542 1883 1615 1910 Med.
1629 1893 1648 1917 4
1661 1893 1687 1910 v.
1703 1888 1755 1914 189.
1826 1883 1927 1917 Insigne
1942 1883 2034 1910 Tacit.
2049 1885 2116 1911 Anu.
2132 1887 2158 1917 6,
2173 1894 2217 1919 42.
2287 1887 2357 1914 que-

1319 1920 1360 1946 nis
1381 1919 1461 1946 Ouid.
1476 1919 1541 1947 Fast.
1557 1928 1584 1952 2,
1597 1921 1652 1954 761.
1724 1919 1811 1945 Moles
1832 1920 1899 1945 Hor.
1914 1920 2001 1945 Carni.
2017 1927 2042 1951 2,
2057 1928 2092 1953 15,
2106 1929 2124 1946 1.
2199 1921 2308 1948 Morbus
2319 1932 2356 1950 re-

1318 1956 1385 1989 gius.
1424 1955 1491 1981 Plin.
1504 1963 1546 1987 22,
1561 1964 1593 1988 24
1623 1956 1709 1981 Varro
1729 1955 1834 1990 regium
1851 1955 2067 1988 cognominatum
2080 1956 2207 1983 Morbum
2226 1964 2352 1992 arquatum

1318 1990 1416 2023 tradit,
1436 1991 1564 2025 quoniam
1578 1990 1664 2016 mulso
1677 1997 1783 2018 curetur
1792 2001 1804 2023 ²:
1825 1991 1891 2026 quast
1905 1990 2041 2017 commodus
2053 1991 2151 2018 morbus
2164 1999 2188 2018 et
2195 1992 2289 2029 facilis
2298 1993 2348 2020 oliui-v

1318 2026 1385 2052 ribus
1396 2025 1451 2060 fit,
1470 2029 1514 2061 qui
1531 2033 1582 2052 tam
1603 2026 1708 2053 remedio
1727 2028 1777 2053 leni
1791 2033 1900 2053 curetur.
1972 2027 2039 2053 Hor.
2058 2028 2122 2053 Arte
2140 2029 2211 2055 Poet.
2227 2037 2274 2062 453
2303 2029 2344 2057 Aut

1317 2061 1388 2088 mala
1402 2070 1481 2095 quem
1498 2062 1613 2095 scabies,
1624 2067 1668 2088 aut
1681 2062 1793 2089 Morbus
1813 2063 1902 2097 regius
1919 2068 2004 2096 vrget.
2048 2064 2125 2090 Alias
2143 2064 2250 2098 Aurego
2269 2064 2346 2092 dicitu·

1319 2098 1386 2124 Cels.
1400 2107 1420 2129 3,
1435 2106 1472 2130 24
1489 2099 1594 2137 *Aeque
1614 2104 1692 2137 notus
1707 2098 1743 2124 est
1757 2098 1885 2131 Morbus,
1903 2107 1982 2133 quem
1997 2099 2131 2125 interdum
2151 2107 2303 2135 arquatum,
2317 2099 2350 2126 'm-

1318 2132 1425 2160 terdum
1439 2141 1543 2166 regium
1562 2138 1710 2159 nominant.
1781 2134 1869 2160 Nutus
1890 2135 1978 2168 regios
1991 2143 2083 2161 omnes
2102 2140 2208 2163 tuemur
2220 2135 2355 2163 interfecto

1319 2177 1380 2202 rege
1394 2168 1450 2194 Cic.
1465 2169 1536 2194 Fam.
1552 2176 1590 2199 12,
1605 2175 1624 2192 1.
1695 2167 1762 2193 Olea
1775 2171 1848 2201 regia
1859 2169 1991 2195 Columel.
2008 2175 2030 2199 8,
2042 2178 2063 2202 ς.
2083 2173 2114 2196 it.
2137 2179 2173 2201 12,
2187 2179 2232 2206 47.
2304 2171 2356 2198 Cic.

1319 2204 1404 2229 Tusc.
1418 2205 1485 2233 i‚116
1516 2203 1645 2233 Codrum,
1660 2203 1706 2236 qui
1721 2202 1746 2227 se
1762 2202 1790 2227 111
1803 2203 1904 2228 medios
1918 2203 2028 2229 immisit
2046 2204 2132 2230 hostes
2144 2206 2269 2234 famulari
2282 2206 2360 2239 veste,

1318 2246 1352 2263 ne
1365 2239 1445 2271 posset
1460 2238 1575 2271 agnosci,
1590 2237 1607 2263 si
1620 2238 1679 2263 esset
1692 2238 1794 2264 Ornatu
1807 2237 1891 2271 regio.
1963 2238 2057 2263 Parens
2071 2239 2153 2265 Ouid.
2170 2241 2234 2268 Met.
2251 2251 2274 2274 13
2300 2248 2360 2276 484.

1319 2272 1432 2299 Potestas
1454 2272 1510 2298 Cic.
1524 2272 1637 2309 Philipp.
1652 2281 1673 2303 1,
1686 2279 1707 2303 3.
1777 2273 1853 2298 Idem
1866 2272 1897 2298 de
1911 2272 1969 2298 Fin.
1983 2280 2006 2305 3,
2019 2281 2046 2304 32
2079 2273 2128 2299 Sed
2143 2283 2198 2307 eos,
2213 2278 2260 2309 qui
2275 2262 2303 2304 in
2316 2278 2362 2305 ali-

1319 2317 1374 2342 quo
1389 2307 1494 2333 honore
1511 2308 1568 2333 sunt
1579 2327 1586 2338 ‚
1611 2314 1727 2341 quorum
1746 2308 1814 2333 ordo
1832 2307 1952 2341 proxime
1970 2307 2079 2340 accedit,
2093 2315 2121 2335 vt
2135 2310 2260 2338 secundus
2279 2313 2309 2340 fit
2328 2313 2362 2339 ad

1319 2343 1422 2376 regium
1438 2343 1626 2375 Principatum.
1692 2343 1833 2375 Progenies
1858 2342 1940 2368 Ouid.
1958 2351 1990 2368 ex
2010 2344 2083 2370 Pont.
2105 2353 2126 2376 2,
2145 2353 2170 2377 9,
2191 2354 2221 2371 11.
2293 2350 2362 2376 Puer

1319 2379 1395 2412 Virg.
1408 2378 1471 2403 Aen.
1489 2386 1506 2407 1,
1517 2380 1571 2406 681.
1625 2376 1685 2402 Pira
1699 2378 1788 2411 regia,
1800 2377 1869 2412 apud
1883 2377 2014 2404 Columel.
2027 2385 2049 2410 ς,
2062 2387 2099 2404 10.
2119 2387 2143 2405 et
2157 2388 2193 2412 12,
2206 2390 2243 2407 10.
2297 2383 2358 2409 San.

1321 2415 1379 2448 guis
1393 2414 1461 2440 Hor.
1468 2413 1557 2439 Carni.
1569 2421 1590 2444 3,
1605 2419 1648 2446 27,
1665 2414 1704 2444 63.
1775 2413 1931 2446 Reprimere
1943 2413 2055 2439 alicuius
2068 2414 2154 2447 regios
2166 2415 2277 2449 Spiritus
2290 2418 2359 2454 Nep.

1506 2448 1591 2482 Virgo
1604 2446 1685 2473 Ouid.
1699 2447 1763 2473 Met.
1776 2455 1802 2478 2,
1815 2455 1874 2482 570.
1941 2448 2009 2474 Vrbs
2022 2449 2086 2474 Plin.
2102 2458 2134 2480 12,
2150 2458 2167 2475 1.

1358 2490 1504 2514 REQtA,
1526 2492 1564 2510 ae.
1593 2483 1613 2509 f.
1655 2483 1811 2517 [βασίλειον]
1852 2484 2012 2509 Domicilium
2032 2491 2056 2509 et
2080 2486 2138 2510 aula
2158 2488 2234 2521 regit.
2272 2488 2364 2522 Nempe

1315 2524 1427 2556 primum
1447 2519 1629 2555 intelligebatur
1646 2519 1746 2544 Domus
1758 2519 1798 2544 vel
1811 2518 1887 2544 Aula.
1941 2519 1998 2545 Cic.
2012 2518 2044 2544 de
2056 2519 2114 2545 Fin.
2134 2528 2158 2552 3,
2174 2529 2204 2552 52
2240 2522 2275 2548 Vt
2292 2524 2366 2551 enim

1322 2556 1428 2591 inquit,
1439 2564 1518 2582 nemo
1531 2555 1597 2581 dicit
1618 2554 1646 2580 in
1661 2554 1734 2589 regia
1751 2562 1840 2588 regem
1853 2554 1938 2588 ipsum
1952 2554 2023 2589 quasi
2043 2554 2202 2588 prod116t111n
2217 2558 2265 2583 effe
2279 2559 2311 2584 ad
2325 2559 2364 2585 di-

1321 2593 1458 2628 gnitatem.
1531 2589 1612 2618 Ouid.
1626 2590 1690 2616 Met.
1714 2598 1752 2622 12,
1773 2598 1813 2620 2¹4
1851 2589 1975 2624 Festaque
1996 2590 2104 2616 confusa
2123 2592 2263 2620 resonabat
2282 2594 2366 2628 Regia

1479 2628 1641 2660 Contingere
1661 2626 1770 2660 Regiam
1789 2624 1927 2657 affinitate,
1947 2625 2000 2652 vid.
2025 2632 2216 2653 CONTiNGo.
2287 2630 2368 2665 Virgt'

1322 2665 1420 2697 Georg.
1442 2669 1462 2696 1,
1483 2671 1528 2694 503
1567 2661 1728 2695 Iampridem
1758 2661 1836 2687 nobis
1863 2661 1928 2688 caeli
1959 2667 1984 2688 te
2015 2662 2088 2696 regia
2106 2664 2214 2689 Caesar
2248 2665 2362 2693 Iniiidet.

1322 2699 1404 2726 Ouid.
1419 2699 1484 2724 Met.
1499 2706 1523 2727 2,
1536 2706 1545 2724 1
1575 2697 1657 2730 Regia
1672 2697 1740 2723 Solis
1754 2703 1809 2723 erat
1829 2696 1985 2723 sublimibus
1998 2697 2049 2723 alta
2065 2697 2205 2724 columnis.
2278 2701 2360 2728 Aurea

1321 2735 1393 2769 regia
1408 2733 1473 2759 caeli
1485 2734 1560 2767 Virg.
1574 2733 1638 2758 Aen.
1650 2739 1677 2766 7,
1692 2741 1747 2758 210.
1821 2733 1895 2759 Celsa
1909 2734 1982 2767 regia
1994 2733 2090 2759 Priami
2106 2733 2187 2760 Ouid.
2201 2734 2278 2768 Epist.
2292 2746 2310 2768 1,
2321 2745 2360 2771 34.

1321 2769 1452 2805 Opulenta
1469 2769 1565 2795 Catull.
1580 2769 1679 2802 Argon.
1695 2769 1713 2794 s.
1729 2771 1771 2800 62,
1785 2776 1832 2802 44.
1904 2769 1985 2795 Parua
1999 2770 2070 2802 regia
2079 2769 2185 2795 Numae
2198 2769 2241 2796 hic
2255 2772 2306 2799 fuit
2318 2781 2359 2799 an-

1701 468 1854 501 [βασιλίσσα
1862 487 1869 496 .
1889 464 2000 500 ἄιασσοι]

507 2815 610 2843 bruni,
629 2811 814 2843 somniumque
828 2808 906 2842 Regis
920 2807 959 2832 sui
978 2806 1131 2832 rumoribus
1148 2807 1256 2840 inaugu—
1270 2809 1303 2837 75
1319 2806 1390 2840 tiqui
1403 2804 1483 2832 Ouid.
1498 2803 1585 2831 Trist.
1600 2812 1623 2836 3,
1638 2812 1658 2835 1,
1672 2811 1712 2835 30.
1747 2804 1805 2830 Vid.
1825 2803 1854 2829 de
1868 2803 1912 2830 illa
1926 2805 1997 2830 Seru.
2009 2804 2044 2830 ad
2055 2806 2119 2831 Aen.
2134 2815 2156 2837 7,
2171 2813 2218 2837 153.
2238 2814 2261 2834 et
2274 2813 2296 2839 8,
2309 2810 2361 2841 363.

1320 2844 1351 2868 it.
1372 2842 1430 2867 Vet.
1444 2840 1529 2867 Schol.
1547 2840 1615 2865 Hor.
1629 2847 1649 2871 1,
1666 2847 1688 2871 2,
1703 2844 1731 2871 83
1754 2839 1797 2865 uhi
1814 2846 1986 2866 monumenta
2005 2840 2083 2874 Regis
2101 2842 2252 2876 templaque
2271 2844 2362 2871 Vestae

1317 2880 1465 2913 iunguntur.
1508 2877 1602 2902 Putant
1615 2874 1723 2910 quidam,
1736 2874 1785 2901 buc
1800 2878 1926 2910 pertinere
1944 2875 2044 2902 atrium
2057 2878 2177 2911 regium,
2190 2879 2254 2912 quod
2271 2880 2363 2907 combu-

1313 2912 1381 2946 stum
1403 2918 1493 2938 narrat
1512 2911 1573 2937 Liu.
1595 2914 1640 2942 26,
1661 2912 1694 2936 26
1713 2917 1737 2936 et
1756 2909 1896 2944 nstitutum
1915 2919 1959 2945 27,
1980 2920 2012 2938 11.
2187 2911 2208 2950 ff
2227 2923 2243 2941 2
2281 2916 2363 2943 Reaja

1321 2948 1459 2985 aedificium
1470 2947 1606 2982 publicum,
1619 2949 1646 2972 in
1661 2955 1706 2982 quo
1715 2946 1847 2982 Pontifices
1860 2950 2015 2973 conueniunt.
2068 2947 2168 2974 Festus:
2188 2951 2269 2984 Regia
2284 2937 2370 2983 digia,

1275 2987 1309 3014 80
1322 2985 1364 3011 vel
1379 2983 1451 3018 quod
1467 2984 1599 3009 sacrorum
1621 2983 1694 3008 causa
1713 2988 1838 3017 tanquam
1858 2982 1886 3008 in
1901 2983 1992 3009 fanum
2006 2992 2020 3009 a
2033 2982 2159 3009 Pontifice
2177 2987 2317 3013 conuocati
2335 2987 2363 3014 in

1321 3029 1379 3047 eam
1393 3019 1576 3046 conuenirent.
1615 3019 1689 3044 Forte
1700 3018 1745 3045 hoc
1760 3020 1828 3050 vult,
1841 3028 1855 3044 a
1870 3018 1988 3053 Pontifice
2001 3021 2106 3045 maximo
2119 3029 2263 3048 conuocatos
2277 3024 2362 3050 Ponti-

1319 3056 1378 3091 fices
1392 3057 1454 3082 alios
1465 3052 1610 3087 conticuisti,
1623 3060 1653 3079 vt
1663 3055 1728 3080 alias
1747 3056 1773 3080 in
1793 3056 1896 3090 regiam.
1932 3054 2015 3081 Addit
2029 3054 2132 3087 Festus,
2146 3063 2191 3083 aut
2205 3057 2277 3092 quod
2291 3059 2319 3085 in
2333 3068 2363 3086 ea

1320 3093 1391 3119 sacra
1405 3100 1419 3118 a
1438 3099 1499 3125 rege
1519 3089 1666 3116 sacrificulo
1684 3095 1759 3116 erant
1778 3089 1854 3116 solita
1874 3090 2003 3125 vsurpari.
2073 3090 2139 3117 Plin.
2152 3092 2230 3127 Epist.
2251 3103 2280 3128 4,
2300 3103 2332 3128 11,
2345 3095 2363 3122 6

1321 3128 1350 3154 de
1364 3130 1508 3154 Domitiano
1517 3146 1525 3157 ,
1543 3124 1678 3152 Pontificis
1691 3125 1801 3151 maximi
1815 3125 1889 3156 iure,
1909 3127 1951 3152 seu
1965 3125 2054 3160 potius
2067 3126 2234 3156 immanitate
2248 3132 2362 3164 tyranni,

1274 3163 1304 3192 85
1322 3164 1429 3190 licentia
1442 3161 1566 3192 Domini,
1578 3161 1696 3196 reliquos
1714 3160 1852 3187 Pontifices
1870 3170 1924 3187 non
1944 3162 1971 3188 in
1985 3162 2111 3195 Regiam,
2125 3163 2165 3189 sed
2187 3165 2214 3190 in
2234 3165 2363 3193 Albanam

215 3316 311 3347 Regem
325 3324 365 3340 mc
386 3316 434 3340 esse
454 3310 589 3347 oportuit!
610 3310 723 3335 indit-tire
741 3307 850 3343 vult,se
870 3305 935 3333 rech
954 3306 1055 3342 usurum
1071 3304 1151 3340 sitisti*
1163 3305 1256 3339 opibus.
1274 3306 1278 3316 ἶ

214 3351 281 3375 llor.
298 3350 321 3373 S(
329 3359 378 3375 1111.
392 3359 413 3381 2,
427 3358 452 3381 2,
467 3358 503 3383 44
531 3346 660 3374 Nondum
680 3343 766 3370 omnis
783 3342 874 3369 abacta
887 3343 1025 3404 Pauperi?
1044 3341 1129 3402 espulis
1148 3349 1256 3401 reguiii6:
1269 3347 1305 3373 90
1321 3343 1401 3369 soleat
1415 3340 1563 3368 immolare.

1019 3380 1043 3402 ic
1073 3385 1137 3402 erin.
1152 3385 1171 3407 1,
1187 3385 1209 3407 2,
1224 3380 1236 3404 8

216 3419 331 3453 Regibus
365 3419 407 3444 hic
433 3428 489 3444 mos
509 3420 558 3450 est,
585 3417 631 3444 vbi
666 3424 747 3450 equos
777 3420 943 3446 mercantur,
976 3418 1083 3447 opertos
1102 3412 1257 3445 Inspiciunt.

214 3394 273 3410 nam
288 3384 387 3409 vilibus
407 3386 466 3410 ouis
488 3383 634 3417 Nigrisque
648 3380 683 3406 est
696 3380 762 3406 olcis
777 3378 858 3404 hodie
870 3378 950 3404 locus.

214 3456 319 3482 Mensae
340 3463 382 3480 rex
394 3474 401 3486 ,
421 3458 461 3487 qui
480 3461 502 3479 et
517 3456 638 3480 Dominus
657 3453 776 3478 conuiuii.
811 3449 931 3476 Macrob.
945 3449 1048 3475 Saturn.
1064 3457 1090 3479 2,
1104 3456 1113 3473 1
1138 3448 1194 3481 Ipse
1208 3454 1254 3473 rex

214 3491 333 3521 mensae,
354 3498 400 3515 nec
421 3490 448 3514 in
468 3490 587 3514 moribus
606 3490 710 3515 Socrate
729 3485 827 3512 minor.
892 3485 978 3510 Varro
997 3483 1063 3519 apud
1079 3482 1149 3509 Gell.
1171 3491 1211 3514 13,
1232 3491 1255 3508 11

1320 3200 1414 3226 villam
1427 3197 1594 3225 conuocauit.
1648 3197 1721 3223 Seru.
1733 3196 1766 3222 ad
1773 3198 1837 3223 Aen.
1852 3201 1874 3227 8,
1888 3199 1933 3230 363
1953 3198 2065 3227 Domus,
2080 3199 2107 3224 111
2122 3207 2172 3232 qua
2187 3200 2287 3227 habitat
2296 3203 2361 3228 Pon.

1319 3236 1403 3268 tifex,
1416 3234 1497 3268 Regia
1510 3232 1626 3264 dicitur,
1657 3232 1709 3258 uod
1731 3232 1759 3259 in
1777 3241 1806 3258 ea
1819 3233 1874 3259 Rex
1892 3233 2051 3259 sacrificulus
2072 3233 2192 3262 habitare
2212 3237 2361 3264 consuesset.

1319 3270 1439 3298 Macrob.
1454 3271 1503 3296 Sat.
1518 3277 1538 3301 1,
1552 3270 1580 3294 16
1595 3241 1654 3303 pos?³
1664 3268 1724 3294 med.
1754 3268 1869 3294 Granius
1888 3282 1933 3288 —·
1952 3270 2007 3301 ait,
2032 3269 2171 3297 Nundinas
2191 3271 2262 3297 Iouis
2281 3273 2362 3300 ferias

1320 3308 1385 3338 effe,
1400 3306 1417 3332 si
1437 3304 1543 3339 quidem
1564 3303 1710 3330 Flaminica
1728 3303 1854 3332 omnibus
1873 3304 1998 3330 nundinis
2017 3304 2045 3330 in
2064 3306 2146 3340 Regia
2166 3307 2227 3332 Ioui
2249 3309 2360 3335 arietem

1608 3341 1676 3366 Haec
1690 3340 1769 3366 eadem
1787 3339 1900 3371 videtur,
1912 3340 1940 3365 de
1953 3349 2000 3375 qua
2013 3341 2117 3367 Sueton.
2130 3342 2179 3368 Iul.
2194 3344 2230 3374 46
2238 3349 2281 3377 pr.
2307 3346 2360 3371 Ha-

1320 3378 1419 3405 bitauit
1432 3376 1487 3412 post
1503 3375 1688 3409 Pontificatum
1701 3376 1846 3402 maximum
1862 3376 1889 3400 in
1906 3376 1974 3402 sacra
1988 3377 2047 3408 via,
2059 3376 2139 3403 domo
2153 3377 2267 3411 publica.
2293 3381 2360 3406 Haec

1319 3414 1420 3440 videtur
1439 3411 1520 3446 Regia
1534 3410 1613 3447 fmffi’
1626 3431 1635 3443 ,
1659 3411 1693 3437 ad
1710 3420 1781 3446 quam
1800 3411 1904 3446 respicit
1922 3411 2051 3446 Augustus
2069 3422 2084 3438 a
2102 3412 2136 3438 ud
2157 3413 2264 3440 Sueton.
2284 3424 2305 3441 0.
2325 3415 2361 3450 76

1320 3451 1389 3476 Dum
1404 3448 1495 3475 1061103
1515 3456 1545 3473 ex
1561 3447 1643 3481 Regia
1661 3446 1770 3473 domum
1790 3446 1880 3474 redeo.
1920 3449 1986 3473 Nam
2001 3418 2125 3483 Augustus
2140 3457 2194 3476 cum
2213 3459 2261 3475 non
2274 3453 2300 3477 in
2314 3451 2360 3477 hac

1320 3486 1402 3520 Regia
1411 3504 1418 3516 ‚
1430 3490 1454 3510 et
1467 3490 1561 3513 tamen,
1575 3482 1639 3518 quod
1650 3481 1738 3516 neceste
1752 3489 1807 3509 erat
1821 3481 1978 3516 Pontificem,
1992 3487 2019 3509 in
2026 3483 2140 3518 public-0,
2153 3483 2266 3512 hahitare
2279 3487 2359 3518 veliet,
2375 3504 2377 3507 .

215 3526 361 3552 Dominum
379 3530 466 3551 autem
486 3524 606 3550 conuiuii
626 3524 674 3550 esse
692 3527 814 3557 oportet,
830 3529 885 3547 non
906 3526 958 3546 tam
973 3519 1089 3551 lautum,
1108 3527 1187 3552 quam
1203 3518 1255 3544 tine
1273 3523 1304 3549 95
1314 3528 1413 3557 partem
1423 3520 1483 3555 suae
1499 3519 1582 3545 domus
1594 3519 1675 3553 (quin
1687 3517 1774 3544 deinde
1791 3524 1868 3544 totam
1881 3519 1975 3544 domum
1985 3519 2078 3554 fliam)
2098 3521 2124 3543 in
2139 3521 2237 3546 Palatio
2247 3522 2358 3557 publica-

215 3561 343 3588 t'ordibus.
539 3557 559 3592 ἢ
581 3561 597 3584 6
634 3560 689 3585 Rex
702 3556 867 3585 Sacrificulus
887 3557 927 3582 vel
946 3556 1102 3586 Sacrorum,
1118 3553 1258 3590 sacerdotii
1318 3560 1376 3587 vit,
1397 3555 1505 3589 Regiam
1519 3555 1599 3589 ipsam
1612 3553 1671 3585 (τήν
1689 3554 1722 3579 τί
1740 3556 1859 3584 βασιλέως
1878 3555 1924 3580 τῶν
1942 3554 2016 3589 ἱερέων
2026 3554 2253 3591 regisfiicrorum)
2277 3555 2359 3590 lasta-

216 3606 314 3627 nomm,
327 3596 354 3621 iic
368 3603 412 3630 quo
430 3593 491 3619 Liu.
508 3601 528 3622 2,
542 3601 557 3618 2.
581 3594 651 3625 Qiia
670 3593 798 3629 quaedam
820 3591 926 3627 publica
946 3592 1015 3618 sacra
1032 3599 1078 3625 per
1096 3589 1165 3624 ipsos
1184 3598 1257 3624 reges
1319 3593 1383 3619 libus
1395 3590 1523 3625 com-istit,
1542 3598 1645 3625 quarum
1664 3588 1748 3616 domm·
1767 3593 1882 3624 contigua
1897 3596 1965 3622 erat,
1985 3595 2014 3615 vt
2026 3587 2095 3615 docet
2110 3589 2162 3616 Dio
2176 3599 2208 3624 54
2222 3601 2247 3626 p.
2262 3599 2358 3628 541pr.

215 3632 331 3658 factitata
346 3635 418 3656 crant
427 3649 433 3659 ‚
452 3637 485 3654 ne
498 3627 594 3654 vbiubi
609 3637 698 3662 regum
715 3629 873 3655 desiderium
887 3628 963 3658 esset,
977 3635 1066 3661 regem
1079 3625 1255 3652 sacrificulum
1322 3627 1410 3664 Nestio
1420 3646 1427 3657 ‚
1441 3635 1472 3652 an
1485 3626 1544 3653 haec
1556 3625 1636 3651 eadem
1644 3624 1742 3660 fuerit,
1756 3628 1782 3650 in
1799 3634 1847 3660 qua
1859 3626 2001 3662 sacrarium
2011 3624 2122 3655 Martis,
2137 3626 2166 3652 d.—
2180 3636 2225 3662 quo
2240 3628 2308 3654 Festi
2325 3629 2358 3654 ισ-

214 3674 310 3693 creant.
348 3665 377 3691 ld
393 3663 567 3691 sacerdotium
581 3664 700 3690 Pontifici
716 3665 866 3696 subiecere,
886 3672 919 3689 ne
932 3662 1036 3689 additus
1050 3662 1157 3688 nomini
1169 3661 1254 3688 honos
1319 3673 1372 3690 cum
1392 3661 1478 3688 damus
1498 3665 1525 3686 in
1546 3665 1695 3687 OCTOBER
1717 3668 1815 3695 equus,
1834 3665 1948 3696 cuiusque
1965 3662 2053 3686 mentio
2072 3661 2141 3695 apud
2160 3662 2226 3689 Gell.
2245 3672 2273 3696 4,
2288 3665 2358 3698 ὅρι’.

214 3701 317 3736 aliquid
337 3700 470 3730 libertati,
491 3699 566 3725 cuius
580 3705 640 3724 tunc
658 3701 740 3733 prima
753 3706 810 3727 erat
828 3697 1044 3731 cura,officeret.
1102 3698 1176 3723 Idem
1189 3699 1214 3727 6,
1226 3703 1377 3729 41100item
1400 3696 1468 3732 apud
1490 3696 1540 3722 Iul.
1565 3695 1680 3730 Obsequ.
1710 3704 1736 3721 n.
1755 3701 1796 3730 78.
1816 3700 1860 3729 96.
1881 3705 1936 3730 104.
1956 3702 2011 3729 107.
2034 3703 2083 3721 110.
2107 3700 2210 3733 itemque
2230 3698 2358 3726 Plutarch.

214 3747 267 3764 cum
282 3736 468 3771 rap-obrutione
481 3734 544 3760 dicit
555 3735 652 3768 Appius
661 3754 669 3765 ,
690 3736 775 3769 Vulgo
787 3744 851 3770 ergo
864 3735 1017 3765 Pontifices,
1031 3734 1160 3767 Augures,
1174 3733 1255 3759 Sacri·
1319 3731 1416 3769 Qaqsl.
1431 3733 1499 3758 Rom.
1518 3735 1560 3766 96.
1603 3731 1660 3757 Vid.
1675 3732 1790 3758 Perizon.
1804 3733 1832 3758 de
1847 3734 1930 3760 Morte
1943 3730 2017 3757 Iudai
2025 3738 2055 3766 p.
2068 3738 2095 3761 εἰ
2102 3733 2144 3768 sq.
2306 3731 2326 3771 fl
2344 3741 2358 3766 3

216 3773 288 3798 tituli
302 3780 391 3805 rege-S,
409 3776 537 3796 creentur.
582 3768 649 3794 Vnde
668 3776 770 3803 apparet
782 3780 794 3796 e
808 3773 946 3805 patriciis,
961 3773 1046 3806 prima
1065 3768 1162 3804 quidem
1183 3766 1254 3800 insti·
1319 3769 1400 3803 Regia
1420 3766 1453 3800 est
1471 3770 1543 3793 etiam
1560 3770 1712 3801 praetorium
1732 3772 1800 3804 regis
1817 3772 1844 3794 in
1862 3766 1959 3800 castris.
2005 3767 2064 3792 Liu.
2087 3776 2115 3800 2,
2137 3777 2161 3794 12
2195 3768 2309 3795 Proinde
2329 3769 2358 3795 iri

214 3808 434 3842 tutiovu·,sumtos.
470 3805 492 3844 R
502 3804 550 3831 Ex
586 3804 601 3830 S
610 3805 630 3829 A
639 3804 659 3830 C
669 3805 689 3830 R
698 3805 782 3831 ORV
792 3807 820 3831 M
845 3813 949 3833 vocatur
967 3809 994 3832 in
1013 3805 1071 3831 Vet.
1085 3804 1164 3830 Inscr.
1179 3804 1254 3830 Grut.
1319 3802 1549 3834 hoediscrimen,si
1564 3803 1646 3833 iuuat,
1654 3802 1797 3836 accingere,
1810 3810 1839 3830 vt
1851 3803 1879 3829 in
1891 3801 2000 3835 singulas
2008 3802 2086 3829 horas
2094 3804 2179 3838 capite
2186 3804 2294 3831 dimices
2303 3811 2358 3835 tuo,

215 3853 239 3878 p.
254 3848 325 3877 1087,
340 3847 362 3871 8.
444 3841 500 3866 Cic.
515 3841 545 3865 de
561 3840 652 3872 Arusp.
668 3840 743 3878 Resp.
757 3848 783 3866 12,
804 3849 825 3867 c.
839 3844 855 3867 6
881 3845 947 3868 inter
964 3839 1096 3875 Pontifices
1117 3839 1254 3865 duodecimo
1320 3841 1422 3866 ferrum
1436 3839 1591 3872 hostemque
1607 3837 1634 3862 in
1650 3837 1781 3865 vestibulo
1795 3839 1888 3866 habeas
1901 3838 2007 3871 Regiae.
2061 3840 2134 3866 Curt.
2151 3847 2177 3871 9,
2192 3848 2212 3872 ς,
2225 3849 2256 3872 30
2281 3841 2357 3867 Το1ο

214 3880 306 3905 drmum
319 3879 385 3909 loco,
400 3874 454 3911 post
469 3875 614 3902 flaminem
629 3875 778 3902 Martialem
789 3895 798 3908 ,
811 3876 859 3912 sed
869 3885 926 3904 ame
938 3875 1105 3911 Quirinalem
1118 3883 1254 3903 commemo·
1265 3881 1311 3908 103
1321 3884 1354 3902 eo
1367 3875 1411 3902 die
1429 3883 1460 3901 30
1478 3873 1556 3900 11οὲἲο
1566 3892 1573 3904 ,
1587 3881 1653 3907 quae
1672 3874 1757 3902 secuta
1775 3875 1825 3906 est,
1837 3879 1951 3902 armatus
1971 3873 2100 3901 exercitus
2120 3875 2230 3910 Regiam
2248 3874 2357 3903 obsedit.

1087 3926 1091 3935 >

2239 3909 2292 3948 14
2310 3910 2357 3936 Re-
