2434 4156
200 121 243 157 91
590 99 623 139 K
699 97 733 137 E
816 100 850 138 C
1687 94 1720 131 R
1799 92 1832 130 Ε
1912 96 1961 138 U..
2290 106 2337 144 92

202 191 327 221 emerfitl'o
338 186 495 221 aliquando,
519 194 544 214 et
559 188 610 214 sese
623 186 655 214 ad
670 186 775 220 frugem
795 185 910 216 bonam,
925 189 956 210 vt
973 183 1090 214 dicitur,
1110 180 1241 220 recepisse.
1293 213 1296 215 Δ
1336 187 1357 210 n
1369 189 1458 210 gerp
1468 188 1489 209 T
1500 188 1538 215 o,
1563 185 1617 208 are.
1654 181 1820 214 Frequentat.
1855 178 2043 217 [ὑποδέχομαι]
2079 180 2149 209 Ter.
2160 182 2265 209 Heaut-
2278 188 2301 215 5,
2312 189 2340 215 2„

202 229 267 256 Plin.
288 226 379 257 Paneg.
392 224 434 256 76,
447 230 460 256 5
498 223 611 250 Fortasse
629 223 777 255 Imperator
795 220 823 246 in
839 219 933 245 Senatu
946 218 978 244 ad
993 222 1170 257 reuerentiam
1184 223 1241 241 eiu·
1301 225 1327 251 ις
1346 218 1388 245 Ibi
1403 225 1462 245 tuae
1476 218 1600 245 stultitiae
1614 218 1716 251 semper
1729 217 1779 243 erit
1791 215 1948 250 praesidium
1962 216 2091 252 Clitipho,
2105 214 2207 251 vietus,
2222 217 2341 250 vestitus,

202 257 406 293 componebatur
419 268 425 285 ε
460 264 591 285 caeterum
604 257 713 291 egressus
725 254 811 281 statim
830 254 855 279 se
874 253 1019 287 recipiebat
1037 261 1066 278 m
1083 257 1242 284 principem,
1322 261 1358 279 uo
1371 253 1399 279 in
1412 254 1510 280 teelum
1526 260 1551 280 tc
1565 259 1692 287 receptes.
1799 251 1871 277 [dem
1884 252 1947 278 Hec.
1960 262 1982 284 5,
2004 261 2025 285 1,
2040 255 2067 279 16
2100 254 2193 280 Meum
2225 249 2341 287 receptas

199 300 219 322 ι’,
238 293 384 328 personam,
407 292 570 327 maiestatem,
582 292 755 328 fi'ueritatcm,
766 291 897 323 principis
916 286 1046 321 affiimebat
1061 297 1068 311 .·
1088 292 1118 312 vt
1133 283 1159 318 fi
1183 294 1243 316 arx,
1302 262 1389 314 dnum
1402 289 1434 315 ad
1447 295 1472 315 te
1486 289 1650 323 Pamphilum
1671 287 1731 314 Liu.
1746 294 1769 319 5,
1784 292 1806 316 8.
1877 287 1983 314 Volscos
2003 293 2164 315 mercatores
2175 288 2257 323 vulgo
2270 297 2340 315 rece-

198 329 311 359 llit-onus,
330 329 371 355 vel
382 329 431 355 tale
442 329 503 365 quid
515 326 681 362 ‹ffiwpevfima
688 326 828 363 principis.
968 356 973 360 Ι
1023 318 1045 362 fl
1066 328 1083 355 7
1103 320 1243 354 Recipere,
1269 328 1283 354 ς
1302 324 1410 358 ptando.
1482 325 1607 351 Obaerari
1621 323 1760 350 aduersum
1773 321 1917 348 creditores
1926 323 2125 358 receptabantur
2150 323 2219 350 Tac.
2234 325 2302 350 Anu.
2316 332 2341 356 3,

201 363 322 390 Facienda
327 363 468 405 sust-iper&
486 370 510 389 ct
523 371 575 389 cum
588 361 735 396 obligatione
741 363 896 394 promittere.
942 356 997 382 Cic.
1010 356 1083 382 Fam.
1098 363 1122 389 5,
1132 361 1147 385 8
1166 358 1241 387 Quae
1302 359 1346 389 60,
1360 367 1384 385 2,
1451 360 1612 395 Hastamque
1625 365 1740 394 receptat
1777 357 1877 384 ombus
1890 356 2040 385 haerentem
2065 359 2140 393 Vir&
2155 359 2222 385 Aen,
2236 363 2339 392 10‚,383·

199 397 251 425 tibi
273 405 403 433 promitto
425 408 456 425 ac
471 397 587 431 recipio,
605 394 758 421 sanctissime
779 393 836 433 else-
850 391 1063 418 obseruaturum.
1122 425 1127 430 .
1170 391 1240 417 Ter.
1306 392 1365 420 Vid.
1387 400 1511 421 REClrlo
1532 405 1557 421 n.
1571 398 1597 422 6.
1705 393 1825 420 Animam
1839 399 1970 427 receptare
1989 394 2094 421 Lucret.
2110 403 2132 426 3,
2145 402 2206 427 504.
2277 390 2343 420 Sinu

199 433 306 461 Phorm.
321 442 345 467 5,
359 442 386 469 7,
401 443 417 467 9
435 435 475 460 Αιι
487 431 653 459 verebamini
667 437 700 455 nc
714 437 768 455 non
781 427 809 454 id
821 431 943 467 tacerem,
958 426 1030 462 quod
1042 426 1191 460 recepissem
1205 426 1240 451 se·
1301 427 1348 454 suo
1360 428 1453 455 cunGm
1465 436 1579 465 receptat
1599 435 1693 457 natura
1719 431 1815 456 Lucan.
1830 437 1856 463 7,
1871 434 1924 458 810.
1994 429 2064 456 Add.
2081 431 2158 456 Varr.
2170 436 2212 464 ap.
2227 427 2306 456 Prob.
2314 427 2343 455 in

198 469 252 496 mel
268 471 277 496 3
362 469 437 496 Idem
451 470 546 495 Heaut.
559 475 581 500 5,
597 476 617 497 5,
633 473 660 492 12
683 463 724 491 Ad
737 472 779 491 me
792 471 911 496 recipio,
936 463 1025 488 faciet.
1101 462 1154 488 Vox
1162 461 1241 500 fidem
1301 461 1376 497 Virg.
1392 464 1445 490 Ecl.
1458 467 1484 497 6,
1498 474 1532 497 31.
1637 466 1796 500 Receptare,
1815 463 1963 495 Concedere,
1978 465 2090 498 probare.
2127 465 2232 491 Lucret.
2244 472 2270 497 1,
2291 466 2344 495 669

193 510 243 540 pro
257 506 306 532 alio
319 506 517 565 interponentis,
536 509 559 528 ct
570 499 722 537 praestantis
732 498 801 539 quod·
809 498 849 525 illi
854 498 1001 538 faciendum
1015 494 1057 530 est.
1088 531 1094 537 ·
1117 497 1167 537 *Sic
1182 497 1240 522 Cic·
1256 505 1286 524 ιο
1301 496 1406 525 Scilicet
1419 508 1450 525 ex
1463 500 1515 527 vlla
1527 500 1613 528 facere
1628 502 1655 528 id
1669 501 1688 528 fi
1702 506 1774 535 parte
1789 506 1934 534 receptent,
1976 499 2084 527 Occidet
2099 499 2132 526 ad
2145 499 2278 532 nihilum,
2295 505 2342 526 etc.

199 541 271 567 Fam.
289 549 323 573 13,
337 548 360 566 ιι
403 538 435 565 cd
455 544 543 565 tamen
562 536 700 571 separatim
713 540 861 570 promitto,
887 541 916 573 ιιι
928 539 1161 573 meque-recipio,
1180 532 1241 558 fore
1301 531 1401 559 Codices
1414 541 1508 562 veteres
1521 536 1610 564 habent
1625 537 1785 571 Reparcent‚
1799 538 1874 570 plane
1886 533 2008 570 mendose,
2026 541 2055 560 ot
2066 538 2105 562 ait
2118 536 2231 561 Lambin.

197 584 259 602 eum
276 576 327 602 tibi
341 580 368 601 et
380 573 510 609 voluptati
525 578 549 599 et
563 572 630 599 vsui.
733 572 764 597 In
778 579 821 597 me
831 569 933 604 recipio
948 574 972 595 et
986 567 1037 607 tibi
1048 567 1165 602 spondeo
1184 568 1241 594 Cic·
1338 574 1513 597 RECEPTA
1525 577 1546 597 Τ
1556 578 1611 604 ιο,
1627 574 1695 599 onis.
1721 572 1740 598 f.
1787 571 1920 598 Ammian.
1933 568 2050 596 Marcell.
2062 570 2205 606 20fiabfin.
2240 568 2288 598 Sed
2300 577 2343 596 va·

199 611 271 638 Fam.
288 619 323 642 13,
338 615 370 640 18.
464 609 555 636 Fidem
579 607 611 633 de
634 606 725 641 aliquo
747 606 864 640 recipere
887 604 970 631 alicui
1006 604 1063 631 Cic.
1083 604 1137 629 Att.
1158 612 1184 635 2,
1198 611 1240 629 22.
1299 605 1341 630 ria
1353 601 1386 636 cst
1399 602 1488 636 lecito,
1507 606 1535 632 de
1546 615 1593 642 qua
1608 603 1659 634 vid.
1677 607 1756 643 Valefi
1767 610 1795 633 in
1808 608 1853 633 loc.
1863 613 1892 641 p.
1905 615 1958 640 ²59·

198 646 282 673 Lamb.
300 644 403 671 dediss'e.
518 643 592 670 Idem
607 651 655 677 pro
669 643 743 669 Rosc.
759 643 848 669 Amer.
864 649 903 667 112
929 638 1002 673 Qid
1021 639 1119 673 recipis
1133 638 1241 665 Manda-
1338 644 1357 664 R
1367 644 1385 665 Ε
1395 643 1413 664 C
1423 645 1494 666 EP'r
1506 643 1588 669 ᾸΤΟ
1600 648 1636 675 R,
1667 643 1730 669 oris.
1772 652 1808 669 m.
1848 643 1913 668 idem
1931 643 1973 676 qui
1986 639 2131 675 Receptor,
2146 639 2291 677 quifures,
2307 647 2344 670 ecs

198 687 272 711 tum,
287 680 304 707 fi
330 687 373 706 aut
398 678 580 715 negleeiurus,
598 684 643 705 aut
665 678 697 705 ad
720 684 795 704 tuum
817 675 986 703 commodum
1009 675 1182 702 conuersurus
1196 674 1240 700 es?
1259 684 1286 712 ¹5
1301 682 1401 709 rumque
1406 673 1487 709 surm
1500 675 1566 702 domi
1576 677 1637 712 suae
1647 685 1771 713 receptae,
1785 677 1830 712 seu
1842 679 1935 712 recipit
1955 683 1978 702 et
1996 678 2108 703 occultat.
2194 676 2302 710 leian.
2316 673 2344 701 ff.

198 717 254 743 Cic.
270 717 346 743 Verr.
359 722 380 748 5,
394 723 432 741 112
465 716 556 748 Qium
575 719 600 741 et
619 713 722 749 Populo
736 714 856 739 Romano
869 710 1044 744 satisfactum,
1065 717 1091 737 et
1104 715 1240 744 receptum
1300 709 1333 735 de
1347 708 1452 735 incend.
1465 711 1535 737 ruin.
1546 712 1667 748 naufrag.
1680 721 1726 740 etc.
1769 713 1835 739 Non
1850 718 1952 739 tantum
1966 717 2051 737 autem
2067 712 2113 745 qui
2124 711 2230 746 rapuit,
2249 715 2344 742 verum

196 751 322 779 Officium
329 751 423 777 Siculis
431 750 576 777 necessariis
584 750 649 776 ineis
656 750 705 776 erit
714 748 884 784 persolutum.
928 746 1002 774 Idem
1015 747 1044 773 in
1051 746 1125 772 Orat.
1136 753 1162 777 35
1184 746 1238 771 Vo-
1300 745 1324 771 is
1337 753 1453 779 quoque,
1466 746 1514 778 qui
1527 748 1637 782 recepit,
1658 757 1690 774 ex
1703 747 1782 775 caulis
1794 749 1870 782 supra
1884 746 1987 781 scriptis
2000 752 2102 773 tenetur
2115 757 2121 773 :
2155 748 2217 782 quia
2232 751 2345 780 recepta-

195 788 223 813 lo
236 786 304 813 mibi
317 792 404 812 tecum
416 794 556 813 commune
569 787 617 813 ess'e
631 786 741 817 crimen,
747 790 776 810 vt
786 783 804 810 fi
819 782 943 809 sustinere
951 788 1048 809 tantam
1056 780 1236 816 quaestionem
1300 786 1371 806 tores
1385 789 1439 806 non
1457 781 1544 808 minus
1561 782 1737 816 delinquunt,
1756 793 1835 818 quam
1854 783 2023 818 aggreflbrcs.
2129 781 2288 816 Receptator
2298 780 2345 807 ho-

196 831 251 849 non
281 828 410 856 potuero,
429 821 520 848 iniusti
552 821 648 849 Oneris
678 819 794 854 impoliti
826 824 870 845 tua
894 818 969 853 culpa
989 817 1034 850 fit,
1053 825 1112 843 mea
1128 816 1236 850 recepti.
1299 815 1379 842 stium
1393 821 1472 849 atque
1486 815 1608 845 defensor
1628 819 1700 846 Flor..
1713 827 1737 851 3,
1751 827 1788 850 10,
1800 828 1826 852 9.
1898 818 1947 845 Ille
1961 818 2095 844 latronum
2107 818 2253 845 occultator
2266 822 2292 843 et
2305 824 2346 843 re-

196 859 266 885 Hinc
281 858 424 892 Recipere,
432 856 482 891 fim
500 858 583 884 liciter
596 856 628 891 est
639 858 790 892 prominere.
845 853 901 880 Cic.
918 854 990 880 Fam.
1003 856 1029 886 6,
1044 860 1061 888 7
1087 851 1135 878 Sed
1149 858 1236 878 tamen
1250 859 1285 879 20
1299 856 1417 886 ceptator
1429 852 1483 885 (al.
1497 856 1634 886 receptor)
1648 854 1723 893 locus
1744 854 1798 880 Cic.
1813 862 1863 888 pro
1875 854 1972 880 Milon.
1989 861 2021 886 50
2034 863 2054 879 c.
2070 862 2104 886 19·

195 902 245 927 ego
260 892 316 920 filio
332 893 468 925 dixeram,
499 893 587 919 ibrum
602 892 652 919 tibi
665 891 763 925 legeret
776 895 802 916 et
814 890 930 916 auferret
945 899 951 915 :
985 895 1029 915 aut
1041 897 1070 914 ea
1083 887 1238 914 conditione
1334 893 1354 926 R.
1363 893 1428 914 ECE
1439 894 1455 913 Ρ
1466 893 1487 912 Τ
1498 885 1600 915 Λοιῖι.
1610 895 1684 920 VM,
1702 896 1723 915 1.
1742 897 1768 915 n.
1804 886 1942 922 windam),
1963 887 2062 921 δοχεῖον,
2083 887 2240 925 ἇρμητῆριον]
2276 888 2346 915 Con·
2374 886 2384 921 j

196 928 285 961 daret,
313 928 331 955 fi
353 929 483 962 reciperes
497 935 523 955 te
537 927 724 955 corretilnrum.
811 925 948 952 Thermus
961 925 1052 958 omnia
1067 924 1092 950 se
1105 922 1237 949 faciurum
1298 921 1412 957 fugium.
1450 923 1506 949 Cic.
1522 923 1600 951 Verr.
1614 932 1638 958 5,
1652 929 1681 957 58
1693 933 1716 951 c.
1729 932 1759 956 23
1777 924 1847 951 Illud
1861 925 1914 952 tibi
1926 925 2055 959 oppidum
2069 924 2261 958 receptaculum
2274 932 2346 958 prae-

195 965 296 998 recepit
326 965 382 990 Cic.
404 965 458 990 Art.
475 971 497 996 5,
511 972 543 995 ις.
635 961 747 996 Recipio
760 960 846 992 vobis,
866 960 988 987 celeriter
998 968 1041 986 me
1053 958 1191 993 negotium
1204 965 1236 984 ex
1298 957 1354 984 dae.
1418 958 1619 993 Receptaculum
1632 960 1755 987 omnium
1769 966 2003 994 purgamentorum
2017 959 2091 987 vrbis
2104 961 2198 987 cloacae
2213 959 2272 986 Liu.
2281 960 2347 992 1,56.

195 1000 321 1027 sententia
336 999 518 1025 conse-&urum
538 997 622 1024 Plane.
636 997 668 1024 ad
682 997 738 1024 Cic.
752 997 824 1023 Fam.
837 1005 876 1028 10,
891 1003 928 1030 17.
1034 995 1091 1021 Cic.
1104 994 1158 1020 Att.
1171 1001 1198 1026 5,
1212 1002 1236 1026 13
1298 992 1356 1020 Nisi
1373 993 1439 1019 illud
1452 1000 1477 1020 et
1493 994 1534 1021 rei
1547 993 1738 1022 frumentariae
1752 994 1914 1028 subsidium,
1932 1002 1958 1023 et
1973 995 2166 1030 receptaculum
2179 995 2347 1023 claffibusno.

195 1037 231 1061 Vt
244 1043 293 1069 ego
305 1035 331 1060 ei
344 1043 431 1060 coram
445 1033 563 1059 dixeram
573 1053 581 1065 ,
600 1033 720 1066 mihique
732 1032 779 1059 ille
791 1037 932 1066 receperat.
1002 1029 1077 1057 Idem
1090 1030 1161 1056 Fam.
1176 1038 1210 1062 13,
1223 1037 1235 1061 3
1251 1041 1284 1068 25
1297 1027 1355 1054 stris
1370 1035 1469 1063 pateret
1487 1030 1544 1056 Cic.
1558 1031 1634 1057 Verr.
1647 1040 1670 1063 2,
1683 1039 1706 1063 3.
1776 1031 1901 1058 Exsulum
1920 1029 1994 1058 Curt.
2009 1036 2033 1062 8,
2043 1040 2067 1062 2,
2082 1040 2116 1064 15.
2223 1030 2348 1057 Hostium

195 1070 283 1096 Velim
299 1070 334 1096 ita
347 1069 452 1101 tracies,
472 1075 501 1095 vt
513 1069 582 1095 mihi
594 1077 683 1096 coram
695 1067 824 1104 recepisti.
919 1064 1051 1100 Diffi’runt
1064 1065 1191 1100 Recipere
1210 1071 1235 1091 ει
1296 1064 1356 1091 Liu.
1372 1073 1391 1096 1,
1405 1073 1441 1097 33.
1516 1065 1584 1098 Adfl.
1594 1066 1692 1093 ‘Iustim
1708 1075 1730 1098 2,
1743 1075 1771 1100 4,
1782 1075 1827 1098 30.
1899 1066 1956 1093 Cic.
1969 1066 2052 1093 Tusc.
2067 1077 2084 1098 1,
2098 1075 2126 1099 52
2141 1075 2161 1093 c.
2175 1075 2209 1093 22
2244 1067 2347 1100 Corpus

194 1106 338 1139 Suscipere.
440 1104 496 1131 Cic.
511 1105 603 1131 Diuin.
619 1106 653 1130 26
676 1113 698 1130 c.
712 1110 725 1134 8
762 1104 817 1138 Ego
831 1102 858 1128 in
870 1101 920 1129 hoc
935 1101 1036 1128 iudicio
1049 1101 1117 1128 mihi
1133 1101 1234 1128 Siculo·
1296 1100 1407 1134 quidem
1421 1100 1491 1135 quasi
1505 1109 1550 1127 vas
1564 1099 1616 1134 est,
1631 1107 1675 1128 aut
1687 1102 1799 1136 aliquod
1811 1102 1896 1129 animi
1916 1100 2119 1137 receptaculum.
2171 1101 2244 1137 Conf.
2260 1102 2348 1131 Senec-

193 1149 254 1167 rum
267 1142 368 1167 causam
380 1146 526 1174 receptam,
546 1140 638 1174 Populi
653 1140 731 1166 Rom.
746 1140 886 1173 susceptam
901 1138 949 1166 effe
963 1136 1089 1164 arbitror.
1160 1137 1234 1171 Idem
1295 1136 1342 1170 Ep.
1355 1145 1390 1167 90
1404 1142 1427 1162 et
1440 1144 1474 1168 92
1487 1143 1551 1163 extr.
1621 1137 1697 1164 Mors
1707 1144 1845 1166 aeternum
1859 1138 1931 1165 nihil
1945 1138 2067 1164 sentienti
2079 1140 2271 1171 receptaculum
2290 1137 2346 1164 Cic.

193 1176 227 1204 de
239 1178 314 1203 Orat.
329 1185 351 1206 2,
365 1185 405 1202 101
421 1185 443 1203 c.
456 1184 490 1208 99
510 1176 541 1201 ln
554 1184 608 1209 quo
622 1175 657 1202 est
672 1175 716 1201 illa
730 1175 837 1209 quidem
850 1183 943 1209 magna
951 1173 1074 1205 offensio,
1094 1172 1136 1199 vel
1150 1172 1233 1207 ncgli-
1296 1171 1379 1198 Ture.
1392 1179 1414 1204 5,
1434 1179 1484 1206 117.
1593 1172 1658 1200 Cibi
1669 1174 1864 1208 receptaculum
1873 1172 2039 1201 ventriculus
2067 1173 2185 1200 Laetam.
2199 1173 2231 1200 de
2245 1172 2346 1208 Opific.

193 1213 297 1246 gentiae
310 1211 432 1245 susceptis
445 1211 538 1242 rebus,
557 1212 599 1238 vel
613 1210 740 1245 perfidiae
751 1211 869 1244 receptis.
926 1210 1080 1244 Recipimus
1098 1215 1180 1243 ncmp:
1192 1217 1232 1234 ro·
1248 1219 1280 1244 30
1295 1206 1346 1233 Dei
1357 1216 1390 1233 11.
1904 1205 1906 1208 ’

191 1250 261 1284 gaci,
279 1247 430 1281 suscipimus
443 1248 519 1273 ultro.
623 1247 750 1280 Recipere
761 1253 787 1273 et
803 1246 950 1280 Respuere,
966 1248 1095 1272 contraria
1124 1244 1234 1277 Qiinet.
1330 1249 1375 1269 RE
1384 1249 1400 1269 c
1409 1249 1425 1270 ε
1434 1248 1449 1268 Ρ
1459 1248 1481 1269 Τ
1494 1248 1514 1270 o
1525 1250 1545 1269 R
1556 1248 1567 1269 1
1577 1249 1597 1270 v
1607 1250 1621 1271 s
1630 1262 1640 1277 ‚
1658 1253 1674 1271 a
1683 1263 1693 1277 ‚
1708 1253 1762 1274 um.
1793 1244 1857 1273 Adi.
1890 1243 2016 1273 Tei-tull.
2032 1243 2064 1271 de
2076 1244 2134 1271 Res.
2149 1244 2229 1271 Cam.
2242 1251 2277 1278 27
2296 1243 2348 1270 Lo-

193 1284 217 1313 6,
232 1291 253 1316 ς.
347 1283 421 1309 Idem
428 1284 530 1315 8‚6,24
550 1282 577 1309 de
590 1283 744 1317 Metmiymta
757 1285 870 1318 loquens,
891 1282 928 1308 Ex
943 1290 976 1307 co
987 1280 1065 1315 quod
1072 1281 1235 1315 continetur,
1294 1286 1339 1305 cus
1353 1278 1526 1312 receptorius.

193 1318 252 1344 vsus
271 1317 370 1352 recepit
389 1317 456 1342 bene
474 1324 588 1344 moratas
608 1317 701 1350 vrbes‚
722 1324 746 1344 et
765 1317 888 1352 poculum
909 1323 1034 1351 epotum,
1054 1321 1080 1342 et
1100 1315 1231 1342 saeculum
1330 1320 1350 1340 R
1361 1319 1377 1338 Ε
1387 1319 1404 1338 C
1416 1320 1432 1339 E
1441 1321 1456 1339 P
1466 1320 1486 1339 T
1500 1320 1519 1341 Ο
1531 1320 1550 1340 R
1559 1321 1569 1340 1
1581 1318 1603 1339 V
1613 1320 1637 1340 M
1646 1333 1655 1346 ‚
1673 1314 1693 1340 i.
1711 1323 1738 1340 n.
1775 1315 1843 1342 Idem
1854 1325 1883 1342 ac
1894 1315 2094 1351 Receperat-ulum.
2130 1313 2221 1341 Sidon.
2235 1313 2314 1349 Epist.
2325 1323 2348 1348 5,

192 1351 266 1382 felix.
372 1352 428 1379 Cic.
440 1352 522 1379 Ture.
538 1361 557 1383 ι,
572 1361 584 1383 3
611 1353 674 1378 Sero
693 1354 776 1386 igitur
793 1362 808 1379 a
831 1353 926 1379 nostris
950 1353 1044 1379 Poetae
1065 1351 1107 1377 vel
1131 1350 1234 1384 cogniti
1296 1356 1327 1383 17
1347 1348 1512 1375 Nunciatum
1523 1349 1560 1374 est
1573 1348 1701 1384 progredi
1719 1349 1876 1383 Episcopum
1893 1350 1927 1375 de
1947 1350 2113 1382 receptorio.

192 1389 235 1415 vel
245 1388 352 1422 recepti.
445 1387 512 1413 Plin.
521 1395 562 1417 22,
571 1395 603 1412 22
620 1387 761 1418 Scolymon
776 1396 882 1420 quoque
894 1388 923 1412 in
936 1387 1010 1412 cibos
1024 1386 1119 1419 recipit
1127 1387 1232 1412 Oriens.
1248 1393 1278 1419 35
1333 1390 1353 1410 R
1366 1389 1382 1409 Ε
1393 1390 1451 1410 (2112
1462 1390 1479 1409 R
1489 1380 1509 1410 ὅ
1518 1389 1535 1409 C
1547 1391 1566 1408 v
1576 1391 1589 1409 S
1598 1403 1607 1415 ,
1626 1393 1658 1416 a,
1681 1393 1736 1409 um.
1774 1383 1835 1409 Adi.
1871 1380 2064 1415 [παλίνδρομοῃ
2082 1383 2239 1418 οἷν-είςροφος]
2275 1383 2348 1419 and

193 1425 226 1451 Et
240 1432 277 1455 10,
292 1426 323 1449 26
352 1423 458 1449 Africae
470 1422 623 1449 nouiffimae
642 1422 701 1449 sunt
712 1421 912 1456 peregrinarum
924 1422 1014 1446 auium
1034 1420 1062 1445 in
1075 1421 1174 1445 mensas
1193 1429 1234 1446 re·
1298 1428 1325 1445 eo
1337 1419 1414 1450 redit,
1426 1419 1492 1445 vnde
1501 1418 1611 1454 prodiit.
1639 1418 1666 1453 s
1679 1424 1709 1444 vt
1718 1421 1758 1444 ait
1769 1419 1857 1444 Varro
1869 1418 1899 1445 L.
1907 1417 1937 1444 L.
1945 1418 1973 1449 6,
1985 1423 1998 1448 5
2011 1422 2052 1449 pr·
2065 1423 2091 1447 p-
2102 1421 2145 1452 78,
2157 1425 2186 1441 10
2204 1419 2348 1446 Cumvnde

192 1468 281 1494 ceptae
295 1464 402 1493 propter
416 1459 547 1492 ingratum
561 1458 644 1484 virus.
751 1457 876 1491 Recipere
890 1455 918 1482 in
934 1463 1038 1486 mores,
1058 1454 1234 1490 Obseruatione
1295 1452 1362 1485 quid
1382 1454 1550 1486 profestum,
1567 1453 1640 1480 redit
1665 1462 1698 1480 eo
1713 1464 1718 1479 :
1756 1452 1829 1486 quod
1853 1451 1886 1479 ab
1909 1452 2031 1485 recipere
2054 1457 2220 1483 reciprocare
2243 1451 2350 1481 fletum:

193 1495 312 1532 quadam,
332 1504 380 1520 non
400 1493 494 1529 legibus
513 1492 659 1528 confirmare
687 1491 817 1525 Qiinffii.
832 1499 853 1524 5,
865 1500 901 1517 ιο.
995 1490 1061 1516 Plin.
1075 1495 1114 1521 28,
1127 1498 1139 1515 2
1159 1490 1235 1522 Qun
1296 1492 1340 1512 aut
1355 1487 1425 1520 quod
1439 1489 1544 1521 poscere
1557 1496 1668 1521 procare
1681 1488 1794 1514 dietum.
1879 1488 1964 1514 Etiam
1983 1484 2072 1513 Festus
2080 1490 2130 1520 per
2144 1483 2217 1510 vltro
2230 1485 2350 1522 citroque

191 1537 220 1558 et
244 1530 360 1556 absentes
385 1529 486 1556 tinnitu
506 1529 611 1555 aurium
636 1527 794 1563 praesentire
805 1527 937 1553 sermones
950 1525 982 1552 de
997 1526 1022 1551 se
1034 1531 1169 1558 receptum
1181 1524 1235 1557 est,
1296 1523 1405 1556 poscere
1420 1524 1537 1557 explicat.
1609 1523 1704 1549 Amnis
1716 1523 1884 1557 reciprocus,
1902 1522 2004 1557 Refluus
2042 1519 2111 1546 Ptin.
2124 1527 2150 1551 9,
2163 1526 2204 1553 57.
2273 1521 2348 1550 Idem

192 1570 210 1593 i.
226 1568 299 1602 vulgo
313 1564 434 1593 creditur.
540 1563 653 1591 Ratione
665 1563 728 1590 falsa
740 1568 874 1595 receptum
889 1561 924 1587 est
943 1561 1048 1587 Luci-et.
1063 1569 1082 1593 1,
1096 1564 1147 1591 378.
1251 1564 1321 1590 405,
1334 1565 1352 1596 45
1369 1557 1482 1584 Tertius
1499 1549 1567 1583 sinus
1581 1555 1717 1585 diuiditur
1730 1558 1759 1584 in
1773 1559 1910 1592 geminos,
1929 1558 2044 1585 duarum
2068 1554 2184 1586 Syrtium
2202 1554 2296 1583 vadoso
2315 1565 2346 1586 ae

232 1609 251 1627 R
260 1609 276 1628 E
285 1607 348 1628 (ζει)
357 1607 378 1626 Τ
389 1606 410 1625 v
421 1606 434 1625 S
443 1619 452 1632 ‚
471 1608 501 1631 a,
522 1608 576 1626 um.
596 1600 689 1626 Partic.
724 1595 952 1632 [προσδεδεγμένος]
989 1596 1093 1622 Maiore
1105 1594 1239 1628 religione
1297 1599 1437 1625 reciproco
1452 1592 1520 1619 mari
1534 1592 1616 1619 diros.
1708 1593 1870 1628 Argumenta
1884 1593 2039 1628 reciproca,
2065 1591 2169 1618 Graecis
2182 1589 2343 1627 οἰντιςρέφονη

192 1637 219 1664 fe
231 1642 367 1671 receptum
378 1636 447 1664 tueri
464 1635 532 1670 Nep.
545 1643 571 1666 2,
586 1639 610 1666 8,
625 1644 652 1668 4.
760 1633 797 1659 Ex
811 1632 884 1658 facili
903 1631 1032 1664 nulloque
1046 1635 1155 1663 vrgente
1167 1637 1238 1655 rece.
1297 1626 1383 1658 diHa,
1396 1628 1462 1663 finit
1481 1627 1550 1654 Gell.
1563 1635 1586 1660 5,
1600 1636 1629 1654 10
1668 1629 1738 1655 Cum
1757 1633 1944 1662 argumentum
1964 1625 2128 1663 propositum
2148 1625 2246 1653 referri
2259 1633 2345 1656 contra

193 1679 252 1707 ptus
273 1673 370 1699 Lucan.
381 1681 410 1704 4,
421 1673 467 1704 46.
545 1669 626 1695 Caelo
640 1672 758 1702 receptus
778 1665 910 1699 Quinctil.
925 1674 948 1698 3,
962 1675 984 1697 7.
1078 1664 1142 1691 Sede
1158 1664 1239 1690 caele·
1298 1664 1474 1697 conuertique
1489 1663 1517 1689 in
1530 1672 1592 1689 eum
1605 1664 1706 1698 potest,
1723 1673 1737 1690 a
1751 1671 1805 1698 quo
1818 1663 1922 1691 dietum
1932 1663 1980 1696 est,
2000 1669 2026 1689 et
2039 1668 2184 1696 Vtrumque
2197 1660 2345 1697 (iegati-in-

192 1708 226 1735 sti
238 1713 358 1742 receptus
391 1705 474 1733 Ouid.
489 1712 522 1732 ex
536 1705 610 1732 Pont.
624 1712 647 1737 3,
660 1711 684 1737 5,
697 1711 734 1737 53.
850 1702 946 1728 Amans
957 1706 1077 1735 receptus
1091 1705 1145 1726 tota
1158 1699 1240 1726 noete
1298 1701 1370 1737 que)
1381 1700 1480 1732 pariter
1494 1699 1564 1726 valet
1577 1709 1582 1725 :
1621 1699 1699 1734 quale
1716 1698 1752 1725 est
1766 1699 1954 1734 peruulgatum
1969 1698 2047 1731 illud,
2055 1706 2111 1732 quo
2125 1698 2295 1731 Protagoram
2302 1698 2345 1725 So·

191 1744 310 1777 Propert.
324 1752 345 1775 2,
361 1750 400 1776 14,
414 1746 455 1772 28·
550 1739 621 1767 Ensis
651 1744 770 1774 receptus
798 1737 915 1771 pectore.
943 1737 1031 1762 Senec.
1049 1735 1161 1767 Thyest.
1182 1736 1200 1761 s.
1224 1739 1237 1765 8
1251 1738 1284 1764 45
1300 1732 1446 1766 phistarum
1456 1734 1618 1761 acerrimum
1635 1735 1713 1761 vsum
1726 1735 1775 1761 csse
1788 1735 1878 1762 ferunt
1888 1735 2012 1763 aduersus
2028 1733 2170 1760 Euathlum
2191 1732 2348 1767 discipulum

190 1780 344 1813 frugesque
355 1783 471 1811 receptas
506 1776 537 1803 Et
549 1782 652 1803 torrere
665 1782 757 1808 parant
771 1772 898 1804 ssannnis,
917 1777 943 1798 et
955 1771 1077 1806 frangere
1090 1772 1168 1803 saxo,
1186 1770 1204 1796 i.
1213 1778 1239 1797 e.
1302 1769 1376 1794 suum
1390 1779 1396 1794 :
1432 1778 1460 1795 ac
1471 1769 1557 1795 deinde
1569 1776 1647 1796 rotam
1658 1779 1709 1797 rem
1722 1776 1835 1799 enarrat.
1904 1771 1986 1798 Aliud
1998 1768 2031 1803 est
2042 1779 2057 1796 a
2076 1769 2109 1795 ud
2119 1768 2189 1795 eund.
2203 1777 2230 1803 9,
2241 1771 2276 1796 16
2283 1771 2349 1796 cuius

191 1813 345 1846 Liberatas,
364 1815 447 1848 inquit
461 1811 583 1843 Seruius,
600 1817 646 1842 vt,
665 1809 811 1843 Medioque
825 1816 856 1834 ex
869 1807 941 1834 hoste
952 1807 1051 1841 recepit
1082 1807 1158 1840 Virg.
1172 1806 1239 1832 Aen.
1295 1804 1407 1839 summa,
1430 1805 1456 1830 Si
1471 1805 1553 1840 placet
1565 1805 1624 1837 lex,
1639 1805 1721 1833 redde
1736 1816 1742 1832 ι
1778 1806 1796 1832 fi
1811 1814 1866 1833 non
1880 1806 1979 1841 placet,
1997 1805 2044 1833 red
2065 1814 2088 1831 e.
2159 1804 2206 1831 Cui
2224 1803 2348 1840 respondes
2372 1814 2375 1817 -

193 1851 221 1882 6,
235 1857 277 1875 ιιι.
384 1848 513 1880 Receptus
533 1855 605 1876 mos,
625 1845 676 1877 est,
694 1846 782 1878 Quem
800 1843 843 1869 sua
857 1843 947 1877 sponte
960 1843 1053 1869 ciuitas
1067 1841 1182 1869 alienum
1196 1841 1240 1868 ad·
1300 1846 1359 1872 tur,
1379 1840 1406 1866 Si
1420 1839 1502 1874 placet
1516 1840 1558 1866 lex
1572 1849 1627 1866 non
1640 1840 1724 1868 reddo
1737 1852 1743 1868 2
1778 1841 1796 1868 si
1810 1850 1864 1868 non
1879 1842 1980 1876 placet,
2000 1849 2054 1868 non
2068 1838 2160 1867 reddo-
2235 1841 2298 1873 Tale
2308 1843 2359 1870 arf

195 1885 280 1912 sciuit.
306 1883 402 1909 Festus.
495 1880 626 1907 Persuafio
643 1880 749 1915 publice
762 1884 866 1913 recepta
885 1878 1017 1911 Quinctil.
1030 1887 1050 1909 3,
1065 1885 1091 1912 7.
1182 1878 1242 1904 Pte·
1300 1882 1440 1915 gumentum
1453 1875 1569 1909 excidisse
1588 1879 1663 1903 etiam
1678 1877 1803 1904 Ciceroni
1816 1878 1918 1905 videtur
1947 1879 2024 1905 Verr.
2046 1885 2058 1908 3
2079 1885 2100 1903 c.
2117 1881 2149 1909 98
2170 1874 2282 1903 Annona
2293 1883 2348 1910 pre-

195 1928 237 1947 ces
251 1925 370 1953 receptae
395 1918 457 1944 Stat.
470 1916 533 1944 Silu.
549 1926 577 1950 4,
589 1925 610 1949 1,
621 1924 648 1949 9.
754 1915 866 1942 Somnus
880 1920 999 1948 receptus
1011 1919 1084 1948 parte
1100 1913 1241 1940 oculorum
1253 1920 1285 1946 50
1303 1918 1373 1937 tium
1384 1911 1432 1937 nisi
1447 1912 1476 1938 in
1486 1911 1636 1939 calamitate
1650 1912 1785 1940 fruCluum
1800 1922 1854 1940 non
1869 1913 1958 1940 habet.
2030 1913 2057 1939 Si
2081 1918 2168 1938 autem
2187 1910 2292 1939 Vbertas
2319 1911 2348 1940 in

195 1954 277 1983 Ouid.
289 1955 354 1981 Met.
369 1961 390 1987 1,
403 1955 462 1983 686.
481 1952 509 1978 de
521 1954 601 1988 Argo.
710 1950 798 1977 Verba
812 1958 875 1976 aure
887 1956 991 1984 recepta
1023 1948 1107 1976 Ouid.
1122 1958 1153 1975 ex
1167 1949 1242 1976 Pont.
1302 1947 1479 1981 percipiendis
1510 1947 1645 1974 fructibus
1660 1948 1740 1982 tuit,
1760 1950 1931 1983 consequitur
1954 1948 2046 1976 vilitas
2072 1947 2102 1974 in
2123 1946 2284 1980 vendendis,
2303 1953 2346 1974 etc.

192 2000 223 2025 4,
236 1999 264 2024 4,
279 1999 318 2024 ¹4-
425 1988 538 2023 Compar.
572 1986 723 2013 Auctoritas
737 1986 869 2019 receptior
888 1985 1007 2014 Tertull.
1020 1985 1078 2012 adu.
1091 1985 1210 2018 Μαι-της»,
1218 1993 1241 2018 5.
1301 1983 1372 2009 Licet
1384 1985 1448 2009 enim
1460 1990 1601 2011 conuertere
1611 2004 1619 2016 ,
1639 1984 1666 2011 Si
1676 1986 1807 2011 calamitas
1819 1983 1957 2020 frui-'luunt
1975 1983 2025 2017 est,
2043 1993 2068 2010 eo
2087 1985 2172 2009 carim·
2193 1983 2346 2010 venduntur.-

193 2027 290 2063 supcrl.
325 2023 500 2059 Receptissimi
513 2022 653 2057 scriptores
676 2021 758 2048 Solin.
770 2021 852 2055 praef.
920 2055 926 2059 ι
941 2054 946 2060 .
1296 2016 1579 2051 fifflvilitasstnnonae
1594 2028 1619 2045 eo
1629 2023 1711 2046 maior
1725 2019 1758 2054 qli
1771 2024 1851 2056 copia.
1922 2020 2054 2054 Epistolac
2073 2018 2275 2053 Hieron.Epist.
2288 2020 2305 2045 6
2315 2017 2342 2046 ad

232 2069 250 2089 R
259 2068 276 2088 Ε
285 2066 304 2088 C
315 2067 331 2087 Ε
340 2067 355 2087 Ρ
365 2066 414 2086 Τν
423 2066 448 2086 Μ
456 2078 465 2092 ,
484 2058 503 2085 i.
537 2067 563 2084 n.
599 2055 775 2091 [ἄναὸεχθέν]
812 2056 868 2083 Cic.
881 2054 993 2095 Philipp.
1007 2063 1034 2088 2,
1046 2062 1081 2090 79
1095 2063 1116 2081 c.
1129 2063 1159 2087 32
1177 2055 1240 2081 Pro·
1301 2052 1419 2081 Florent.
1515 2054 1621 2089 Spirare
1635 2062 1660 2081 et
1672 2056 1822 2092 reciprocos
1842 2056 1947 2084 Halitus
1966 2055 2037 2083 auris
2059 2054 2279 2081 commeabilibus
2303 2053 2340 2081 dm

195 2098 300 2126 missum
312 2102 338 2122 et
349 2101 483 2129 receptum
497 2092 665 2123 interuenit,
680 2091 712 2118 ad
726 2092 805 2126 seque
819 2091 963 2118 transtulit.
1072 2091 1199 2117 Promiffo
1211 2099 1241 2118 ac
1254 2095 1283 2123 55
1301 2097 1360 2114 cere
1405 2090 1506 2117 Arnob.
1523 2098 1540 2124 7
1554 2100 1579 2124 p.
1596 2098 1646 2123 233.
1761 2092 1852 2119 Motus
1887 2091 2019 2127 reciproci
2058 2091 2114 2117 Sen.
2131 2091 2196 2117 Hec.
2212 2091 2264 2117 fur.
2282 2091 2302 2121 s.
2314 2097 2346 2117 η..

192 2138 299 2168 recepto
311 2133 358 2158 suo
371 2130 519 2158 satisfacere
540 2129 597 2156 Cic.
611 2129 689 2155 Verr.
703 2134 727 2160 5,
744 2131 784 2159 138
797 2135 819 2152 c.
834 2134 868 2158 53-
1299 2124 1416 2150 Piscinae
1438 2126 1515 2151 Varr.
1529 2126 1560 2151 R.
1575 2126 1606 2151 R.
1620 2134 1643 2157 3,
1656 2133 1695 2159 17,
1708 2136 1735 2159 9.
1806 2128 1894 2155 Varro
1909 2127 1941 2154 de
1954 2128 1984 2154 L,
1997 2127 2027 2153 L.
2040 2127 2058 2153 Ι,
2071 2136 2093 2154 ς,
2119 2135 2148 2152 cx
2162 2124 2255 2158 Abho,
2274 2125 2347 2152 Reci-

231 2176 251 2196 R
263 2175 280 2195 E
291 2173 415 2195 CEPTv
425 2172 454 2199 s,
475 2164 515 2191 fis.
554 2173 588 2190 m.
626 2160 750 2197 [ἐκδοχὴ]
785 2161 845 2188 Liu.
860 2166 883 2192 8,
899 2167 928 2186 10
962 2159 1096 2187 Breuitate
1108 2160 1162 2194 ipsa
1175 2160 1240 2193 loci,
1299 2167 1379 2192 proca
1391 2158 1498 2185 tendens
1512 2167 1597 2186 neruo
1612 2162 1712 2193 equino
1725 2162 1826 2187 concita
1840 2163 1899 2188 tela.
1954 2163 2028 2197 Qcod
2042 2161 2082 2195 stc
2098 2165 2192 2198 accipit
2213 2160 2350 2193 Turnebus.

196 2204 323 2238 facilique
336 2207 443 2237 receptu
457 2201 485 2229 in
496 2206 548 2228 tam
565 2200 715 2235 propinqua
728 2197 818 2229 castra,
840 2195 909 2223 haud
923 2203 999 2235 aegre
1013 2195 1127 2221 militem
1142 2204 1157 2221 a
1172 2196 1240 2221 mul·
1300 2201 1373 2228 quum
1396 2203 1469 2221 arcus
1492 2194 1621 2226 tenditur,
1636 2195 1736 2231 sagitta
1760 2196 1794 2221 ad
1806 2204 1850 2221 nos
1872 2196 1958 2230 oerfizs
1970 2198 2084 2223 trahitur
2097 2217 2106 2228 ,
2144 2206 2187 2223 uae
2204 2206 2273 2227 mox,
2293 2196 2349 2223 dum

194 2246 222 2268 ta
236 2239 314 2266 caede
327 2239 362 2265 est
375 2244 481 2265 tutatus.
588 2235 683 2262 Caesar
697 2233 815 2267 receptui
828 2233 936 2257 suorum
959 2236 1054 2256 timens
1088 2231 1160 2257 Caes.
1169 2230 1197 2256 B.
1207 2230 1238 2257 C.
1299 2230 1411 2255 mittitur
1420 2247 1429 2259 ,
1449 2232 1476 2253 in
1489 2236 1657 2264 campartem,
1673 2230 1737 2256 vnde
1752 2230 1906 2263 trahebatur,
1920 2231 1998 2262 redit,
2016 2231 2088 2265 idque
2103 2206 2145 2263 est,
2160 2232 2225 2266 quod
2241 2236 2348 2267 recipro-

194 2285 218 2309 3,
232 2278 276 2308 46.
347 2273 475 2307 Receptui
498 2279 609 2303 canere,
628 2270 665 2297 est
678 2268 762 2296 Tuba
777 2277 791 2293 e
812 2267 912 2302 praelio
931 2266 1077 2292 exercitum
1090 2274 1239 2292 remouere.
1251 2263 1286 2288 60
1301 2272 1355 2288 cum
1387 2262 1503 2298 appellat.
1593 2264 1700 2295 Tet'nys
1731 2266 1866 2299 reciproca
1902 2266 1948 2292 Sil.
1976 2275 2006 2298 3,
2030 2268 2073 2292 60.
2111 2265 2205 2299 aestus,
2221 2267 2310 2301 fluxus
2324 2272 2349 2294 et

195 2310 359 2345 [iudaeam]
396 2310 452 2336 Cic.
466 2307 579 2342 Philipp.
592 2314 627 2338 12,
643 2310 655 2335 8
671 2313 692 2331 c.
708 2313 719 2336 3
751 2303 819 2338 Qis
836 2303 908 2329 enim
928 2308 1069 2328 reuocante
1083 2307 1109 2327 et
1123 2301 1240 2335 receptui
1299 2297 1419 2332 refluxus.
1543 2297 1706 2324 Pronomina
1738 2301 1873 2333 reciproca
1903 2301 1970 2336 apud
1994 2302 2174 2328 Grammaticos
2205 2301 2266 2335 Sui,
2287 2302 2347 2335 sthi,

193 2352 303 2373 canente
316 2346 408 2371 Senatu
423 2349 546 2379 properet
559 2342 685 2368 dimicare
699 2341 709 2367 ἓ
815 2338 957 2373 Metaphor.
995 2338 1049 2364 Cic.
1070 2337 1153 2363 Tusc.
1172 2345 1201 2368 3,
1217 2345 1240 2368 33
1299 2333 1340 2365 se,
1361 2334 1436 2363 suus.
1501 2365 1512 2373 ..

194 2384 273 2409 Vetat
288 2381 371 2415 igitur
383 2381 453 2406 ratio
465 2379 535 2406 tueri
550 2376 682 2404 molestias
691 2395 699 2408 ‚
718 2374 843 2402 abstrahit
857 2373 889 2400 ab
909 2372 1011 2399 acerbis
1032 2372 1240 2406 cogitationibus
1341 2374 1361 2394 R
1372 2374 1387 2394 E
1397 2375 1413 2395 C
1423 2374 1453 2393 ιι)
1464 2374 1482 2393 R
1493 2375 1512 2394 o
1522 2374 1538 2395 C
1550 2373 1570 2394 Ο
1579 2387 1588 2401 ,
1626 2370 1680 2395 are.
1716 2368 1881 2404 [ἐντις-ρέφω,
1911 2369 2096 2406 παλινδρομέω]
2129 2373 2260 2412 Repeten,
2278 2371 2349 2407 refie-

194 2417 318 2445 hebetem
336 2417 420 2443 aciem
440 2415 472 2441 ad
493 2414 613 2440 miserias
631 2409 842 2445 contemplandas
858 2421 863 2436 :
897 2418 913 2435 a
934 2408 1030 2442 quibus
1051 2417 1132 2443 quum
1145 2408 1241 2434 cecinit
1302 2401 1368 2431 Herc
1378 2424 1387 2436 ‚
1407 2409 1546 2436 remittere,
1566 2403 1716 2443 retrogredi.
1771 2405 1831 2431 Liu.
1847 2414 1882 2437 21,
1895 2412 1926 2440 57
1964 2407 2053 2440 Qmm
2068 2407 2121 2432 iam
2134 2407 2252 2440 spiritum
2267 2413 2348 2433 inter.

195 2453 331 2487 receptui,
351 2451 465 2486 impellit
481 2450 583 2477 rursum
597 2454 623 2475 et
644 2447 736 2474 incitat
754 2445 787 2472 ad
808 2444 1002 2479 conspiciendas
1021 2450 1128 2478 toraque
1153 2449 1240 2470 mente
1252 2438 1284 2470 65
1303 2439 1436 2471 eluderet,
1458 2448 1506 2465 ¹¹⁶⁶
1538 2447 1704 2474 reelprocarc
1728 2440 1844 2467 animam
1866 2440 1976 2473 sineret,
1994 2441 2075 2468 auerfi
2091 2450 2105 2468 ἃ
2117 2447 2197 2467 vento
2210 2449 2348 2475 parumper

195 2487 396 2517 contrectandas
408 2487 492 2514 varias
507 2485 666 2519 voluptates.
760 2482 886 2516 Receptui
901 2480 1001 2515 signum
1016 2480 1077 2506 dare
1098 2479 1191 2512 Lina,
1200 2482 1242 2506 62.
1303 2475 1453 2502 consedere.
1524 2475 1581 2501 Cic.
1596 2475 1628 2501 de
1643 2475 1735 2502 Diuin.
1749 2484 1769 2507 1,
1783 2484 1811 2502 ιο
1827 2484 1849 2501 c.
1865 2478 1935 2512 6pr.
1956 2476 1982 2502 Si
1997 2476 2106 2511 quidem
2121 2477 2168 2502 ista
2183 2477 2215 2503 sie
2234 2476 2349 2510 recipro-

197 2526 272 2553 curt,
286 2534 312 2557 4,
327 2526 353 2557 6,
369 2532 407 2550 10.
478 2520 606 2555 Recepiui
618 2519 735 2554 tignum,
752 2523 797 2544 aut
811 2518 1008 2544 reuocationcin
1023 2525 1037 2542 a
1058 2515 1130 2541 bello
1148 2515 1242 2542 audire
1303 2518 1410 2544 cantur,
1429 2516 1457 2537 vt
1481 2510 1499 2536 si
1526 2510 1658 2538 diuinatio
1676 2510 1722 2543 lit,
1742 2510 1781 2536 dii
1801 2510 1870 2537 sint:
1906 2517 1933 2538 et
1953 2511 1972 2537 fi
2004 2512 2043 2537 dii
2066 2512 2130 2544 lint,
2149 2512 2179 2538 fit
2203 2510 2352 2538 diuinatio:

197 2561 255 2587 Cic.
271 2559 385 2594 Philipp.
401 2567 434 2590 13,
449 2565 482 2591 ις.
565 2556 647 2583 Ouid.
661 2555 726 2581 Met.
743 2562 762 2584 1,
776 2562 826 2586 340
853 2552 957 2579 Cecinit
973 2552 1049 2578 iufl'os
1065 2552 1153 2577 inflata
1172 2560 1241 2577 rece·
1301 2544 1400 2580 honesta
1413 2545 1564 2581 metaphora,
1584 2554 1632 2581 qua
1645 2545 1753 2577 indicat,
1761 2545 1828 2580 poſjz*
1842 2546 1914 2582 versa
1929 2550 1982 2573 vice
1993 2548 2023 2573 ab
2037 2557 2084 2573 ono
2106 2547 2139 2573 ad
2155 2548 2259 2574 alterum
2276 2555 2352 2587 argu.

198 2602 257 2632 ptus
276 2597 380 2622 Bucina.
483 2591 611 2619 Libenter
631 2591 655 2617 se
676 2590 709 2616 iis
723 2596 825 2623 tempus
838 2588 959 2615 daturum
974 2587 1048 2614 fuisse
1061 2587 1092 2613 ad
1108 2593 1241 2621 receptum
1301 2589 1408 2609 mentum
1422 2582 1487 2608 duci.
1510 2615 1515 2621 -
1595 2580 1669 2607 Idem
1684 2581 1716 2607 de
1730 2582 1792 2608 Nat.
1809 2582 1889 2608 Deor.
1907 2590 1931 2615 3,
1947 2591 1979 2615 24
1998 2582 2071 2615 Qud
2087 2582 2242 2609 Chalcidico
2250 2582 2351 2616 Euripo

198 2631 339 2667 pertinacis
350 2629 493 2657 sententiae
524 2628 616 2654 Liuius
629 2636 658 2660 4,
671 2633 704 2660 57
716 2632 758 2660 pr.
780 2631 830 2660 pro
842 2623 1019 2659 Refipificuiia
1032 2624 1179 2659 afintcmm
1187 2623 1286 2657 per-70
1304 2618 1332 2645 in
1346 2624 1419 2644 motu
1434 2615 1579 2657 identidem
1595 2616 1785 2651 reciprocando
1801 2624 1874 2650 putas
1891 2617 1952 2644 fieri
1967 2619 2036 2652 posse
2050 2618 2210 2645 constantius
2222 2618 2232 2643 ἒ
2289 2617 2351 2644 Liu.

198 2670 287 2694 tinaci.
388 2667 450 2692 Alia
471 2662 668 2697 cmfirufhom,
686 2668 727 2693 ΞΣ,
767 2680 773 2686 .
810 2680 816 2686 .
854 2661 981 2694 Receptus
1001 2668 1015 2685 a
1030 2658 1105 2685 malis
1120 2658 1244 2685 consiliis.
1305 2659 1344 2685 28,
1359 2662 1389 2685 30
1409 2654 1635 2685 Qunqueremem
1650 2652 1710 2679 satis
1724 2652 1830 2679 credens
1845 2653 2033 2688 deprehensam
2046 2653 2139 2688 rapido
2151 2653 2180 2680 in
2189 2654 2259 2680 freto
2266 2652 2295 2679 in
2308 2652 2352 2679 ad-

199 2704 342 2737 Receptus‚
377 2699 537 2736 [καταφυγὴ]
573 2700 661 2730 Locus,
679 2702 707 2723 in
725 2705 771 2731 quo
783 2695 813 2732 se
829 2702 882 2722 tuto
897 2699 987 2731 recipit
999 2697 1135 2724 exercitus,
1155 2701 1175 2719 ex
1188 2692 1245 2726 stne
1304 2690 1408 2728 versum
1423 2687 1520 2714 aestum
1533 2688 1695 2722 reciprocari
1708 2697 1761 2715 non
1775 2689 1852 2722 posse.
1970 2691 2067 2716 Aerem
2092 2690 2169 2716 vitali
2187 2690 2353 2723 reciprocare

195 2739 306 2775 periculo
318 2735 406 2770 hostem
419 2732 653 2772 exspeffarepotcjst.
706 2732 781 2766 Virg.
801 2732 866 2758 Aen.
887 2740 919 2764 11,
932 2738 981 2765 527
1017 2730 1140 2756 Planities
1155 2729 1246 2763 ignota
1305 2733 1320 2751 a
1334 2724 1429 2764 spiritu
1472 2723 1574 2763 Aruob.
1588 2732 1597 2749 1
1617 2733 1641 2758 p.
1658 2732 1696 2758 ιτ.
1768 2725 1824 2751 Cur
1842 2733 1856 2751 a
1874 2724 1929 2752 sole
1948 2724 2104 2759 abscedant,
2124 2726 2199 2760 saepe
2220 2725 2253 2752 ad
2271 2723 2351 2752 solem

199 2775 284 2806 iacet,
303 2773 409 2806 tutique
423 2777 549 2805 receptus.
629 2767 816 2802 Propinquitas
834 2767 978 2799 castrorum
991 2766 1103 2792 celerem
1119 2764 1244 2798 superatis
1303 2764 1467 2798 reciprocent
1484 2758 1550 2785 le.
1568 2768 1588 2791 2,
1602 2767 1629 2793 17
1642 2766 1683 2794 pr.
1791 2761 1862 2793 Qias
1883 2760 2008 2795 (undas)
2028 2767 2105 2795 auget
2125 2761 2252 2789 veniens,
2274 2760 2351 2787 reflu-

200 2819 231 2837 ex
245 2810 307 2844 fuga
323 2815 459 2842 receptum
470 2806 548 2833 dabat
568 2804 640 2832 Caes.
655 2805 683 2831 Β.
698 2804 728 2830 C.
743 2812 763 2836 1,
778 2808 817 2833 82.
924 2801 1031 2828 Habere
1044 2800 1160 2833 aliquem
1174 2808 1243 2825 rece·
1254 2799 1286 2827 75
1305 2804 1387 2829 usque
1400 2800 1545 2828 reciprocat
1560 2794 1642 2820 aestus
1660 2794 1706 2821 Sil.
1723 2803 1758 2828 15,
1772 2799 1826 2822 226.
1945 2797 2121 2831 Reciprocans
2135 2797 2228 2823 flue'lus
2245 2795 2353 2823 alterni·

200 2852 274 2880 ptum
297 2845 352 2871 Cic.
367 2845 439 2870 Fam.
455 2852 494 2874 ιο,
510 2851 541 2869 11.
633 2839 708 2867 Idem
722 2841 776 2865 Att.
790 2843 813 2870 8,
829 2846 857 2871 19
876 2838 973 2870 Neque
988 2845 1018 2862 ex
1033 2836 1156 2862 omnibus
1171 2835 1245 2869 oppi-
1304 2831 1422 2870 aestibus·
1446 2830 1508 2870 ¹5¹¹·
1523 2830 1595 2856 Nou.
1611 2838 1644 2862 15,
1658 2839 1678 2863 3.
1772 2832 1948 2866 Reciprocare
1969 2833 2057 2867 coepit
2087 2841 2176 2864 mare,
2195 2840 2291 2866 magno
2304 2838 2352 2858 tra-

199 2881 240 2908 dis
253 2879 408 2907 contrahere
422 2879 508 2912 copias
520 2876 642 2910 expedit,
660 2883 693 2901 ne
727 2880 860 2908 receptum
882 2873 1010 2901 amittam.
1102 2872 1246 2905 Receptum
1305 2867 1349 2893 &u
1362 2875 1437 2901 aquis
1456 2875 1484 2892 ιιι
1505 2866 1579 2891 suum
1598 2866 1697 2893 fretum
1723 2868 1936 2900 recurrentibus,
1955 2868 2133 2902 reddebatque
2164 2874 2247 2895 terras
2263 2867 2353 2902 paullo

193 2924 243 2954 pro
257 2916 316 2942 nido
330 2919 429 2946 auium,
443 2914 510 2940 dixit
524 2912 606 2938 Solin.
620 2921 643 2937 c.
658 2919 693 2936 12.
728 2916 752 2935 et
773 2919 794 2936 c.
808 2915 830 2937 8.
1306 2909 1366 2929 ante
1390 2901 1525 2937 profundo
1546 2902 1599 2941 salo
1619 2903 1714 2928 mersas
1747 2903 1821 2929 Curt.
1835 2912 1862 2936 9,
1876 2912 1901 2936 9,
1914 2913 1954 2930 20.
2069 2904 2244 2938 Reciprocare
2273 2912 2352 2930 manu

236 2958 330 2979 REGE
341 2957 357 2977 Ρ
367 2957 388 2977 T
398 2957 406 2975 1
417 2957 436 2976 o
446 2969 453 2980 ,
473 2948 541 2975 bnis.
582 2947 601 2973 f.
638 2943 761 2979 [ἒλὸεξις]
796 2945 876 2971 Plaut.
890 2943 958 2970 Asin.
973 2951 996 2975 5,
1010 2951 1035 2974 2,
1053 2950 1088 2978 70
1106 2942 1178 2976 Qud
1194 2941 1246 2969 tibi
1307 2939 1407 2971 telum,
1427 2941 1446 2965 ι’.
1466 2940 1607 2974 (introrsum
1619 2944 1642 2964 et
1654 2939 1788 2973 retrorsum
1801 2940 1902 2965 vibrare
1922 2939 1990 2966 Gell.
2004 2947 2031 2971 9,
2043 2946 2083 2972 50.
2179 2940 2354 2973 Reciprocari.

199 2987 250 3015 huc
267 2986 386 3021 receptio
405 2985 439 3012 ad
452 2990 478 3011 te
498 2984 534 3010 est
555 2991 645 3010 meum
666 2981 778 3008 virum?
812 2983 831 3007 i.
852 2981 937 3015 Qun-e
958 2982 1048 3014 rumpis
1067 2979 1140 3011 adgie
1167 2981 1248 3005 virum
1257 2974 1290 3000 80
1307 2981 1345 3001 tes
1358 2983 1440 3009 aquae
1458 2973 1530 3000 Flor.
1544 2982 1570 3006 2,
1585 2978 1607 3003 8.
1712 2975 1795 3001 Auras
1817 2974 1937 3009 accipere
1959 2975 2082 3006 naribus,
2101 2980 2127 3001 et
2147 2984 2194 3009 per
2205 2975 2354 3002 anhelitum

197 3033 273 3050 meum
286 3026 299 3050 3
1308 3011 1482 3045 reciprocatas
1497 3009 1606 3036 reddere
1627 3008 1727 3035 Arnob.
1742 3018 1757 3036 2
1771 3019 1795 3044 p.
1809 3018 1850 3043 54.
1946 3010 1989 3037 Sol
2011 3011 2113 3037 nostros
2133 3010 2189 3037 dies
2207 3011 2355 3045 reciproca-

236 3066 254 3085 ι(
267 3065 283 3084 Ε
294 3065 310 3085 C
319 3065 336 3084 Ε
345 3065 360 3084 Ρ
371 3063 393 3084 'r
406 3062 425 3083 0
436 3062 455 3082 R
464 3075 472 3087 ‚
490 3055 554 3082 oris.
572 3063 607 3080 m.
644 3049 809 3086 [finiturus]
846 3051 897 3086 Qi
909 3050 1034 3081 aurona,
1054 3058 1179 3085 eorumque
1186 3049 1246 3084 sur-
1307 3046 1341 3073 tis
1354 3045 1517 3072 administrat
1530 3044 1636 3071 circulis
1664 3045 1785 3072 Prudent.
1801 3045 1888 3072 Perist
1903 3053 1943 3078 ιο,
1957 3053 2010 3080 573.
2127 3046 2219 3072 Arnob
2251 3046 2355 3075 aduers,

199 3101 270 3128 repta
283 3096 388 3133 recipit,
412 3092 571 3126 occultatque.
608 3089 663 3116 Cic.
678 3097 726 3123 pro
741 3087 835 3114 Milon.
851 3095 882 3119 50
899 3085 1061 3112 Sustinuissct
1080 3085 1129 3111 hoc
1144 3085 1246 3111 crimen
1309 3083 1387 3108 Gent.
1402 3091 1417 3108 2.
1436 3081 1518 3108 Cuius
1532 3080 1568 3106 cst
1581 3087 1668 3107 autem
1682 3080 1808 3115 pudoris,
1824 3080 1958 3108 maledieti
1973 3087 1998 3107 et
2011 3081 2131 3108 criminis
2147 3081 2209 3109 loco
2233 3082 2294 3109 dare
2313 3091 2354 3115 ea,

199 3130 316 3164 primum
333 3129 387 3162 lpse
406 3127 450 3153 ille
463 3127 595 3153 latronum
614 3125 760 3151 occultator
774 3129 798 3149 et
817 3128 937 3156 receptor
958 3121 1013 3155 (al.
1026 3124 1188 3155 receptator)
1208 3120 1246 3147 10-
1309 3127 1377 3152 quae
1391 3119 1419 3144 in
1432 3123 1457 3144 te
1471 3116 1563 3151 pollint
1582 3116 1744 3150 reciprocata
1763 3116 1941 3143 vicissitudine
1962 3117 2113 3152 retorqueri
2128 3118 2137 3143 3
2245 3118 2353 3145 Nonius

201 3175 259 3194 cus.
281 3164 342 3190 dum
357 3171 442 3196 neque
455 3163 537 3189 multa
551 3159 666 3187 solitudo
682 3159 829 3191 indicasset,
848 3166 933 3191 neque
948 3154 1021 3183 caeca
1033 3165 1084 3183 nox
1098 3156 1247 3182 ostendisset
1262 3159 1292 3188 85
1310 3162 1334 3183 2.
1347 3161 1397 3188 737
1419 3163 1447 3180 cx
1461 3153 1609 3183 υθῖ-ΡΟΝα,
1631 3152 1774 3186 Reciproca
1786 3153 1922 3185 animum,
1944 3152 2051 3187 inquam
2063 3173 2071 3184 ‚
2095 3151 2197 3179 odiose.
2286 3153 2352 3181 Jbid.

201 3200 341 3227 Milouem.
437 3198 535 3224 Metius
550 3196 688 3222 Iuriscons.
701 3197 741 3222 tit.
764 3195 802 3220 De
816 3192 1011 3228 receptoribus,
1034 3191 1169 3219 Peffimum
1179 3212 1187 3224 ,
1206 3192 1246 3218 in.
1308 3190 1407 3216 Ennius
1420 3188 1602 3218 Andromeda,
1619 3188 1702 3214 Rufus
1715 3189 1805 3222 prosus
1819 3188 1965 3222 reciprocat
1985 3188 2079 3214 studius
2093 3188 2188 3215 feram.

204 3236 275 3267 quit,
295 3244 374 3270 genus
388 3233 424 3260 est
449 3240 631 3266 receptorum,
652 3231 704 3257 fine
726 3229 824 3266 quibus
847 3229 929 3256 latere
962 3236 1041 3254 nemo
1073 3228 1120 3254 diu
1153 3227 1246 3263 potest.
1346 3229 1676 3256 RECIPROCATIO,
1696 3224 1762 3250 oms.
1780 3223 1800 3250 f.
1834 3222 2003 3258 [ικίτις-ροφὴ]
2040 3223 2211 3259 Ρειιοςνςῐῖἶο.
2246 3223 2312 3249 Plin.
2327 3229 2353 3257 g,

202 3270 360 3298 Praeclarum
373 3275 492 3304 receptor
531 3267 622 3294 Tacit.
638 3267 704 3293 Ann.
717 3275 746 3300 4,
759 3275 798 3297 23,
812 3274 833 3298 3.
923 3264 970 3291 Sed
1000 3263 1135 3299 honorifico
1162 3264 1245 3290 titulo.
1308 3267 1340 3294 50
1354 3261 1372 3287 s.
1386 3262 1420 3295 76
1440 3261 1529 3293 Qmm
1541 3259 1730 3286 circumactum
1741 3258 1874 3293 angustiae
1886 3268 1940 3285 non
1955 3266 2091 3293 caperent,
2108 3267 2155 3285 nee
2167 3259 2353 3292 reciprocatio.

204 3305 308 3336 Moyses
321 3311 441 3339 receptor
461 3303 561 3331 ciuium
581 3302 701 3329 Prudent.
718 3303 815 3334 Hymn.
830 3300 923 3335 Epiph.
940 3308 966 3326 v.
981 3308 1039 3333 ¹44·
1116 3299 1248 3333 Receptor
1308 3305 1369 3323 nem
1384 3294 1524 3330 longitudo
1537 3294 1566 3321 in
1580 3294 1700 3323 exilitate
1713 3303 1795 3322 caeca.
1888 3294 1960 3320 Idem
1975 3303 2001 3327 9,
2016 3299 2029 3325 8
2055 3295 2199 3322 Obseruata
2212 3293 2294 3320 aestus
2309 3303 2351 3322 re-

203 3341 315 3367 oricntis
327 3340 523 3374 occidentisque
541 3340 649 3372 Eutrop.
665 3346 691 3371 9,
705 3346 730 3370 9.
756 3337 785 3363 dc
797 3337 934 3363 Aureliano
948 3336 1011 3370 Imp.
1259 3338 1295 3364 90
1308 3332 1495 3366 ciprocatione.
1607 3329 1680 3357 Idem
1696 3338 1727 3361 11,
1743 3339 1776 3364 24
1803 3329 1956 3364 Longitudo
1980 3330 2020 3356 sili
2038 3339 2052 3357 a
2073 3330 2201 3360 culmine,
2219 3337 2248 3355 ac
2261 3331 2350 3357 rursus

241 3382 259 3401 R
269 3382 284 3401 ις
294 3381 310 3400 c
321 3381 361 3401 ΞΡ
371 3382 392 3401 Τ
402 3382 420 3400 ιι
432 3383 438 3400 ι
450 3383 467 3401 x
477 3395 485 3407 ,
502 3375 557 3401 icis.
590 3373 610 3401 f.
647 3370 825 3408 [ὑποδέκτμοι]
861 3371 918 3399 Cic.
934 3372 1010 3397 Verr.
1024 3378 1051 3403 4,
1066 3377 1095 3404 17
1111 3378 1132 3396 c.
1146 3375 1160 3399 8
1179 3369 1246 3396 Tua
1308 3377 1323 3394 a
1344 3373 1414 3394 terra
1426 3375 1473 3401 per
1485 3365 1554 3393 illud
1566 3366 1652 3399 ipsum
1666 3365 1745 3392 velox
1760 3365 1950 3400 reciprocatio:
1985 3365 2014 3392 de
2027 3368 2134 3394 araneis.
2241 3365 2349 3392 Anima.

204 3410 329 3443 inquam,
349 3416 393 3436 tua
424 3411 552 3443 Meffana,
570 3416 677 3436 tuorum
701 3408 818 3435 adiutrix
836 3407 978 3438 scelerum,
998 3405 1143 3432 libidinum
1164 3405 1246 3438 testis,
1309 3412 1368 3440 rum
1387 3402 1506 3429 Tertull.
1520 3402 1552 3428 ad
1566 3402 1628 3428 Nat.
1643 3409 1654 3428 ι
1667 3410 1688 3428 c.
1702 3401 1750 3428 vlt.
1787 3404 1805 3427 ι’.
1816 3400 2018 3435 μετεμψύχωσις.
2122 3400 2273 3428 Errantiurn
2286 3401 2364 3428 fide--

203 3445 358 3479 praedarum
373 3454 401 3471 ac
417 3445 548 3472 furtorum
562 3445 702 3479 receptrix.
774 3443 848 3479 Conf.
870 3442 908 3469 lb.
919 3453 934 3476 5
945 3452 967 3469 c.
981 3445 1021 3469 62.
1112 3440 1158 3469 Sed
1170 3443 1245 3467 aliter
1306 3448 1367 3466 rum
1392 3438 1460 3465 Gell.
1475 3447 1515 3470 14,
1530 3446 1549 3464 1.

202 3482 292 3507 Terra
305 3481 427 3507 omnium
438 3482 566 3515 receptrix
604 3480 682 3516 Apul.
695 3480 724 3507 in
736 3479 838 3514 Asclep.
852 3487 877 3514 p.
891 3486 937 3514 77.
1027 3476 1101 3513 conf.
1128 3475 1202 3503 Ideni
1213 3476 1246 3503 de
1344 3482 1363 3501 R
1372 3481 1388 3501 E
1398 3481 1431 3501 C1
1443 3480 1457 3499 ι’
1466 3480 1485 3500 R
1496 3480 1515 3499 o
1526 3479 1572 3500 CA
1582 3478 1603 3498 T
1612 3478 1633 3498 v
1644 3479 1657 3500 s
1666 3492 1675 3504 ,
1694 3470 1734 3499 sis.
1770 3481 1806 3498 m.
1841 3471 2014 3507 Reciprocatu
2033 3468 2246 3498 inobedientium
2267 3480 2350 3500 mem.

199 3516 292 3544 Mund.
306 3525 331 3550 p.
344 3518 387 3542 66.
1259 3514 1291 3541 95
1312 3509 1424 3537 brorum
1446 3508 1582 3543 Augustin.
1597 3507 1629 3534 de
1643 3507 1736 3534 Genesi
1751 3508 1782 3534 ad
1796 3507 1836 3533 lit.
1854 3516 1888 3540 11,
1901 3516 1910 3534 1
1931 3515 1995 3534 extr.

237 3559 256 3578 R
266 3559 281 3578 E
294 3558 311 3578 c
322 3558 337 3578 E
348 3558 363 3577 P
373 3558 394 3578 T
407 3556 442 3578 113
450 3548 463 3577 ἴ
471 3556 488 3576 ι
498 3556 507 3576 1
518 3557 530 3575 s
540 3570 548 3583 ‚
568 3559 591 3577 e.
612 3551 672 3578 Adi.
709 3548 816 3585 August.
829 3548 861 3575 de
875 3548 959 3576 Trin.
971 3555 993 3582 5,
1007 3555 1031 3580 ¹3
1055 3547 1154 3576 Nostra
1167 3548 1247 3575 scien·
1344 3552 1365 3572 R
1375 3552 1392 3572 E
1400 3551 1486 3572 c11¹R
1497 3550 1516 3570 o
1526 3551 1542 3571 c
1552 3552 1561 3570 1
1569 3550 1585 3571 c
1594 3551 1613 3570 o
1624 3549 1644 3569 R
1654 3550 1676 3569 N
1687 3550 1695 3569 1
1705 3551 1717 3570 s
1725 3563 1733 3575 ,
1750 3552 1772 3570 e.
1793 3542 1852 3569 Adi.
1888 3545 1998 3570 Arietem
2009 3546 2079 3567 vocat
2093 3541 2350 3576 Reciprocieornem,

204 3587 240 3613 tia
254 3587 288 3613 est
301 3586 445 3613 amissibilis
457 3591 482 3612 et
494 3586 665 3620 receptibilis.
734 3585 809 3622 Conf-
827 3584 905 3619 Vulg.
919 3584 999 3611 Sirac.
1013 3592 1038 3615 2,
1050 3592 1072 3617 5.
1308 3581 1448 3608 lanicutem
1457 3601 1465 3613 ,
1484 3579 1655 3607 restio-ahum
1680 3578 1774 3606 Laber.
1786 3585 1825 3614 ap.
1840 3579 1870 3605 T
1872 3578 1959 3606 ertull.
1974 3577 2005 3603 de
2018 3576 2080 3603 Pall.
2094 3585 2116 3602 c.
2133 3585 2153 3604 1.

240 3628 532 3653 Recrr'rimvs,
550 3630 581 3653 a,
602 3631 655 3647 um.
685 3621 746 3648 Adi.
782 3620 1002 3656 Qiodrecipitur,
1021 3622 1040 3646 i.
1053 3622 1190 3650 retinetur,
1206 3627 1246 3645 ex.
1346 3623 1365 3643 R
1380 3623 1397 3642 E
1412 3621 1428 3641 c
1444 3623 1453 3641 1
1467 3622 1480 3642 s
1493 3622 1517 3643 A
1531 3622 1557 3642 M
1573 3621 1590 3642 E
1608 3621 1630 3641 N
1646 3621 1668 3641 T
1682 3621 1702 3642 v
1719 3620 1761 3647 Μ,
1798 3621 1846 3642 RE
1861 3622 1878 3642 c
1893 3621 1904 3641 1
1920 3621 1933 3641 s
1947 3620 1958 3639 1
1974 3618 2013 3645 ο,
2044 3617 2065 3637 R
2079 3618 2096 3639 E
2111 3618 2129 3638 c
2148 3620 2159 3639 1
2174 3619 2188 3639 s
2203 3620 2224 3640 v
2237 3620 2267 3646 s,
2293 3613 2347 3640 vid.

207 3660 301 3692 cipitur
310 3677 316 3687 ,
336 3658 486 3693 restruatur.
556 3656 719 3691 Recepticius
738 3658 842 3689 seruus,
863 3657 963 3691 Nuptae
983 3656 1095 3682 mulieris
1110 3657 1248 3690 proprius,
1309 3657 1331 3679 R
1340 3659 1357 3679 Ε
1367 3657 1384 3678 C
1394 3652 1407 3677 f
1416 3657 1434 3676 D
1445 3657 1474 3677 o.
1895 3681 1899 3683 .

204 3701 272 3727 quem
278 3693 387 3727 scilicet,
397 3701 468 3727 quum
483 3691 561 3718 dotem
575 3695 664 3718 marito
679 3692 758 3725 darei,
776 3691 820 3724 fibi
829 3691 973 3729 reseruauit.
1009 3692 1047 3717 De
1061 3699 1107 3726 quo
1117 3689 1149 3723 gli
1165 3690 1301 3726 dispu-ioo
1345 3694 1364 3714 R
1374 3693 1390 3713 E
1402 3692 1418 3712 C
1431 3686 1443 3712 i
1451 3692 1517 3718 To,
1534 3689 1588 3712 are.
1625 3684 1809 3719 [ἐναγινώσκω]
1843 3684 1967 3723 Scriptura
1979 3683 2048 3710 clara
2062 3689 2164 3715 voc-emt
2176 3684 2223 3710 alii
2234 3682 2349 3716 audiant,

203 3729 344 3754 ratiuncula
356 3727 423 3763 apud
435 3727 503 3754 Gell.
522 3734 556 3760 15,
570 3729 595 3753 6.
631 3733 655 3753 et
666 3726 739 3753 Non.
752 3736 772 3759 ι,
785 3729 836 3763 267
851 3738 856 3753 ε
890 3726 934 3754 vbi
947 3725 1074 3788 regellitur
1095 3735 1174 3752 corum
1193 3729 1245 3761 opz'-
1307 3721 1510 3757 intelligamque,
1532 3722 1620 3782 legere.
1654 3721 1711 3747 Cic.
1731 3722 1808 3747 Verr.
1822 3729 1848 3752 2,
1863 3729 1889 3753 23
1908 3718 1979 3752 Qud
1993 3727 2043 3752 ego
2056 3727 2124 3745 nunc
2137 3718 2180 3745 hic
2196 3719 2264 3745 Sext.
2274 3720 2348 3746 Pom-

204 3765 246 3789 m'o
256 3783 264 3795 ‚
278 3766 321 3797 qui
332 3763 560 3798 interpretabamur
568 3762 667 3798 seruum
679 3771 789 3797 nequam,
805 3772 872 3798 quem
888 3762 964 3789 redhi
987 3761 1054 3788 itum
1068 3760 1193 3788 venditor
1205 3770 1246 3787 re·
1310 3758 1363 3794 peii
1392 3757 1487 3784 Chlori
1517 3762 1542 3782 te
1567 3755 1699 3783 imonium
1731 3757 1839 3784 recitem
1854 3756 1863 3782 3
1976 3753 2098 3781 Recitare
2113 3753 2275 3788 identidem,
2293 3753 2346 3781 vid.

202 3799 293 3832 cipere
304 3795 403 3826 matius
416 3797 470 3830 effi’t
481 3817 489 3830 ‚
509 3804 533 3824 et
547 3807 607 3824 vera
618 3796 792 3831 confirmatur,
812 3806 884 3833 quam
897 3798 1049 3824 declaramus
1062 3799 1089 3822 in
1110 3802 1244 3823 1³EC1P10.
1310 3799 1400 3821 JDEM.
1508 3792 1585 3819 Clare
1598 3791 1710 3818 recitare
1745 3792 1827 3819 Plaut.
1846 3791 1875 3817 in
1887 3789 1953 3816 Pers.
1968 3797 1997 3821 4,
2011 3797 2032 3821 3,
2043 3797 2083 3821 30.
2177 3789 2292 3817 Carmen
2308 3798 2347 3816 re-

201 3842 229 3860 n.
243 3841 265 3865 5.
372 3832 524 3869 Recepticia
548 3833 599 3861 don
618 3831 688 3868 apud
710 3832 808 3861 Caium
827 3833 846 3860 l.
866 3842 890 3865 31
911 3832 935 3870 §.
948 3841 965 3861 2
984 3833 1017 3859 D.
1031 3831 1064 3858 de
1080 3838 1161 3860 mort.
1177 3833 1244 3860 caus.
1308 3829 1390 3856 citare
1406 3827 1488 3855 Ouid.
1505 3835 1538 3866 ex
1554 3827 1627 3853 Pont.
1641 3835 1664 3858 3,
1679 3835 1701 3858 ς,
1715 3835 1754 3860 39.
1848 3824 1968 3852 Εάἰὲἲυιιι
1982 3825 2092 3851 recitare
2119 3823 2176 3851 Cic.
2192 3834 2241 3859 pro
2253 3825 2345 3859 Qiint.

200 3869 290 3896 donat.
1252 3866 1298 3894 10⁵
1306 3873 1345 3899 39.
1439 3862 1549 3891 Credite
1569 3870 1613 3889 me
1631 3861 1737 3890 Folium
1749 3862 1826 3890 vobis
1840 3860 1950 3889 recitare
1964 3859 2078 3892 Sibyllae
2113 3860 2233 3888 quenal.
2246 3866 2276 3894 8,
2294 3860 2346 3889 126.

2288 3895 2309 3922 C
2312 3890 2345 3921 ic.
