2434 4156
333 125 398 162 4¹9
706 107 980 150 SER
1787 106 2108 150 SEs

372 202 386 223 8
398 201 415 221 Ε
426 201 445 222 R
457 201 479 222 V
488 202 498 222 1
508 195 559 223 TV
569 201 588 224 R
598 203 653 230 VS,
671 207 694 229 a,
715 207 769 225 um.
789 198 882 224 Partic.
910 194 1058 230 [δελεάσων]
1083 202 1120 228 vt,
1143 195 1276 230 Capitolia
1289 195 1370 223 serui-
1468 202 1482 223 S
1492 203 1535 223 ER
1546 199 1582 221 {T
1592 203 1612 222 Α
1623 202 1647 227 8,
1672 195 1730 221 «ἱεὶς.
1767 195 1787 221 f.
1841 195 1987 227 symmach.
2011 199 2090 234 Epist.
2104 207 2128 232 3,
2142 205 2173 229 28
2191 199 2283 227 Define
2296 201 2366 231 anim
2373 206 2379 235 '1‘
2408 223 2411 229 .

330 235 390 258 tura
404 232 450 258 suo
463 232 572 267 Canopo
587 233 666 260 Ouid.
680 235 743 260 Met.
761 241 793 266 15,
809 239 860 261 828.
1434 229 1519 257 strum
1529 232 1699 266 epistolarum
1713 230 1818 256 scritate
1832 232 1933 257 metiri.

371 273 385 293 s
398 273 413 293 E
422 273 440 293 R
451 275 470 294 v
479 275 488 294 1
497 274 513 294 E
522 275 543 294 N
553 276 574 295 T
584 277 592 295 1
601 276 634 301 A,
648 278 687 296 ae.
703 270 723 296 f.
745 270 925 301 Paupertatem
939 272 964 292 et
978 267 1147 293 seruientiam
1160 265 1275 292 tolerare
1289 265 1371 292 Plaut.
1471 273 1485 293 s
1495 273 1512 293 Ε
1524 274 1544 292 R
1555 274 1570 293 E
1581 274 1593 292 s
1604 274 1620 293 c
1629 274 1657 297 o,
1676 266 1729 292 vid.
1745 265 1839 292 ordine
1852 266 2027 300 alphabetico.

332 301 402 328 Rud.
417 311 444 336 4,
459 311 484 336 2,
498 312 530 336 13.
548 307 565 331 i.
575 305 728 340 seruitutem.
765 304 891 329 Caeterum
904 300 937 334 est
945 311 974 327 cx
987 303 1123 329 coniet‘lura
1132 302 1279 333 Camerarzi,
1298 309 1370 336 quam
1472 308 1486 328 S
1494 308 1511 328 Ε
1522 308 1542 328 R
1552 309 1572 328 v
1583 310 1602 329 V
1611 310 1635 334 s,
1649 301 1702 329 vid.
1718 309 1731 328 S
1739 308 1755 328 E
1766 308 1784 327 R
1793 308 1814 328 V
1823 308 1851 328 Ο.

329 344 439 373 recepere
451 341 504 366 viri
515 340 613 375 quidam
625 338 702 366 dom.
739 340 782 365 At.
790 337 959 363 Sententiam.
1393 343 1408 371 ς
1566 368 1567 371 ¹

368 379 381 399 S
391 374 434 400 ΕΚ
444 381 465 400 V
474 382 497 407 8,
513 385 535 406 a,
549 384 602 401 um.
622 375 681 401 Adi.
701 372 784 406 [ὄψιας
798 372 891 404 iniquos,
906 372 1056 406 ὃφιτέλεςος]
1076 373 1179 406 Proprie
1192 372 1305 397 ultimam
1308 376 1370 405 par·
1824 363 1843 393 S
1941 364 1968 394 E
2063 366 2083 397 S

331 408 581 446 temdieifigrificat,
594 417 623 436 vt
636 413 663 435 in
677 411 751 434 tituto
767 408 865 433 Satirae
875 408 1012 440 Varronis,
1026 408 1116 434 Nescis
1125 406 1189 441 quid
1202 407 1271 433 serus
1280 406 1371 439 vesper
1471 414 1483 434 s
1492 414 1509 434 ε
1518 415 1540 434 s.
1575 410 1605 434 In
1619 408 1793 444 Compositione
1802 411 1919 448 *antiquis
1926 408 2088 445 figntficabat
2105 411 2203 444 Semis,
2226 418 2256 439 vt
2273 422 2327 440 mox
2336 418 2369 442 υὶι
2392 429 2395 433 ι

330 444 407 471 ferat.
441 447 537 472 Deinde
545 446 628 471 serum
641 444 745 475 dicitur,
758 443 880 477 quidquid
884 443 982 470 tardius
983 443 1028 478 fit,
1036 452 1107 478 quam
1112 444 1186 477 solet,
1199 442 1275 472 debet,
1289 441 1370 480 exspe-
1435 442 1587 469 Sestertium
1601 444 1644 478 effe
1653 445 1734 471 Semis
1746 451 1867 476 tertium,
1884 451 1913 470 vt
1927 446 1974 471 duo
1980 444 2035 478 Jint
2049 449 2157 482 integra,
2174 448 2220 474 duo
2233 447 2301 482 asses,
2310 450 2369 485 [ραι
2405 452 2407 454 “

330 478 424 511 statur,
432 483 672 516 optatur‚mctuitur,
680 485 725 504 etc.
761 478 843 504 Plaut.
864 498 870 504 .
890 498 896 504 .
915 498 922 505 .
948 478 1020 512 Qiid
1033 485 1085 504 tam
1093 479 1148 504 sera
1161 478 1285 504 aduenis?
1313 478 1370 503 Cic.
1433 486 1482 503 non
1494 481 1634 514 integrum,
1653 489 1737 507 verum
1753 480 1831 506 semis
1844 486 1951 506 tantum.
1987 481 2056 507 Hinc
2070 481 2180 516 sesque,
2199 490 2249 518 pro
2263 492 2307 519 quo
2319 485 2370 522 Sesq
2394 512 2395 515 ,

329 515 403 542 Fam.
416 525 439 548 2,
452 524 469 550 7
489 517 547 542 Sera
561 514 702 548 gratulatio
711 512 869 547 reprehendi
881 523 935 540 non
949 514 1029 545 solet,
1045 514 1197 547 praesertim
1212 513 1229 540 fi
1242 513 1313 539 nulla
1326 521 1370 538 ne·
1387 524 1417 542 10
1433 515 1544 546 malunt,
1562 514 1626 540 idem
1640 514 1673 548 esi
1687 516 1750 551 quod
1763 515 1897 548 Semisque
1912 535 1921 547 ‚
1941 522 1971 541 vt
1983 525 2039 542 mox
2049 517 2186 544 videbimus
2198 522 2225 545 in
2241 525 2253 544 8
2263 525 2301 546 Es
2339 528 2370 548 v]
2393 533 2404 551 ,a

329 551 457 585 gligentia
474 550 648 585 praetcrmiffa
662 548 706 574 est.
744 549 861 576 Martial.
875 552 924 579 1‚16
960 550 1019 575 Sera
1033 549 1113 575 nimis
1129 550 1182 576 vita
1196 549 1232 575 est
1246 548 1370 579 crastina,
1431 555 1518 583 quente
1531 551 1612 576 vocali
1629 556 1649 576 v
1664 558 1761 577 mutant
1773 551 1898 577 interdum
1913 557 1958 589 mxv
1968 554 1994 576 in
2011 557 2040 578 c.
2079 554 2148 579 Hinc
2157 553 2315 586 Sesculysses,
2348 565 2374 583 es·

328 587 393 614 vine
407 586 497 613 hodie.
532 585 613 611 Ouid.
629 585 690 611 Met.
699 586 725 616 6,
734 592 765 616 30
786 584 935 611 Serisvcnit
951 584 1139 610 vsusabannis.
1172 584 1287 611 Martial.
1303 590 1326 616 8,
1341 592 1370 616 39
1433 584 1601 618 Sescuplum,
1621 585 1650 611 de
1668 587 1755 621 quibus
1766 585 1858 620 statim
1867 584 1924 621 post
1945 592 2125 614 SESCENAR.
2167 588 2225 615 Vid.
2247 591 2352 618 Gronau.
2367 605 2370 618 1
2386 604 2394 611 ’-

328 622 546 649 adDomitianum.
582 621 635 646 Ess‘e
648 620 714 646 velis
726 628 775 645 oro
789 620 861 646 serus
878 620 990 646 conuiua
1005 619 1149 651 Tonantis,
1164 624 1181 646 i.
1195 621 1370 656 scropermor-
1437 620 1492 646 Vet.
1506 628 1525 652 1,
1538 628 1550 651 3
1563 629 1587 653 p.
1602 627 1636 652 15.
2084 647 2086 650 ,

328 664 378 684 cem
390 658 458 683 abire
476 660 502 681 in
515 657 614 683 caelum.
650 655 808 689 crepuscula
821 656 875 682 sera
890 656 971 682 Ouid.
980 656 1045 681 Met.
1060 664 1081 688 1,
1094 665 1146 689 219.
1166 656 1282 682 Frondes
1292 657 1371 685 serae,
1469 660 1482 680 S
1491 662 1507 681 E
1516 662 1529 681 8
1539 654 1591 681 AM
1600 663 1634 688 A,
1652 665 1692 684 ae.
1712 657 1733 683 f.
1769 660 1799 684 it.
1821 665 1834 684 8
1843 664 1859 683 E
1870 663 1944 684 SAM
1954 663 1974 681 V
1983 664 2019 689 Μ,
2037 657 2056 684 i.
2076 667 2102 685 n.
2138 658 2283 694 [σῆσσιμος]
2319 661 2387 689 Gen:

329 693 381 719 i.e.
391 693 454 718 Sero
462 691 579 717 cadentes
588 691 662 723 Virg.
671 691 768 723 Georg.
777 699 798 721 2,
806 700 862 724 403.
877 691 948 716 Seru.
985 691 1088 718 Irascra
1097 691 1158 718 Stat.
1171 691 1264 718 Theb.
1278 700 1301 723 ς,
1315 693 1369 720 688-
1390 705 1414 726 15
1432 693 1509 716 menti
1521 691 1614 717 Inditi-
1735 692 1801 719 Plin·
1817 698 1852 725 18,
1866 702 1894 718 10
1922 692 2028 719 Aestiua
2046 694 2178 720 frumenta
2192 695 2324 728 diximus,
2341 691 2389 724 sel

330 730 406 762 Virg.
429 728 526 761 Georg.
542 735 560 757 1,
574 734 615 758 251
636 726 697 751 Sera
709 726 805 752 rubens
826 725 944 752 accendit
963 725 1064 752 lumina
1081 728 1180 762 vesper.
1216 728 1276 754 Sera
1291 730 1371 762 igitur
1432 725 1540 752 milium
1555 745 1563 758 ,
1583 727 1715 760 panicum,
1753 728 1854 754 Sesama
1867 728 1900 754 ab
1910 729 1981 754 Indis
1994 729 2079 761 venit,
2095 735 2122 756 et
2134 738 2166 756 ex
2180 739 2210 756 ea
2221 730 2310 757 oleum
2323 740 2377 761 cont

328 764 432 794 Iumina,
444 771 503 797 quae
517 761 574 796 sero
585 761 611 796 s.
630 762 726 796 vespere
742 762 917 788 accenduntur.
952 762 1026 796 Virg.
1048 763 1145 797 Georg.
1157 773 1178 794 2,
1198 770 1238 796 521
1275 762 1370 789 Tarda
1433 761 1517 787 Color
1530 761 1586 787 eius
1600 763 1732 789 candidus.
1774 764 1844 790 Huic
1858 763 1940 790 limile
1955 764 1991 790 est
2006 766 2034 790 in
2049 764 2122 796 Afia,
2146 766 2308 800 Graeciaque
2323 768 2387 800 eryt

328 799 410 828 venit,
430 797 494 823 seris
515 796 616 823 faena-a
639 796 781 831 nepotibus
800 797 930 824 vmbram.
964 797 993 823 cle
1006 798 1107 825 arbore.
1143 799 1205 825 Nox
1227 799 1282 824 sera
1295 798 1370 832 Virg.
1433 796 1644 836 idemque—erat,
1674 798 1722 824 nisi
1737 798 1860 833 pinguius
1881 800 1960 832 ess'et,
1988 800 2060 834 quod
2079 801 2147 834 apud
2170 810 2218 827 nos
2238 808 2332 829 vocant
2347 804 2388 831 ir:v
2422 821 2425 824 >

327 833 380 861 Ecl.
395 838 418 864 8,
432 837 462 862 88
475 830 533 868 post
547 832 670 868 vesperam
683 835 811 869 ingruens.
849 832 927 858 Pedes
940 833 1020 865 seros,
1033 834 1154 869 serasque
1167 836 1293 860 aflinnere
1307 842 1369 867 pen·
1433 832 1654 859 medicaminibus
1667 834 1893 861 adnumerandum
1908 836 2007 869 potius,
2020 845 2099 869 quam
2112 837 2243 871 frugibus.
2349 839 2377 866 Pl

326 877 373 895 nas
390 867 473 894 Ouid.
490 868 556 894 Met.
577 876 618 900 15,
640 875 697 902 384.
769 869 854 894 Poena
873 874 959 894 tamen
979 869 1064 895 tacitis
1083 871 1138 896 sera
1157 871 1231 896 venit
1255 869 1368 903 pedibus
1384 876 1418 894 20
1435 869 1515 895 Poen.
1531 877 1549 898 1,
1563 876 1631 899 2,112
1651 869 1732 895 Nihil
1746 869 1795 895 nili
1808 870 1956 902 laterculos,
1970 872 2106 904 sesamum,
2126 880 2364 908 papaueremque,t
2386 870 2388 874 ’

326 903 434 930 Tibull.
450 912 470 935 1,
485 911 522 934 ιο,
537 912 558 935 3.
628 903 765 930 Posteritas
779 904 832 929 sera
846 903 928 931 Ouid.
942 912 974 930 ex
982 905 1119 939 Pont.1,4,
1132 915 1171 939 24.
1243 905 1370 939 Segnities
1435 909 1461 930 et
1481 903 1572 930 frictas
1593 913 1679 930 nuces.
1804 905 1922 932 Mellitos
1942 907 2088 933 verborum
2108 908 2230 942 globulos
2250 914 2276 934 et
2296 911 2377 937 omni

324 940 392 971 sera,
406 939 561 974 Qeaeseros,
574 938 604 964 id
613 938 645 973 est
659 938 756 971 tardos,
768 939 841 974 facit
855 940 928 974 Virg.
943 940 1007 966 Aen.
1026 950 1046 972 2,
1061 948 1114 975 373.
1185 940 1321 975 Spe&ator
1334 941 1371 966 se·
1433 939 1557 973 factaque
1570 939 1639 973 quafi
1653 948 1782 974 papauere
1798 946 1823 966 et
1836 942 1932 968 sesamo
1945 943 2028 977 sparsa
2036 944 2168 970 Petron.c.
2179 953 2198 969 1.
2296 944 2375 973 Seram

323 983 371 1001 rus
386 975 501 1001 Martial.
516 983 534 1005 1,
548 983 592 1007 24.
697 974 791 1001 Serum
811 974 848 1001 est
868 975 977 1001 cauendi
996 976 1117 1010 Tempus
1130 977 1158 1002 in
1177 976 1272 1002 mediis
1294 976 1370 1001 malis
1433 984 1489 1002 nere
1509 977 1622 1007 Neutro,
1648 983 1672 1001 et
1691 976 1791 1002 Sesama
1809 979 1836 1002 in
1857 977 1954 1004 Plurali
1966 979 2067 1014 saepius
2086 979 2153 1014 apud
2165 978 2375 1014 Columella1n‚·.

323 1010 385 1037 Sen.
399 1010 518 1042 Thyeste
535 1019 561 1036 v.
575 1015 637 1043 487.
732 1010 830 1044 Vesper
843 1011 912 1037 serus
920 1011 997 1045 Virg.
1017 1012 1115 1047 Georg.
1136 1021 1154 1044 1,
1167 1014 1228 1045 462.
1323 1012 1368 1037 Vi-
1433 1011 1530 1037 Sesami
1544 1011 1679 1038 sextarius.
1696 1011 1754 1038 add.
1770 1011 1835 1038 Plin.
1851 1021 1918 1046 15,7.
1985 1015 2051 1040 Cels.
2060 1022 2083 1047 5,
2094 1023 2118 1047 15
2137 1022 2160 1041 et
2173 1020 2198 1045 18
2212 1023 2238 1041 n.
2253 1024 2289 1047 27.
2357 1017 2378 1044 Α,

324 1055 368 1073 res
381 1047 452 1072 serae
465 1045 496 1071 ad
510 1044 612 1079 aliquid
621 1044 797 1079 agendumld.
807 1047 872 1072 Aen.
882 1053 905 1079 3,
913 1054 971 1079 509.
1023 1047 1099 1082 Virg.
1114 1048 1302 1081 Georg 4,‚144
1320 1046 1367 1087 ille
1387 1053 1416 1079 25
1432 1046 1518 1073 Herb.
1532 1056 1553 1073 e.
1560 1055 1605 1079 49.
1712 1047 1813 1073 Sesama
1826 1057 1841 1074 a
1856 1048 2006 1075 Columella
2019 1060 2041 1083 2,
2055 1058 2072 1085 7
2095 1051 2166 1077 inter
2180 1051 2327 1085 Legumina
2362 1066 2376 1074 -·

323 1082 405 1108 etiam
417 1082 484 1107 seras
497 1081 525 1106 in
539 1082 643 1106 versum
656 1080 757 1108 distulit
769 1082 865 1108 vlmos.
924 1082 1041 1109 Maiores
1059 1087 1240 1118 interpretatur
1254 1082 1368 1109 Seruius.
1435 1088 1488 1109 tur.
1558 1083 1632 1108 Idem
1650 1091 1708 1113 2,10
1729 1083 1839 1114 Sesama,
1853 1092 1919 1117 quae
1934 1085 2053 1119 rigantur
2069 1086 2208 1117 maturius,
2223 1094 2268 1112 etc.
2350 1095 2357 1102 ν’

1684 1117 1689 1125 t

324 1118 418 1152 Nempe
430 1126 490 1152 quas
503 1116 609 1150 differre
628 1123 651 1142 et
664 1119 852 1152 transplantare
863 1119 965 1154 vulgari
977 1120 1100 1154 agricolae
1115 1121 1200 1145 serum
1215 1117 1294 1154 visum
1308 1117 1371 1151 efflet.
1432 1118 1565 1144 Sesamum
1601 1119 1734 1151 [Σησαμον
1747 1119 1850 1154 steph]
1888 1119 1957 1146 Vrbs
1978 1120 2171 1156 Paphlagoniae
2193 1121 2280 1156 postea
2295 1122 2384 1151 Amaffl

322 1153 466 1186 Mart.4‚40
473 1152 522 1179 Nil
530 1153 628 1184 facis‚et
636 1153 721 1178 serum
728 1152 852 1179 estalium
860 1154 928 1180 mihi
936 1162 1158 1188 quaerereregem
1167 1152 1370 1189 intempestiuum,
1432 1153 1527 1188 pellata
1542 1154 1608 1180 Plin.
1624 1156 1651 1186 6,
1666 1162 1686 1179 2.
1796 1155 1929 1190 Sesamus,
1941 1156 2027 1182 Melae
2041 1165 2061 1189 1,
2070 1166 2110 1183 20.
2358 1186 2359 1189 Ἰ

323 1191 400 1214 nimis
415 1187 522 1214 tardum.
559 1187 632 1223 Cous.
652 1188 803 1224 Brouckhus.
822 1189 857 1215 ad
869 1189 975 1215 Tibull.
991 1198 1010 1221 1,
1029 1198 1056 1222 9,
1077 1199 1112 1221 ⁴³1·
1149 1190 1206 1216 Seri
1222 1189 1370 1215 studiorum
1469 1196 1506 1215 SE
1516 1196 1528 1216 s
1538 1196 1592 1215 AM
1602 1189 1614 1216 i
1624 1197 1645 1215 Ν
1655 1195 1676 1214 V
1686 1195 1709 1222 S,
1729 1198 1754 1222 a,
1774 1199 1827 1217 um.
1865 1191 1925 1217 Adi.
1962 1192 2129 1228 [σησάμινος]
2165 1200 2205 1226 vt,
2218 1193 2373 1222 Sesaminum

322 1223 442 1250 Horatio
455 1224 504 1249 Sat.
516 1233 534 1254 1,
550 1232 589 1255 10,
604 1232 631 1249 21
644 1223 708 1259 fiant
723 1223 834 1257 lmioffl,
847 1228 890 1260 qui
897 1225 955 1260 sero
970 1224 1078 1260 discunt,
1092 1232 1135 1251 aut
1147 1225 1289 1251 didicerunt
1295 1225 1369 1261 Jcili-
1384 1235 1415 1259 30
1431 1223 1497 1251 Plin.
1507 1233 1544 1257 23,
1552 1234 1579 1257 4.
1656 1224 1730 1251 idem
1745 1232 1782 1258 28,
1798 1234 1834 1252 11.

321 1265 370 1290 cet,
384 1260 527 1294 nequefiint
539 1257 709 1291 παιδομαθὲῐς,
717 1259 765 1295 sed
777 1259 916 1292 ὅφιμικθὲἱς.
953 1261 1084 1292 Quinetil.
1100 1270 1118 1292 1,
1133 1269 1167 1293 12,
1180 1270 1196 1294 9
1217 1262 1307 1295 Qiare
1320 1261 1369 1295 qui
1468 1267 1480 1286 s
1490 1267 1506 1286 E
1515 1267 1527 1300 8
1536 1267 1589 1286 ΑΜ
1600 1267 1619 1286 0
1630 1260 1669 1286 1'D
1679 1267 1729 1292 Es,
1755 1262 1785 1287 is.
1805 1262 1826 1287 f.
1845 1259 2040 1296 [σησαμοειδής]
2060 1263 2151 1290 Herba
2164 1272 2179 1291 a
2192 1263 2377 1292 similitudine»

320 1294 352 1321 in
362 1295 407 1321 sua
416 1294 535 1329 quidque
542 1300 598 1320 arte
609 1294 710 1328 optime
723 1295 832 1326 faciunt,
845 1294 1006 1327 παιδομαθῐίς
1019 1297 1151 1323 dicuntur.
1189 1298 1264 1331 Virg.
1273 1298 1336 1322 Aen.
1345 1304 1368 1329 5,
1433 1302 1550 1330 accepit,
1569 1304 1650 1329 grano
1662 1304 1768 1329 amar0,
1789 1297 1858 1323 folio
1879 1297 1994 1324 minore.
2031 1299 2157 1326 Nascitur
2174 1300 2203 1326 in
2221 1299 2351 1334 glareosis.

319 1337 372 1363 524
391 1330 505 1363 Seraque
518 1329 629 1356 terrifici
650 1330 802 1357 cecinerunt
815 1333 913 1358 Omina
928 1337 1007 1363 vates,
1020 1332 1112 1359 exitum
1120 1333 1163 1359 diu
1172 1331 1228 1368 post
1243 1333 1369 1360 habitura.
1432 1331 1473 1357 hit
1488 1330 1570 1357 bilem
1583 1331 1612 1357 in
1627 1339 1692 1364 aqua
1705 1338 1804 1364 potum.
1856 1332 1948 1359 Semen
1962 1333 2079 1361 illinitur
2092 1335 2149 1370 igni
2163 1336 2252 1368 sacro,
2271 1335 2374 1362 discuti

319 1365 396 1392 Idem
409 1373 442 1396 12,
457 1368 508 1397 864
523 1365 552 1390 de
564 1363 664 1397 noma,
685 1365 776 1391 Serum
792 1367 862 1392 canit
876 1367 1028 1400 importuna
1043 1376 1090 1402 per
1103 1368 1219 1401 vmbras,
1232 1371 1250 1394 i.
1257 1368 1367 1403 vesperi:
1430 1367 1472 1394 Est
1487 1367 1646 1399 etiamnum,
1670 1366 1742 1392 aliud
1756 1367 1915 1393 Sesamoides
1930 1370 2070 1401 Anticyrae
2083 1372 2205 1404 nascens,
2228 1371 2300 1406 quod
2316 1366 2379 1398 ide

316 1399 516 1428 Aduerbialiter.
553 1399 873 1435 SicVirg.Georg.4,122
893 1402 950 1428 Nec
964 1403 1019 1428 sera
1042 1410 1190 1430 comantem
1211 1404 1368 1435 Narcitsum‚
1385 1414 1411 1440 35
1431 1403 1605 1434 Anticyricon
1620 1408 1727 1429 vocant:
1747 1408 1848 1429 caetera
1857 1402 1940 1430 simile
1951 1405 2099 1439 erigeronti
2110 1405 2217 1435 herbae.
2272 1408 2341 1434 Haec
2366 1410 2369 1429 ἶ

319 1436 339 1463 i.
350 1436 440 1462 e.sero
448 1436 525 1462 flores
534 1435 682 1466 habentem,
692 1435 765 1461 Seru.
962 1435 983 1473 ἢ
1004 1446 1020 1463 2
1055 1437 1211 1471 Subslantiue
1219 1437 1368 1471 ὅψίαβώλη,
1431 1447 1468 1472 25.
1487 1439 1554 1474 cons.
1570 1438 1609 1464 Id.
1624 1446 1663 1469 25,
1676 1447 1698 1468 5.

319 1471 444 1498 Extrema
459 1480 517 1505 pars
532 1470 595 1497 diei.
632 1471 703 1497 Suet.
717 1471 744 1497 in
754 1470 860 1506 August.
869 1480 890 1497 c.
902 1479 931 1506 17
950 1472 981 1498 In
990 1473 1254 1506 serumrdimicationc
1268 1481 1370 1508 protra-
1468 1481 1481 1500 s
1491 1481 1507 1500 E
1517 1481 1529 1499 8
1540 1480 1561 1499 Λ
1572 1480 1594 1499 N
1606 1481 1643 1500 1v
1653 1481 1688 1500 M.
1709 1474 1845 1508 Oppidum
1858 1475 2055 1511 Cataduporum
2066 1477 2094 1504 in
2109 1477 2206 1504 Arabia
2214 1478 2323 1512 regione
2335 1475 2375 1504 P1i⁴

318 1507 372 1539 fia,
385 1513 414 1533 vt
428 1508 457 1533 in
469 1506 531 1533 naui
546 1506 634 1533 vidior
647 1506 852 1541 pernotSlauerit.
867 1510 887 1533 i.
901 1509 932 1533 In
951 1507 1038 1534 horam
1056 1509 1230 1544 vejpertinam.
1267 1511 1328 1536 Liu.
1342 1517 1370 1544 7,
1468 1516 1481 1536 8
1491 1517 1506 1536 E
1516 1517 1528 1536 8
1538 1512 1580 1536 ΟΕ
1592 1516 1613 1534 Ν
1625 1517 1645 1536 Α
1657 1517 1687 1544 R,
1708 1511 1768 1536 aris.
1804 1521 1839 1537 m.
1877 1512 1937 1538 Liu.
1952 1521 1993 1546 41,
2001 1520 2025 1545 15
2046 1516 2110 1546 (19)
2130 1514 2221 1550 Consul
2231 1520 2337 1546 narrat,
2350 1513 2385 1540 Es

318 1547 335 1573 8
354 1544 507 1570 Castrorum
520 1543 716 1576 oppugnatione
734 1542 797 1577 quia
811 1543 898 1569 serum
911 1550 967 1570 erat
981 1543 1045 1576 diei,
1059 1545 1216 1572 abstinuere.
1231 1545 1300 1571 Ibid.
1321 1545 1369 1571 lib.
1433 1545 1561 1577 scenaris,
1575 1554 1653 1579 quem
1666 1546 1867 1580 immolauisset,
1887 1548 1961 1574 iecur
1976 1548 2118 1576 defluxisse.
2154 1554 2172 1577 i.
2187 1549 2307 1582 Sescena,
2325 1550 2377 1576 vel·

320 1587 361 1605 ιο.
397 1579 428 1605 Ιη
441 1579 536 1609 serum,
549 1579 599 1604 vid.
617 1585 661 1604 IN.
696 1578 804 1612 Iamque
822 1579 880 1604 sero
900 1579 955 1605 dici
972 1588 1004 1605 ex
1022 1580 1079 1606 acie
1098 1581 1220 1608 subducit
1237 1581 1370 1615 legionem
1388 1580 1586 1616 40ponttficiali
1596 1580 1717 1616 percuffi:
1737 1588 1766 1607 vt
1780 1586 1962 1617 interpretatur
1975 1584 2117 1611 Gutherius.
2171 1586 2263 1620 Nempe
2274 1581 2389 1621 fundum

317 1614 449 1641 faciendis
464 1613 552 1640 castris
565 1614 633 1640 Tac.
650 1614 717 1639 Ann-
730 1622 756 1646 2,
777 1622 817 1646 21,
832 1622 852 1646 5.
905 1615 971 1640 Rem
985 1615 1013 1641 in
1030 1617 1115 1642 serum
1137 1617 1240 1643 trahere
1254 1617 1314 1643 Liu.
1331 1625 1371 1649 32.
1429 1619 1585 1651 pretationis
1598 1618 1670 1651 huius
1684 1616 1756 1643 habet
1768 1617 1870 1645 Festum
1883 1620 1911 1645 in
1928 1619 2006 1646 Scena
2019 1640 2028 1653 ,
2052 1620 2120 1656 apud
2136 1629 2205 1656 quem
2215 1622 2265 1657 legi
2277 1624 2377 1656 'stiampt

318 1647 341 1687 fl
360 1658 372 1682 3
409 1650 522 1685 Compar.
543 1649 673 1675 Columel.
692 1658 724 1681 2,
743 1658 770 1675 10
786 1649 814 1675 tle
835 1651 919 1681 Lente,
938 1650 1057 1677 Sationes
1075 1653 1132 1678 eius
1146 1653 1207 1678 duas
1225 1653 1372 1679 struamus:
1431 1658 1471 1678 tat
1481 1659 1530 1687 pro
1540 1653 1635 1678 Sacena
1648 1653 1846 1685 sescena1u,uid.
1862 1661 1968 1681 SCENA
1983 1665 2008 1682 n.
2022 1666 2050 1690 4.
2088 1677 2094 1684 .
2129 1658 2302 1683 Succenturiat
2314 1659 2377 1683 ctiam
2396 1656 2399 1658 ’

317 1686 430 1712 alteram
443 1691 571 1711 maturam
587 1694 634 1719 per
648 1685 763 1711 mediam
777 1685 929 1718 sementim,
949 1686 1075 1714 seriorem
1095 1688 1205 1714 alteram
1224 1689 1311 1714 mense
1324 1689 1369 1715 Fe·
1432 1688 1631 1718 emendationem,
1643 1695 1725 1723 nempe
1740 1689 1873 1723 Sagcnaris
1883 1697 1931 1725 pro
1943 1691 2074 1725 Saginaris
2087 1695 2106 1718 i.
2120 1692 2243 1728 Saginali.
2278 1692 2325 1720 Sed
2335 1701 2377 1718 mut
2394 1694 2401 1719 ζ

317 1721 440 1748 bruai-io.
476 1720 551 1755 Conf.
567 1720 606 1747 Id.
620 1730 649 1754 4,
661 1728 701 1753 23.
739 1720 781 1746 Sic
796 1720 826 1746 ad
846 1721 973 1748 Lethaeas
995 1723 1042 1748 nisi
1064 1723 1176 1750 Nestore
1191 1724 1276 1751 serior
1289 1724 1370 1750 vndas
1431 1722 1536 1749 habilius
1550 1721 1583 1755 est
1595 1733 1648 1749 cum
1663 1724 1767 1750 Graeuia
1781 1726 1869 1761 praef.
1882 1726 1917 1752 ad
1927 1727 1998 1753 Tom.
2011 1737 2027 1761 5
2050 1728 2124 1763 Thes.
2136 1731 2198 1755 Ant.
2208 1730 2284 1763 legere
2291 1728 2374 1754 Sescen
2394 1741 2399 1745 -

317 1757 385 1785 Non
400 1763 442 1783 eat
461 1756 577 1782 Martial.
593 1764 620 1790 7,
633 1763 672 1789 95.
725 1756 802 1782 Aetas
817 1757 902 1783 serior
914 1757 1012 1784 Tibul.
1027 1767 1046 1790 1,
1059 1768 1085 1791 4,
1099 1767 1138 1791 33.
1242 1760 1318 1786 Hora
1333 1760 1370 1785 se·
1384 1758 1581 1793 45Sexcena1ii
1593 1758 1617 1785 b.
1632 1768 1651 1784 e.
1674 1760 1849 1786 sexcentarum
1869 1761 2007 1795 librarum,
2025 1763 2059 1788 ad
2071 1763 2232 1790 indicandam
2243 1764 2308 1790 illius
2321 1772 2377 1800 mag⁴

317 1793 378 1821 tior
391 1791 473 1819 Ouid.
488 1791 566 1826 Epist.
584 1800 621 1824 19,
635 1800 674 1825 14.
760 1792 789 1819 Id
804 1793 846 1826 spe
866 1793 987 1819 omnium
1008 1794 1090 1820 serius
1110 1795 1163 1821 fuit
1181 1795 1241 1821 Liu.
1257 1803 1288 1826 2,
1300 1802 1367 1831 3pr.
1431 1803 1500 1826 nem,
1517 1793 1698 1830 augendumque
1709 1797 1862 1822 miraculum.
1899 1797 1977 1824 Nihil
1991 1805 2067 1825 nouat
2080 1798 2206 1826 Drakenb.

317 1830 414 1864 Superi.
429 1827 496 1854 Plin.
512 1836 545 1861 15,
560 1835 585 1860 15
605 1827 706 1854 Patriae
719 1828 829 1854 nomina
846 1827 944 1854 habent
962 1829 1084 1856 serissima
1097 1830 1216 1856 omnium
1231 1832 1366 1857 Amerina.
1439 1846 1445 1852 ·
1468 1836 1480 1855 s
1490 1837 1506 1856 Ε
1516 1836 1528 1855 8
1537 1835 1579 1856 CE
1588 1837 1608 1856 N
1619 1837 1641 1856 Τ
1650 1837 1672 1861 1,
1689 1829 1741 1856 vid.
1762 1838 1774 1857 8
1784 1838 1801 1857 Ε
1810 1839 1829 1858 x
1839 1838 1857 1858 c
1868 1839 1884 1858 Ε
1894 1839 1917 1858 Ν
1928 1839 1949 1859 Τ
1959 1839 1978 1859 1.

319 1863 444 1891 Seriss'imi
467 1864 617 1889 suc-cellares
638 1863 705 1888 Vell.
726 1871 758 1896 2,
782 1872 818 1896 31,
837 1872 856 1890 1.
1073 1862 1093 1902 q
1115 1877 1128 1898 4
1169 1868 1207 1892 De
1226 1869 1368 1901 quantitate
1469 1871 1482 1891 s
1495 1871 1510 1890 r.
1519 1871 1555 1892 sc
1565 1873 1585 1891 v
1596 1872 1611 1890 L
1622 1872 1640 1891 Y
1650 1871 1662 1890 s
1672 1872 1684 1891 s
1694 1872 1710 1891 E
1720 1872 1733 1892 s
1742 1886 1750 1897 ,
1769 1873 1818 1901 pro
1837 1874 1850 1893 s
1861 1874 1877 1893 E
1891 1874 1904 1893 s
1914 1874 1967 1903 Qv
1976 1876 1986 1894 1
1997 1874 2018 1893 v
2030 1875 2046 1894 L
2055 1876 2074 1896 Y
2083 1875 2117 1896 ss
2126 1877 2142 1896 r.
2152 1876 2177 1903 s,
2196 1854 2226 1898 ia.
2248 1880 2282 1898 m.
2313 1869 2375 1897 Varr
2394 1879 2418 1887 -r

317 1900 432 1935 syllabae
441 1901 538 1934 prioris
553 1897 696 1930 notandum,
711 1907 761 1924 eam
774 1909 822 1924 non
836 1902 969 1934 ancipitem
982 1899 1036 1933 ff,
1050 1908 1078 1926 vt
1092 1901 1228 1936 Erythraeo
1241 1901 1320 1935 visum
1336 1899 1370 1934 est
1431 1905 1474 1926 tur
1482 1907 1530 1935 pro
1542 1899 1695 1936 Astunffimo
1709 1902 1776 1936 quasi
1789 1911 1855 1928 vnus
1875 1904 1901 1929 V
1899 1903 1971 1938 hstes
1979 1913 2033 1930 cum
2047 1905 2162 1933 dimidio.
2198 1906 2249 1933 vid.
2261 1903 2328 1939 xPlin.
2339 1905 2366 1930 in
2393 1911 2411 1929 1
2422 1901 2427 1940 ᾗ

317 1935 406 1963 Indice
414 1935 519 1969 Virgilii
526 1945 533 1958 s
548 1933 595 1969 Jed
600 1937 627 1959 in
634 1932 768 1960 Adtec‘tiuo
770 1934 867 1969 semper
874 1936 1076 1970 longnm‚breuem
1078 1937 1176 1972 semper
1182 1937 1368 1970 inSuleantiuo
1382 1945 1413 1972 50
1429 1942 1453 1962 et
1469 1937 1581 1963 Turnebi
1593 1937 1698 1972 Aduerfi
1708 1945 1798 1975 17,424.
2425 1941 2427 1947 ¹

317 1972 379 1998 Sera
395 1977 443 2006 pro
463 1968 564 2005 peffido.
602 1969 753 2003 Erythraeus
773 1971 887 1996 utebatur
910 1974 971 1997 locis
990 1975 1117 2007 corruptis
1135 1973 1177 1999 vel
1194 1974 1254 1999 male
1274 1972 1368 1999 intelle·
1466 1978 1479 1998 s
1489 1978 1505 1997 E
1515 1979 1526 1997 8
1538 1977 1555 1998 C
1567 1979 1587 1999 v
1599 1979 1620 1998 N
1633 1980 1663 2004 Χ,
1682 1977 1750 2007 quast
1764 1979 1776 1998 8
1788 1979 1825 1999 Es
1835 1979 1937 2009 QV1V
1947 1982 2007 2007 Nx,
2026 1976 2109 2003 uncis.
2130 1986 2167 2004 m.
2191 1983 2215 2004 et
2226 1980 2377 2003 SESCVN(
2395 1979 2414 2000 Α

318 2006 387 2033 His.-
412 2006 471 2033 Vid.
484 2005 609 2031 Drakenb.
624 2005 655 2031 ad
670 2004 716 2030 Sil.
734 2013 767 2037 13,
789 2013 841 2036 257..
1431 2015 1471 2033 ae.
1495 2007 1514 2033 s.
1550 2006 1758 2042 [τριημιέγκιον]
1794 2010 1903 2036 Vnciam
1910 2010 2041 2046 significat
2053 2019 2077 2039 et
2089 2017 2176 2040 unciae
2186 2010 2308 2040 dimidium,
2322 2008 2370 2035 vid·
2394 2008 2434 2033 ³5⁴

355 2048 395 2069 SE
405 2048 465 2073 ΚΑ,
479 2049 517 2067 ae.
533 2040 551 2066 f.
574 2040 673 2077 subint.
693 2040 764 2068 bora.
803 2041 906 2076 ἑσπέρα,
944 2041 1022 2074 Sera,
1041 2043 1165 2077 vespera,
1187 2040 1368 2077 crepusculum
1431 2041 1493 2068 bon.
1508 2050 1547 2074 50.
1562 2045 1605 2069 60.
1620 2047 1668 2072 118.
1681 2050 1727 2069 etc.
1770 2044 1882 2072 Sescunx
1905 2045 1938 2079 est
1954 2048 2020 2073 Plin.
2034 2051 2074 2080 36,
2087 2057 2123 2079 25·
2234 2044 2352 2072 Columel.
2366 2051 2373 2069 1
2395 2050 2424 2077 37

317 2077 398 2105 Gloff.
428 2078 488 2104 Vet.
1431 2078 1533 2104 Laseris
1545 2078 1641 2104 radicis
1656 2078 1730 2111 quod
1742 2081 1837 2114 σίλφιον
1852 2083 1946 2109 Graeci
1965 2090 2076 2117 vocant,
2094 2085 2235 2110 sescuncem.
2286 2096 2292 2101 .
2317 2079 2377 2105 Iden
2395 2086 2426 2107 ‚2

355 2121 368 2141 s
380 2120 397 2140 E
406 2119 452 2139 RV
461 2120 496 2143 M,
505 2112 557 2139 i.n.
567 2110 667 2151 [offis]
677 2110 854 2151 ‚Aqualaffln
891 2112 1038 2147 Plin.11‚41
1059 2114 1168 2145 Mirum,
1177 2113 1303 2140 Barbaras
1311 2120 1371 2147 gen·
1381 2127 1410 2154 55
1432 2115 1508 2146 Qae
1521 2115 1620 2140 summa
1634 2113 1714 2140 efficit
1728 2115 1816 2150 iugeri
1830 2118 2004 2152 sescunciam,
2019 2127 2062 2147 etc,
2091 2119 2145 2146 add.
2157 2117 2255 2152 leim-
2265 2115 2284 2141 l·
2295 2120 2310 2144 8
2322 2113 2345 2150 §-
2357 2118 2371 2142 8
2398 2111 2426 2138 de

316 2155 366 2181 ῑεε,
381 2158 447 2184 quae
460 2148 526 2175 laete
545 2154 653 2179 vniant,
674 2155 797 2181 ignorare
811 2153 856 2173 aut
870 2148 992 2181 spernere
1012 2151 1079 2175 casei
1092 2156 1132 2176 tot
1145 2150 1252 2176 saeculis
1270 2150 1370 2181 dotem,
1431 2148 1506 2176 inoff.
1520 2149 1621 2176 testam.
1636 2150 1757 2177 Frontin.
1772 2152 1804 2178 de
1818 2153 1934 2187 Aquaed-
1948 2163 1957 2180 1
1972 2164 1995 2189 p.
2011 2163 2064 2187 231.
2394 2160 2395 2168 ¹

318 2186 455 2211 densantes
469 2184 495 2210 id
503 2183 624 2216 alioquin
632 2183 659 2209 in
666 2191 772 2209 acorem
780 2182 933 2215 iucundum,
943 2190 968 2210 et
977 2184 1074 2218 pingue
1082 2185 1221 2217 butyrum:
1244 2184 1370 2219 spumaid
1468 2191 1481 2211 s
1493 2191 1510 2211 E
1524 2192 1536 2212 8
1546 2192 1563 2212 C
1572 2191 1592 2210 v
1603 2192 1623 2210 N
1634 2191 1650 2211 C
1661 2192 1669 2210 1
1679 2187 1696 2212 Ᾰ
1708 2192 1724 2212 L
1735 2194 1744 2212 1
1757 2194 1779 2217 s,
1798 2196 1820 2213 e.
1842 2188 1902 2214 Adi.
1938 2189 2168 2223 [τριημωγκιαῖίσς]
2212 2185 2279 2213 Plin.
2294 2191 2329 2216 13,
2341 2190 2366 2216 ις
2395 2187 2424 2210 m

318 2221 356 2247 est
368 2220 455 2252 laetis,
470 2220 671 2254 concretiusqne
685 2227 764 2254 quam
780 2218 851 2252 quod
866 2220 950 2244 serum
971 2226 1092 2248 vocatur.
1127 2221 1201 2247 Idem
1214 2226 1254 2251 28,
1265 2229 1282 2253 9
1303 2220 1370 2253 Qxi-
1431 2219 1594 2248 craffitudine
1607 2220 1771 2252 sescunciali,
1787 2222 1812 2247 h.
1827 2231 1847 2248 e.
1867 2224 1947 2248 Vnius
1954 2226 2054 2257 pollicis
2067 2233 2090 2250 et
2104 2222 2214 2250 dimidii.

310 2256 380 2283 dam
401 2263 426 2282 et
442 2257 526 2290 ipsum
547 2256 631 2281 serum
653 2256 706 2281 iam
727 2254 812 2280 multo
831 2254 1034 2289 potentissimnm
1054 2256 1207 2290 decoquunt
1224 2256 1256 2282 ad
1280 2257 1370 2282 tertias
1469 2263 1481 2282 s
1491 2263 1506 2282 E
1517 2263 1529 2282 s
1541 2263 1557 2283 c
1566 2262 1585 2281 v
1596 2262 1610 2281 Ρ
1619 2264 1635 2283 L
1645 2263 1661 2282 E
1671 2264 1699 2287 x,
1719 2258 1772 2283 vid.
1788 2264 1800 2283 s
1809 2264 1827 2283 E
1837 2264 1850 2284 s
1860 2263 1909 2296 qv
1919 2263 1928 2281 1
1939 2264 1953 2282 P
1964 2264 1980 2282 L
1991 2264 2006 2283 E
2016 2266 2044 2283 x.
2413 2285 2417 2291 ,

318 2297 449 2327 parte3‚et
458 2290 558 2317 subdio
572 2291 741 2324 refrigerant.
779 2290 958 2325 VirgGeorg.
972 2299 993 2322 3,
1001 2294 1056 2324 406
1074 2294 1222 2327 Acremque
1231 2292 1370 2319 molossum
1385 2291 1420 2316 60
1468 2298 1482 2320 s
1491 2298 1507 2318 E
1516 2299 1528 2317 s
1539 2296 1556 2318 C
1568 2290 1589 2318 V'
1598 2299 1613 2318 P
1622 2299 1638 2317 L
1648 2298 1668 2317 V
1681 2297 1694 2317 8
1706 2311 1715 2323 ,
1733 2300 1758 2324 a,
1776 2301 1832 2318 uin.
1869 2292 1933 2326 quod
1953 2299 1975 2318 et
1996 2298 2009 2318 S
2021 2299 2037 2318 E
2046 2299 2058 2318 s
2068 2298 2117 2332 QV
2126 2299 2135 2317 1
2148 2298 2163 2317 Ρ
2173 2300 2189 2318 1.
2200 2299 2220 2318 ν
2230 2299 2255 2317 Μ
2273 2292 2304 2316 it.
2322 2294 2380 2314 SEs

319 2328 395 2355 Pasce
410 2327 467 2353 sero
481 2325 583 2360 pingui.
653 2325 800 2359 Liquidum
813 2327 898 2352 serum
912 2327 994 2353 Ouid.
1009 2326 1075 2354 Fast.
1089 2336 1117 2360 4,
1133 2335 1195 2362 770.
1314 2325 1334 2365 fl
1356 2337 1369 2353 2
1434 2334 1449 2353 Ρ
1458 2335 1474 2354 L
1484 2334 1501 2354 E
1510 2333 1528 2353 Χ
1543 2333 1566 2353 et
1580 2333 1592 2353 8
1602 2333 1618 2352 Ε
1629 2332 1642 2351 8
1654 2332 1699 2352 CV
1708 2333 1723 2352 Ρ
1735 2332 1752 2351 1.
1763 2333 1818 2357 EX,
1838 2326 1860 2352 ’ἓν
1871 2327 1946 2358 {imao
1960 2329 2029 2362 μέρος
2043 2327 2123 2353 Glots.
2137 2328 2197 2354 Vet.
2216 2327 2326 2356 dicitur,
2345 2324 2382 2365 Stes
2399 2325 2414 2357 u}

288 2381 291 2389 s
317 2363 368 2391 Sed
391 2361 541 2393 detestabilis
564 2359 696 2395 ‘m‘ffiffld‘’
728 2359 762 2392 ‘'st
796 2363 824 2385 ¹⁴²2
862 2362 959 2387 Catull.
988 2369 1020 2396 78
1077 2364 1184 2391 Emulso
1220 2363 1294 2391 labra
1323 2372 1371 2390 no·
1434 2370 1483 2394 ter,
1496 2369 1525 2389 vt
1539 2371 1611 2398 quum
1625 2360 1729 2387 dicimus
1738 2361 1869 2387 senarium
1881 2363 2040 2395 sesquiplum
2049 2361 2090 2394 effe
2099 2361 2275 2396 quaternarii:
2295 2365 2382 2399 contin«
2400 2363 2405 2369 *

316 2404 371 2425 tata
383 2399 450 2424 sero·
1432 2408 1484 2425 eum
1497 2405 1584 2430 totum,
1594 2404 1618 2424 et
1630 2396 1729 2432 insuper
1737 2396 1866 2422 dimidiam
1879 2399 1931 2423 eius
1938 2403 2046 2430 partem.
2161 2395 2308 2429 Sescuplam
2322 2394 2383 2421 fatu
2400 2423 2401 2426 Ἰ

356 2440 370 2460 8
383 2440 398 2460 Ε
411 2439 428 2459 R
439 2439 467 2459 O.
481 2431 548 2457 Adu.
571 2429 643 2464 [ἰφὲ]
668 2430 769 2462 Tarde,
786 2428 871 2463 amiffa
886 2433 1077 2464 opportunitate.
1115 2432 1197 2459 Plaut.
1211 2433 1295 2459 Trin.
1311 2439 1372 2466 2‚4⁵
1432 2435 1534 2460 tionem
1548 2442 1632 2459 nouem
1647 2433 1699 2458 dies
1712 2441 1764 2458 cum
1771 2432 1818 2466 sex
1831 2432 1916 2458 collati
1938 2431 2116 2458 Censorin.de
2132 2431 2183 2457 Die
2192 2431 2256 2457 Nat.
2268 2423 2334 2456 c11.⁰
2363 2431 2383 2461 Q

319 2478 352 2503 14
371 2470 435 2496 Sero
447 2474 527 2501 atque
539 2466 625 2492 stulte.
661 2466 719 2491 Cic.
733 2466 803 2490 Fam.
818 2474 840 2497 2,
855 2473 871 2499 7
890 2466 979 2499 Longe
997 2467 1070 2492 enim
1087 2465 1188 2499 absum,
1208 2467 1289 2493 audio
1303 2468 1370 2492 sero.
1385 2470 1417 2500 65
1433 2476 1458 2498 9,
1475 2477 1499 2498 a,
1513 2475 1545 2500 47
1560 2471 1587 2492 in
1601 2467 1764 2501 descriptione
1778 2467 1886 2493 Paeonis
1896 2487 1904 2499 ‚
1923 2471 1967 2502 qui
1980 2467 2117 2502 Sescuplex
2131 2468 2170 2493 vel
2182 2465 2317 2500 Sescuplus
2328 2466 2384 2492 ima

318 2506 395 2533 Idem
423 2505 458 2531 Ο.
472 2504 542 2530 Frat.
552 2510 599 2533 3,1‚
613 2511 626 2533 4
643 2500 757 2527 Reddita
770 2500 850 2526 etiam
864 2500 976 2526 mihiest
990 2508 1113 2533 peruetus
1120 2502 1238 2535 epistola,
1254 2501 1297 2528 sed
1312 2502 1370 2528 sero
1434 2502 1543 2535 (uariat
1557 2504 1620 2526 enim
1636 2500 1734 2534 leem)
1747 2515 1838 2522 -———
1857 2511 1888 2528 ex
1902 2502 1989 2529 tribus
2003 2503 2129 2530 breuibus
2142 2509 2168 2528 et
2181 2502 2271 2536 longa,
2290 2500 2331 2527 vel
2344 2501 2385 2528 ali(

320 2541 409 2568 allata.
436 2531 502 2566 'Cim
516 2540 554 2572 Q
564 2538 677 2567 Frat.1,2
697 2537 757 2562 Hoc
775 2535 806 2561 de
826 2544 920 2570 genere
933 2535 1002 2561 nihil
1015 2542 1041 2562 te
1054 2545 1124 2562 nunc
1137 2538 1245 2571 quidem
1259 2546 1371 2563 moneo:
1435 2545 1489 2571 quo
1502 2536 1583 2562 modo
1597 2543 1716 2569 tempora
1732 2536 1782 2562 tria
1796 2537 1828 2563 ad
1843 2537 1896 2564 duo
1903 2538 1985 2566 relata
1999 2538 2147 2572 Sescuplnm
2160 2538 2270 2564 faciunt.
2290 2537 2388 2564 1.ιι”11.81·;7

319 2578 386 2604 Sero
401 2575 436 2602 est
449 2575 529 2601 enim.
567 2573 622 2600 Cic.
648 2581 697 2606 pro
718 2571 812 2605 Q1int.
828 2579 860 2603 43
899 2572 938 2597 De
958 2571 1110 2597 rationibus
1130 2579 1156 2598 et
1182 2572 1371 2599 controuerfiis
1433 2572 1489 2599 Cic.
1502 2572 1576 2598 Orat.
1594 2580 1665 2604 193c.
1681 2581 1708 2605 57
1728 2572 1824 2599 Modus
1838 2579 1881 2600 aut
1895 2574 2061 2609 sesquipleX,
2072 2580 2118 2601 aut
2133 2573 2240 2608 duplex,
2260 2578 2304 2600 aut
2317 2581 2368 2608 par.
2405 2593 2407 2596 .

320 2611 455 2639 societatis
475 2611 534 2637 vult
554 2608 680 2635 iudicari:
706 2607 786 2639 Sero,
807 2616 902 2633 verum
920 2606 1063 2641 aliquando
1083 2613 1171 2634 tamen
1189 2608 1372 2634 concedamus.
1435 2607 1469 2633 tii
1483 2607 1515 2633 ad
1530 2607 1611 2632 solem
1625 2607 1786 2642 sesquiplum
1798 2610 1865 2635 Plin.
1874 2619 1895 2641 2,
1903 2618 1944 2637 22.
2376 2610 2385 2630 ›'

322 2647 455 2681 Quinetil.
469 2656 489 2679 3,
504 2649 530 2678 6,
546 2653 583 2679 49
601 2645 671 2670 Cum
691 2643 823 2669 obiiceret
834 2643 933 2668 Miloni
947 2644 1081 2669 accusator
1095 2644 1123 2669 in
1137 2651 1322 2677 argumentum
1336 2643 1373 2669 fa·
1382 2652 1417 2681 70
1472 2649 1485 2669 s
1495 2649 1510 2668 E
1519 2649 1531 2668 s
1543 2647 1572 2669 E.
1608 2642 1731 2676 [ἕσιν-τᾶν]
1767 2646 1932 2680 Accusatiuus
1945 2654 1960 2671 a
1974 2645 2019 2671 Sui
2032 2646 2178 2672 Pronomine
2187 2654 2243 2672 v.v.
2373 2669 2374 2672 ,

322 2683 427 2711 &arum
440 2682 539 2709 Clodio
555 2679 726 2714 infidiarum,
747 2678 818 2713 quod
840 2678 959 2704 Bouillas
980 2685 1040 2705 ante
1059 2678 1152 2705 horam
1170 2688 1268 2705 nonam
1281 2679 1372 2705 deuer-
1474 2684 1487 2704 S
1497 2684 1513 2704 E
1523 2677 1586 2705 siitL
1598 2685 1607 2704 1
1618 2685 1642 2710 8,
1663 2679 1692 2705 is.
1711 2679 1731 2705 f.
1766 2681 1887 2715 [σέσελι]
1925 2681 2008 2707 Herba
2027 2680 2074 2713 est,
2084 2690 2155 2717 quam
2164 2682 2238 2717 vulgo
2253 2679 2360 2707 Saxifra
2374 2692 2385 2701 11·

323 2720 401 2751 tiffet,
424 2724 453 2745 vt
465 2717 634 2752 exspectaret,
647 2715 709 2741 dum
724 2714 836 2741 Clodius
851 2723 865 2740 e
878 2714 943 2740 villa
956 2714 999 2740 sua
1017 2714 1112 2747 exiret,
1132 2721 1157 2740 et
1171 2715 1317 2741 identidem
1334 2715 1373 2740 in-
1438 2714 1524 2741 iorem
1531 2714 1662 2750 appellant.
1770 2717 1826 2742 Cic.
1842 2716 1873 2742 de
1881 2717 1944 2744 Nat.
1957 2717 2038 2742 Deor.
2054 2725 2076 2748 2,
2090 2725 2134 2751 127
2144 2726 2165 2742 c.
2178 2725 2214 2749 49
2234 2704 2387 2750 eternaeque*
2401 2717 2404 2718 ⁷

322 2759 483 2789 arrogaret,
496 2762 551 2789 quo
568 2759 688 2786 tempore
703 2750 813 2777 Clodius
830 2750 930 2776 occisus
944 2751 1019 2776 esset?
1039 2750 1175 2784 respondit
1191 2751 1288 2777 Cicero
1301 2751 1374 2777 Sero.
1438 2756 1498 2777 ante
1510 2757 1613 2785 partum
1627 2757 1787 2785 perpurgant
1803 2753 1827 2778 se
1843 2751 1954 2786 quadam
1969 2752 2078 2779 herbula
2088 2772 2096 2785 ‚
2110 2761 2176 2787 quae
2189 2752 2275 2778 seselis
2288 2752 2396 2811 dicum-lg

324 2793 420 2826 Nempe
439 2799 487 2816 non
513 2788 581 2815 modo
606 2787 718 2823 vesperi,
749 2785 814 2822 quod
837 2786 1013 2822 quaerebatur,
1037 2786 1086 2822 sed
1103 2786 1219 2819 tardius,
1252 2796 1323 2822 quam
1337 2794 1376 2812 res
1438 2786 1503 2812 idem
1517 2784 1664 2818 Aristoteles
1675 2787 1821 2821 confirmat,
1835 2791 1862 2813 in
1876 2787 1950 2814 libris
1963 2788 1991 2813 de
2007 2790 2108 2814 Natura
2129 2789 2282 2814 animalium.
2330 2785 2380 2813 et?
2407 2801 2409 2806 ι

319 2826 424 2864 publica
449 2825 478 2851 id
500 2828 616 2861 exigeret.
679 2821 751 2851 Caes.
781 2821 845 2848 Bell.
872 2822 940 2848 Gall.
970 2830 991 2855 5,
1011 2829 1042 2854 29
1087 2823 1187 2848 Contra
1199 2831 1229 2849 ea
1247 2823 1377 2849 Titurius
1389 2825 1421 2853 ’ῖς
1440 2830 1479 2854 32.
1499 2821 1579 2847 Seseli
1593 2821 1728 2848 Creticum
1737 2821 1856 2849 Scribon.
1869 2831 1918 2849 121.
1956 2823 2176 2859 C0›zf.1’lin.20,3
2189 2831 2212 2849 et
2226 2828 2292 2856 regg.

324 2865 385 2890 sero
417 2861 534 2888 fauturos
555 2857 715 2886 clamitabat.
767 2857 857 2884 Nimis
876 2858 932 2883 sero
941 2876 948 2888 ,
987 2857 1040 2883 vid.
1079 2865 1102 2884 N
1111 2866 1121 2884 1
1132 2865 1155 2884 M
1167 2865 1209 2885 18.
1312 2858 1376 2884 Sero
1477 2863 1489 2882 8
1499 2864 1515 2883 E
1524 2865 1536 2884 s
1545 2864 1564 2883 O
1574 2864 1587 2883 P
1598 2864 1607 2883 1
1617 2864 1648 2883 A.
1668 2858 1697 2883 In
1712 2858 1839 2892 Augurali
1854 2865 1880 2885 et
1893 2859 1988 2886 Saliari
2001 2860 2117 2886 carmine
2130 2860 2293 2894 appellantur
2302 2876 2310 2889 ,
2334 2861 2406 2892 quaet!

324 2897 460 2926 Medicina
474 2902 593 2931 paratur:
612 2896 680 2922 Cum
695 2893 763 2919 mala
776 2901 823 2927 per
835 2893 925 2927 longas
933 2893 1093 2919 conualuere
1106 2902 1193 2921 moras
1214 2894 1375 2923 Ouid.Rem.
1440 2893 1534 2927 Esopia
1553 2901 1602 2927 pro
1621 2892 1752 2919 Sedilibus
1772 2894 1860 2920 dicere
1879 2894 2006 2922 habemus
2035 2905 2104 2922 nunc
2128 2896 2213 2922 adhuc
2235 2896 2264 2922 in
2286 2895 2406 2921 consuetu

325 2936 421 2961 Amor.
435 2941 475 2966 91.
547 2932 610 2957 Sero
632 2930 689 2964 post
703 2934 805 2962 tempus
820 2930 894 2954 venis
919 2928 1002 2955 Plaut.
1016 2929 1090 2962 Capt.
1103 2938 1131 2961 4,
1146 2938 1170 2964 z,
1184 2938 1229 2963 90.
1270 2931 1376 2965 Proprie
1439 2930 1508 2955 Haec
1516 2929 1611 2955 Festus.
1635 2928 1824 2956 Vidrsoma.

329 2970 389 2997 Cic,
403 2970 458 2995 Att.
471 2975 498 3001 7,
513 2975 548 2993 20
577 2967 614 2992 Eo
635 2966 678 2992 die
697 2964 772 2991 venit
787 2964 845 2990 sero
859 2964 925 2990 alter
939 2964 1055 2996 Consul,
1082 2967 1100 2990 ι’.
1114 2966 1224 3000 vespert,
1245 2968 1376 3001 ingruente
1468 2972 1486 3000 ⁴s
1496 2972 1513 2991 E
1523 2972 1535 2991 s
1545 2970 1615 2991 osr
1628 2970 1647 2990 R
1660 2970 1700 2990 1s.
1736 2965 1888 3001 [Σεσώςςις]
1924 2967 1976 2993 Rex
1989 2967 2122 3002 Aegypti,
2143 2969 2186 3001 qui
2197 2966 2295 3002 regibus
2308 2966 2407 3001 captim

326 3003 408 3031 noete.
514 3003 578 3029 Sero
593 3001 693 3035 sapiunt
707 3000 835 3034 Phryges:
864 2999 1038 3034 prouerbium
1052 2999 1088 3025 est
1102 3008 1192 3027 natum
1206 3010 1220 3028 a
1236 3001 1377 3033 Troianis,
1393 3003 1426 3029 80
1439 3009 1469 3026 ru
1482 2998 1577 3026 iunHis
1589 2998 1674 3026 veflus
1686 3001 1843 3036 triumphaffe
1856 3002 1967 3031 elicitum·
1995 3009 2098 3028 conatus
2115 3001 2148 3033 esi
2168 3002 2331 3038 nauigabilem
2344 3001 2405 3030 aluei]

327 3040 377 3076 qui
392 3039 498 3066 decimo
510 3037 627 3072 denique
640 3045 709 3062 anno
721 3036 790 3062 velle
802 3038 942 3070 coeperant
961 3035 1106 3066 Helenam,
1129 3045 1249 3071 quaeque
1270 3047 1330 3063 cum
1349 3047 1380 3064 ea
1442 3036 1525 3062 Rubro
1537 3038 1602 3062 mari
1619 3037 1647 3060 in
1665 3037 1752 3062 Nilum
1767 3037 1921 3071 producere,
1940 3045 1970 3063 vt
1985 3038 2079 3074 scribit
2101 3037 2195 3064 Herod.
2213 3047 2236 3064 2.
2327 3035 2405 3063 Valew

327 3081 404 3104 erant
418 3080 491 3108 rapta
505 3073 615 3100 reddere
630 3071 749 3098 Achiuis.
768 3071 835 3098 Fest.
939 3071 1052 3106 Compar.
1089 3070 1251 3107 [ὅφαὶτιρον]
1284 3073 1379 3099 Accius
1442 3080 1502 3105 gon.
1521 3080 1542 3103 5,
1560 3076 1599 3102 418
1626 3072 1716 3103 Quum
1738 3074 1824 3106 prima
1845 3073 1966 3100 Sesostris
2022 3073 2147 3100 Intulerit
2168 3073 2223 3099 Rex
2238 3072 2307 3099 bella
2322 3063 2404 3107 Getiul

328 3118 370 3147 ap.
384 3111 450 3138 Fest.
473 3111 516 3136 Ne
530 3109 547 3136 ss
565 3109 635 3135 forte
647 3108 735 3142 paullo
751 3116 830 3141 quam
844 3115 871 3133 tu
886 3107 991 3134 veniam
1007 3106 1096 3133 serius.
1133 3108 1201 3134 ΛΜ.
1217 3109 1378 3141 Plin.16,26.
1441 3107 1508 3134 Plin.
1522 3115 1555 3139 33,
1568 3116 1588 3139 3.
1640 3106 1737 3132 Lucan.
1752 3117 1786 3138 10,
1799 3111 1856 3140 276.
1910 3109 2008 3135 Auson.
2022 3109 2100 3143 Epist.
2115 3117 2149 3141 19,
2159 3117 2197 3141 19.

329 3149 389 3175 Cic.
403 3147 435 3173 de
446 3147 521 3172 Orat.
537 3154 560 3178 3,
573 3153 605 3180 75
632 3144 672 3170 Ad
692 3143 815 3175 mysteria
834 3142 918 3169 biduo
937 3143 1018 3169 serius
1038 3151 1171 3171 veneram.
1207 3145 1276 3180 conf.
1293 3145 1331 3171 Id.
1346 3145 1378 3171 de
1478 3151 1491 3170 s
1502 3147 1625 3181 EsQVI.
1662 3141 1800 3175 [ἧμιόλων,
1814 3144 1919 3178 ratum]
1954 3143 2035 3178 Affim
2048 3145 2072 3180 s
2087 3154 2162 3171 vnum
2175 3150 2252 3170 totum
2263 3150 2287 3172 et
2300 3142 2395 3179 fimissl

329 3185 406 3210 Orat.
421 3191 430 3208 1
445 3190 467 3207 c.
482 3189 519 3212 23.
627 3179 721 3214 Egredi
736 3178 818 3205 serius
831 3179 912 3205 Ouid.
928 3180 993 3205 Met.
1007 3187 1094 3211 4,105.
1197 3179 1283 3206 Mittit
1297 3181 1379 3207 serius
1395 3185 1423 3213 85
1440 3185 1491 3205 cat.
1506 3177 1603 3204 vid.s13
1613 3184 1635 3203 8.
1741 3179 1797 3205 Cic.
1812 3179 1840 3205 in
1854 3181 1928 3206 Orat.
1943 3186 1981 3209 1811
1995 3190 2016 3206 c.
2031 3183 2060 3213 56
2080 3181 2125 3206 Pes
2141 3180 2221 3211 enim,
2237 3180 2283 3214 qui
2296 3177 2399 3210 adhibet,

330 3228 410 3253 quam
425 3217 593 3243 constituerat
609 3216 665 3242 Cic.
679 3217 716 3249 Q
726 3215 796 3241 Frat.
810 3223 891 3246 3,1,3.
999 3215 1092 3248 Superi.
1118 3213 1282 3249 [ἆψαὶτατοι]
1312 3216 1379 3242 Plin.
1440 3222 1565 3240 numeros
1575 3232 1583 3245 ,
1605 3212 1719 3246 partitur
1732 3214 1760 3239 in
1774 3215 1841 3247 tria,
1862 3221 1891 3241 vt
1903 3217 2000 3242 neceffe
2012 3216 2041 3242 tit
2054 3222 2154 3249 partem
2169 3216 2256 3250 pedis,
2283 3221 2327 3241 aut
2346 3219 2397 3248 aeqt

330 3263 372 3289 17,
385 3249 405 3280 2*
419 3251 571 3279 Tarentina
584 3249 706 3276 serissime
718 3250 780 3284 legi.
904 3250 975 3276 Caes.
990 3250 1053 3276 Bell.
1068 3249 1150 3276 Ciuil.
1165 3259 1186 3282 3,
1199 3259 1230 3285 75
1252 3253 1285 3278 Vt
1300 3260 1379 3286 quam
1441 3250 1490 3276 esse
1505 3249 1579 3276 alteri
1591 3249 1722 3282 parti,aut
1735 3249 1818 3276 altero
1833 3257 1966 3281 tanto,aut
1982 3252 2067 3285 sesqui
2080 3253 2129 3278 effe
2141 3252 2284 3278 maiorem:
2304 3252 2340 3277 ita
2352 3249 2379 3276 fit
2392 3265 2394 3271 ι

331 3289 454 3318 seriffime
469 3288 525 3314 eius
542 3286 677 3321 profectio
689 3286 899 3319 cognosceretur.
925 3286 993 3321 conf.
1003 3285 1068 3311 Plin.
1079 3294 1114 3317 15,
1125 3293 1162 3319 17.
1443 3285 1475 3311 lis
1490 3284 1621 3316 daffllus,
1639 3283 1732 3317 duplus
1747 3285 1866 3320 iambus,
1878 3287 1964 3321 sesqui
1979 3296 2071 3320 paeon.
2113 3287 2157 3314 Ad
2167 3287 2191 3314 h.
2204 3289 2221 3314 l.
2234 3290 2272 3313 ita
2285 3285 2366 3312 Budae
2400 3288 2402 3296 ’

369 3332 434 3353 SER
444 3332 463 3350 ο
474 3330 496 3349 Τ
507 3321 549 3349 ἶΝ
560 3329 579 3347 V
589 3329 611 3353 8,
630 3330 655 3352 a,
676 3330 732 3347 um.
770 3320 831 3346 Adi.
868 3320 972 3354 [021an
993 3320 1115 3356 ὄψίτερος]
1159 3321 1335 3357 Vespertinus,
1356 3330 1380 3350 et
1442 3322 1489 3356 qui
1502 3318 1633 3356 appellauit
1647 3328 1759 3353 paeona,
1785 3325 1843 3356 quia
1857 3328 1903 3356 pes
1924 3326 2002 3348 omnis
2020 3331 2102 3357 paeon
2115 3325 2188 3359 longa
2202 3332 2251 3349 vna
2259 3321 2355 3357 syllaba
2383 3316 2394 3339 7

331 3364 468 3397 generatim
484 3357 594 3385 Tardus.
632 3357 755 3391 Tempus
768 3357 914 3382 serotinum
923 3356 1057 3383 Columel.
1068 3365 1101 3388 11,
1113 3364 1138 3382 2.
1243 3359 1380 3386 Serotinae
1389 3368 1424 3392 90
1440 3357 1485 3383 bus
1496 3356 1576 3383 tribus
1587 3354 1696 3387 constat,
1715 3362 1742 3381 at
1755 3357 1829 3391 longa
1836 3357 1934 3392 syllaba
1946 3360 1973 3383 in
1989 3365 2121 3393 temporum
2141 3361 2295 3385 metricorum
2315 3359 2411 3386 rati,

333 3397 410 3422 Ficus
426 3395 531 3423 Colum.
546 3394 578 3420 de
593 3392 657 3420 Arb.
672 3402 692 3419 e.
706 3401 741 3418 21.
779 3393 847 3426 Quae
855 3391 911 3426 post
925 3394 1062 3427 legitimum
1077 3398 1181 3427 tempus,
1196 3394 1380 3430 consuetumque
1442 3392 1525 3419 breues
1537 3399 1639 3426 aequare
1651 3391 1753 3417 dicitur.
1791 3393 1832 3417 Ita
1838 3392 1884 3426 fit,
1896 3399 1925 3418 vt
1938 3399 1990 3419 tres
2004 3394 2087 3420 breues
2100 3395 2198 3429 longam
2212 3402 2285 3419 vnam
2298 3391 2390 3419 dimidio

331 3435 437 3459 caeteris
445 3434 544 3466 pomis,
564 3431 604 3456 vel
616 3428 687 3455 tarde
700 3428 882 3463 maturescunt:
972 3427 1045 3453 Idem
1060 3434 1083 3459 8,
1098 3435 1121 3459 5,
1136 3436 1168 3460 :4
1186 3429 1252 3455 Item
1268 3431 1379 3457 serotmi
1443 3434 1508 3456 rent,
1533 3436 1588 3453 nam
1605 3429 1732 3453 ternarius
1749 3426 1783 3452 ad
1799 3427 1924 3454 binarium
1944 3430 2036 3455 relatus
2044 3430 2233 3465 sesquialteram
2241 3431 2368 3463 proportio
2397 3429 2404 3448 ἰ

333 3467 415 3501 pulli,
429 3467 475 3500 qui
487 3475 501 3492 a
514 3465 634 3492 Solstitio
646 3464 719 3496 nati,
739 3472 831 3497 capere
845 3462 944 3489 iustum
957 3462 1149 3489 incrementum
1162 3472 1215 3489 non
1230 3472 1381 3498 potuerunt,
1444 3463 1491 3489 bet.
1541 3462 1666 3496 Qomodo
1683 3464 1763 3497 igitur
1782 3461 1897 3497 daffylm
1917 3465 2055 3499 aequalibus
2067 3465 2185 3500 partibus
2203 3463 2310 3496 constat,
2330 3465 2381 3499 quia
2397 3451 2417 3488 l‘,

333 3504 372 3530 De
392 3505 532 3537 quantitate
547 3502 698 3536 penultimae
718 3501 751 3526 lis
769 3502 837 3525 inter
854 3497 940 3525 desios
959 3505 1015 3524 orta
1033 3497 1075 3529 eli.
1137 3500 1212 3535 Vulgo
1233 3505 1382 3537 corripitur,
1441 3499 1532 3533 longa,
1560 3497 1653 3523 duabus
1671 3497 1783 3524 breuibus
1803 3501 1915 3534 aequalis
1933 3499 1983 3531 eli:
2005 3500 2046 3533 fic
2058 3507 2137 3535 paeon
2157 3500 2259 3525 alteram
2267 3506 2363 3534 partem
2378 3493 2396 3516 ’ᾗ
2409 3530 2413 3538 ι

1393 3542 1425 3569 95
1444 3538 1558 3560 maiorem
1570 3532 1650 3559 habet.
1708 3533 1806 3559 Iambus
1824 3538 1897 3561 etiam
1917 3537 1996 3562 altero
2015 3543 2086 3562 tanto
2103 3538 2218 3561 maiorem
2230 3554 2238 3566 ,
2263 3535 2307 3561 hoc
2320 3531 2413 3567 elidet*¹

1443 3569 1525 3596 breuis
1538 3572 1602 3594 enim
1609 3567 1704 3604 fflHaba
1717 3570 1792 3604 longa
1805 3568 1839 3602 «st
1854 3570 1996 3597 dimidiata.
2054 3568 2160 3603 Formffe
2180 3576 2259 3596 autem
2275 3571 2317 3596 illa
2332 3566 2415 3595 verb*

1443 3607 1513 3631 ronis
1521 3603 1561 3638 fic
1575 3605 1711 3639 legerentur
1725 3604 1835 3638 rectius,
1854 3607 1906 3633 Aut
1920 3606 2004 3633 altero
2017 3612 2088 3633 tanto
2102 3606 2231 3632 maiorem
2243 3625 2249 3636 ,
2264 3611 2307 3632 aut
2319 3600 2417 3637 sesqua*

1438 3639 1530 3676 sensu,
1555 3646 1584 3665 ut
1593 3647 1638 3674 pes
1651 3640 1728 3665 altero
1741 3647 1812 3667 tanto
1830 3645 1909 3668 maior
1918 3662 1926 3673 ‚
1956 3645 1984 3668 in
1991 3641 2099 3677 sectmda
2109 3640 2155 3676 fici
2165 3647 2242 3676 parte
2249 3641 2287 3675 sit
2300 3640 2405 3676 duplus-'A

336 3674 373 3701 A!
385 3673 433 3700 tut.
447 3673 574 3708 Scaligero
589 3672 617 3697 de
625 3673 653 3698 L.
663 3673 691 3700 L.
699 3681 727 3705 4,
735 3677 764 3704 98
780 3672 888 3707 produci
901 3671 1020 3700 videtum·
1039 3671 1119 3697 eadem
1133 3676 1230 3698 ratione
1238 3683 1267 3699 ac
1274 3675 1382 3709 Vesper-
1441 3683 1525 3703 autem
1541 3684 1588 3701 non
1607 3675 1684 3700 altero
1702 3681 1790 3708 tanto,
1820 3677 1868 3712 fid
1883 3677 1987 3704 dimidio
2006 3680 2084 3703 maior
2102 3675 2135 3708 est
2145 3696 2153 3708 ‚
2179 3676 2209 3702 fit
2227 3677 2329 3712 sesqui,
2354 3671 2383 3700 ad
2400 3671 2418 3706 ¹⁰.'

337 3712 416 3741 tinus,
437 3709 596 3735 MatutInus:
615 3707 662 3735 Sed
673 3708 816 3734 reflenotat
833 3707 927 3742 Vqffius
940 3708 1091 3742 Scaligerum
1104 3710 1131 3733 in
1144 3717 1247 3734 errorem
1259 3709 1438 3744 incidiffi‘ssoo
1446 3720 1497 3737 rem
1510 3716 1608 3746 partem
1623 3708 1758 3743 posteriore
1772 3719 1848 3746 parte
1872 3714 1968 3739 relata:
2002 3721 2049 3738 non
2069 3718 2148 3737 autem
2172 3712 2258 3747 sesqui
2281 3711 2379 3738 maior:
2400 3705 2420 3726 Μ

338 3745 395 3770 Art.
408 3744 526 3770 Gramm.
540 3752 566 3775 2,
581 3751 619 3775 23.
658 3745 725 3769 Nam
737 3752 798 3778 quae
813 3743 843 3769 ab
856 3743 992 3770 Aduerbiis
1004 3744 1135 3774 ducuntur,
1152 3753 1225 3770 vnum
1237 3745 1380 3781 eandemque
1436 3746 1590 3782 sesquiplum
1602 3748 1684 3770 minus
1695 3744 1730 3778 ,est
1745 3746 1824 3782 duplo.
1880 3748 1954 3784 Conf.
1968 3748 2032 3775 Scal.
2045 3748 2106 3774 Art.
2122 3748 2190 3774 Po‘e't.
2206 3750 2274 3780 2,26.
2288 3741 2423 3781 inprimit*

331 3778 469 3814 sequuntur
482 3788 607 3810 normam,
614 3778 674 3814 scil.
684 3785 713 3804 ut
726 3781 867 3814 corripiant
875 3780 1048 3814 penultimam.
1060 3777 1100 3811 fic
1114 3779 1189 3805 ctDiu
1206 3780 1345 3807 DIut‘l'nus:
1365 3791 1381 3807 a
1442 3790 1498 3807 nou.
1511 3781 1539 3806 de
1551 3782 1606 3806 Pec.
1623 3781 1678 3806 Isset.
1700 3789 1720 3812 1,
1737 3790 1758 3813 3.

336 3813 480 3847 Perendie,
502 3814 678 3844 Perendinus3
697 3820 720 3839 et
727 3813 848 3846 fimiiiter
859 3824 874 3840 a
888 3814 962 3846 Sero,
982 3814 1128 3841 Serotrnus.
1164 3816 1211 3841 Sed
1223 3825 1282 3851 quae
1296 3826 1311 3842 a
1325 3819 1377 3843 No·
1482 3822 1495 3841 8
1507 3822 1523 3841 E
1535 3821 1547 3840 S
1557 3821 1605 3852 QV
1618 3822 1657 3842 lA
1672 3822 1687 3841 L
1701 3823 1723 3842 T
1734 3824 1750 3843 Ε
1761 3824 1790 3850 R,
1808 3819 1863 3853 era,
1881 3819 1964 3845 erum.
1991 3816 2050 3845 Adi.
2089 3817 2234 3851 [ἦμιόλισς]
2270 3808 2424 3850 Idemfigrzstl·

336 3849 443 3875 minibus
448 3850 525 3884 fiant,
540 3849 637 3876 eandem
650 3849 808 3885 producunt,
828 3856 859 3875 vt
873 3858 889 3876 a
903 3850 1015 3885 Vesper,
1035 3850 1219 3883 Vespertinus3
1250 3862 1270 3888 a¹
1284 3852 1380 3885 Collis,
1443 3850 1508 3890 quod
1521 3850 1612 3890 Sesqui
1627 3851 1720 3886 ipsum,
1739 3860 1821 3888 nempe
1831 3860 1910 3880 totum
1924 3862 1997 3879 vnum
2010 3862 2063 3878 cum
2082 3853 2202 3886 dimidio,
2227 3851 2296 3886 offim
2312 3858 2361 3877 cum
2371 3837 2425 3883 Jell‘·

337 3883 475 3915 Collinus3
494 3886 523 3912 ab
536 3885 660 3918 Adulter,
679 3884 863 3913 Adulterinus:
889 3884 958 3920 etsie
971 3885 1001 3912 <le
1014 3889 1127 3914 caeteris.
1388 3901 1433 3929 ¹05
1443 3887 1498 3913 cic.
1513 3885 1546 3912 de
1560 3887 1682 3916 Vniuers.
1697 3896 1721 3915 21
1738 3898 1758 3915 c.
1775 3897 1792 3924 7
1812 3891 1895 3917 Vnam
1908 3888 2043 3923 principio
2055 3895 2156 3923 partem
2169 3888 2281 3917 detraxit
2300 3893 2330 3929 εξ
2345 3888 2393 3912 toto
2401 3875 2425 3934 ἓξ

491 3552 589 3577 Omnia
604 3560 663 3577 curn
677 3555 778 3585 tegeret
790 3549 897 3584 nigrum
914 3548 1003 3581 chaos,
1015 3548 1118 3583 altaque
1133 3551 1216 3577 moles

492 3587 608 3620 Desuper
621 3592 727 3621 vrgcret
740 3585 865 3612 informis
879 3593 991 3619 corpora
1004 3585 1108 3616 mundi,

491 3622 522 3649 Et
530 3622 653 3655 caliganti
661 3627 793 3656 premeret
802 3621 917 3647 serotina
925 3620 1004 3646 nodie
1097 3620 1213 3648 Hilar.in
1220 3623 1312 3650 Genesi
1321 3633 1382 3656 v.17.
