2434 4156
335 112 403 157 6„
704 102 1004 144 svp
1810 99 2120 142 svp
2326 91 2423 157 ‘5⁶

371 198 386 219 s
398 200 418 219 v
426 198 464 219 PE
476 197 494 218 R
504 198 520 220 c
529 198 550 220 v
558 198 577 219 R
586 197 604 219 R
614 199 649 224 ο,
675 193 727 222 ἕπε.
763 193 954 228 Supercurrere
967 201 1026 229 ager
1041 191 1134 217 dicitur
1147 187 1282 224 vestigali,
1301 194 1373 223 quum
1473 195 1487 217 s
1498 196 1520 217 V
1530 198 1544 217 Ρ
1553 196 1569 217 Ε
1578 196 1597 216 R
1607 195 1623 215 ι
1631 188 1649 216 ἶ.
1660 194 1709 216 TV
1719 193 1743 221 s,
1762 197 1786 219 a,
1804 187 1858 214 iim.
1893 189 1986 217 Partie.
2021 187 2216 225 [ὕκερβολικὸς]
2265 188 2319 221 Vt,
2334 189 2380 225 Sup
2388 166 2424 226 lau

334 228 404 255 babet
420 238 458 253 am
477 229 560 254 liorem
569 236 722 264 prouentum.
828 229 894 255 Plin.
909 228 987 261 Epist.
1002 237 1024 260 7,
1040 233 1061 255 ιε
1083 226 1112 251 Et
1125 233 1185 258 ager
1199 223 1251 258 ipse
1265 230 1373 258 propter
1435 227 1556 257 nomina,
1575 225 1707 259 Superlata
1718 224 1812 253 verba;
1851 224 1918 257 Qsae
1927 225 2035 260 augenda·
2054 225 2126 261 causa
2139 228 2165 250 in
2180 226 2288 250 oratione
2295 225 2424 284 profem-m..

335 263 384 290 hoc
399 272 452 298 quo
484 264 609 298 vectigali
622 265 698 299 longe
721 264 898 298 supercurrit,
937 263 1037 296 semper
1057 261 1195 287 dominum
1208 267 1223 285 a
1236 268 1290 293 quo
1301 267 1375 285 exer·
1437 260 1492 287 Cic.
1506 262 1533 287 in
1549 262 1639 287 Partit.
1656 270 1679 292 53
1694 269 1715 285 c.
1732 267 1755 292 ις
1774 258 1883 285 Illustris
1897 265 1984 285 autem
1997 260 2083 286 oratio
2099 260 2150 292 est,
2173 259 2190 285 si
2211 266 2234 284 ct
2248 267 2294 285 ver
2314 268 2327 285 a
2340 269 2381 295 gra
2393 272 2424 295 ,te

336 305 425 325 ceatur
451 298 579 325 inueniet,
1437 295 1534 322 deiecta
1547 303 1693 330 ponuntur,
1714 304 1741 320 ac
1755 293 1877 320 translata
1889 300 1914 319 et
1928 294 2069 328 superlata,
2092 301 2118 322 et
2131 295 2161 321 ad
2176 302 2273 320 nomen
2291 293 2382 322 adiune
2404 308 2432 331 gt.

372 341 385 360 s
398 340 416 359 v
429 340 497 361 PER
507 335 567 362 Dic
581 340 611 366 o,
630 335 669 366 xi,
690 334 772 366 Qum,
792 336 844 360 ere.
878 333 1019 366 [ἐπιλέγω]
1053 328 1140 357 DiHis
1154 328 1249 355 addere.
1285 330 1376 355 Dicere
1403 342 1417 367 5
1437 329 1573 364 duplicata.
1593 331 1650 357 add.
1666 330 1796 364 Qiineiil.
1809 335 1862 361 8‚3.
1929 330 2031 363 Proprie
2045 329 2130 356 Valer.
2143 330 2212 356 Max.
2228 331 2275 361 8,6
2293 329 2367 357 Caius
2378 335 2434 366 ilem)

330 375 434 405 praeter
447 369 476 396 id
490 370 552 404 quod
563 370 656 396 άιέῗμιη
670 368 719 402 fi,
743 366 990 407 Subiungeretdiflas.
1062 365 1118 391 Cic.
1134 364 1167 405 de
1176 363 1268 405 ¹Legib.
1282 373 1294 389 2
1309 373 1330 391 c.
1347 373 1371 390 21
1435 365 1535 405 Marius
1549 376 1633 407 quuni
1649 374 1772 407 magnum
1794 371 1818 390 et
1836 364 1974 404 salutarem
1993 364 2067 403 Reip.
2087 365 2173 404 ciuem
2186 365 2214 391 in
2228 364 2259 390 L.
2272 364 2434 407 δἐειιιζιιὶιμ

335 404 540 439 Superdicebant
554 405 684 439 quidquid
693 404 812 437 coepisset
824 403 958 436 adstringi,
980 401 1066 428 rursus
1076 401 1152 426 sacris
1165 400 1319 426 liberantur.
1340 401 1374 425 al.
1436 401 1574 434 primendo
1593 403 1696 436 egisset,
1730 410 1744 427 a
1763 408 1816 434 quo
1840 408 1867 425 in
1882 400 1989 425 modum
2004 399 2097 425 vexilli
2111 399 2208 434 pileum
2223 399 2344 425 seruituti
2355 401 2406 430 ιὰ.-
2424 415 2428 427 ι

335 440 483 474 superiores
495 441 625 467 dicebant.
729 438 867 472 Super-dici
883 438 910 463 in
924 436 981 469 l.'i3.
995 435 1077 470 infin.
1094 436 1125 461 D.
1138 434 1170 461 de
1184 434 1373 462 iureiurando:
1435 436 1559 469 capienda
1575 438 1728 463 ostentatum
1743 441 1814 467 erat,
1835 434 1918 461 Lucio
1932 433 2002 460 Sulla
2018 443 2077 460 cum
2090 435 2206 461 exercitu
2219 434 2247 460 in
2261 433 2360 461 Vrbem
2371 436 2384 463 i:
2400 455 2407 465 η
2421 451 2431 460 ι.

336 475 368 508 est
384 477 515 503 praeconis
527 485 599 507 voce,
618 481 641 500 et
655 480 684 500 ve
695 483 747 500 cum
761 475 865 507 Apuleio
877 475 980 508 loquar,
998 471 1077 498 boatu
1085 473 1263 506 pronuntiari,
1282 477 1304 496 et
1312 478 1373 506 pro·
1436 477 1528 504 pente,
1545 472 1576 498 ad
1588 473 1716 499 auxilium
1729 472 1865 497 seruorum
1879 470 1949 504 pileo
1964 469 2096 503 superlato
2108 470 2236 504 confugit.
2262 469 2339 503 Apul.
2352 469 2385 497 de
2399 490 2425 499 4,.

335 512 455 544 clamari,
475 518 504 537 ut
515 518 538 537 et
550 515 576 536 in
591 511 608 536 l.
619 512 653 535 16.
667 509 696 534 C.
711 517 741 534 ex
757 508 832 542 quib.
841 508 918 534 causis
933 506 1041 534 infamia
1054 506 1137 540 irrog.
1279 539 1286 545 ·
1392 519 1420 537 10
1437 506 1471 531 do
1484 515 1508 540 p.
1518 514 1609 540 709,ii
1632 509 1698 534 Flor.
1715 507 1806 533 Stellae
1828 514 1907 539 vagae
1927 519 1972 524 -
1992 504 2121 539 gradatim
2141 504 2245 531 sibimet
2263 503 2384 538 superma

371 553 385 573 s
397 552 417 572 V
430 553 470 573 PE
480 552 498 572 R
510 553 528 571 D
539 554 547 572 1
559 553 581 571 M
591 553 600 571 1
610 551 628 571 D
639 551 646 568 1
656 551 677 570 V
691 550 715 572 s,
735 552 758 575 a,
779 552 832 569 um.
870 544 946 569 Mart.
958 541 1064 575 Capella
1076 549 1172 575 7p.251
1193 542 1226 567 At
1240 540 1286 567 vbi
1301 540 1371 566 inter
1435 541 1556 574 superior
1567 543 1695 570 inferiore
1710 542 1739 569 sit
1757 541 1853 568 maior.
2414 548 2418 556 *

337 581 452 609 maiores
474 582 643 615 minoresque
660 587 784 605 numeros
803 579 873 605 ratio
897 577 1079 603 membrorum
1094 577 1146 609 est,
1168 577 1255 603 maior
1274 582 1318 602 aut
1333 577 1372 602 su-
1471 583 1483 602 s
1495 582 1613 604 VPERL
1624 586 1645 605 A
1656 584 1740 610 ΤΙΟ,
1759 577 1826 603 onis.
1860 575 1879 601 s.
1917 575 1929 608 [
1943 572 2081 609 ὗπερξυλῆ]
2137 572 2192 609 Ipse
2201 573 2373 609 superferentis·
2398 588 2412 602 r·

335 617 499 652 perdimidio
512 615 609 645 vincit,
633 623 709 647 quem
724 612 831 641 ἡμιόλιον
862 615 905 647 (3,
919 616 952 643 2)
972 619 1016 638 aut
1037 613 1210 646 supertertio,
1229 621 1308 646 quem
1321 611 1370 636 e‘m'-
1440 612 1470 637 1⁷.
1485 621 1511 647 g.
1526 613 1592 647 apud
1604 615 1732 640 Oratores.
1837 611 2000 645 Superlatio,
2026 610 2061 635 est
2076 609 2172 636 Oratio
2185 609 2305 642 superans
2319 609 2375 637 veri
2399 628 2405 638 ι,
2422 627 2425 630 -

336 663 414 687 τριτον
427 655 473 684 (4,
487 654 517 682 3)
537 659 582 677 aut
596 651 768 684 superquarto
782 652 831 681 (ς,
843 651 880 682 4)
899 657 977 683 quem
992 646 1144 683 ἓπιτέταρτον
1162 648 1256 673 Graeci
1269 653 1372 685 vocant.
1434 646 1545 673 alicuius
1558 649 1668 683 augendi
1681 647 1854 682 minuendiue
1879 646 1954 672 causa
2014 644 2127 685 *Aucior
2145 644 2176 670 ad
2191 644 2306 684 ijierenn.
2317 652 2344 677 4,
2357 653 2386 680 43

337 688 369 714 Et
388 687 418 712 sic
436 687 466 712 ad
491 686 700 719 superquiutum,
718 685 912 718 supersextum,
946 683 1138 718 vlterioresque
1157 684 1227 709 ratio
1245 682 1374 717 procedit.
1393 693 1417 718 ις
1435 682 1491 708 Cic.
1507 681 1539 707 de
1550 684 1622 711 Orat.
1636 694 1657 717 3,
1669 692 1713 710 201
1727 693 1748 710 c.
1765 692 1789 715 53
1815 683 1890 709 Tum
1909 680 2022 715 augendi
2035 697 2044 711 ‚
2072 679 2243 706 minuendiue
2260 680 2333 706 caiisa
2351 689 2392 709 ve,

335 720 544 757 Superdimidius
558 721 600 750 esi,
619 719 665 753 qui
675 719 758 752 ipsum
772 719 888 753 aliquem
901 727 1052 750 numerum,
1063 724 1088 745 et
1102 718 1243 745 dimidium
1257 719 1313 744 eius
1329 718 1372 744 ha·
1435 717 1576 751 superlatio
1589 725 1665 754 atque
1679 719 1803 746 traieeiio
1817 724 1842 744 et
1854 717 1975 751 rogatio,
2013 721 2091 749 atque
2115 714 2176 741 huic
2195 714 2309 741 finitima
2331 717 2378 756 qua
2398 722 2406 754 J

334 757 388 785 bet.
424 757 598 790 Supertertius
611 754 657 788 qui
670 754 754 788 ipsum
769 754 885 789 aliquem
900 760 926 780 et
939 756 1044 780 tertiam
1057 754 1114 781 eius
1128 761 1173 780 etc.
1229 754 1327 780 Contra
1341 761 1373 778 ex
1435 753 1568 786 rontano,
1588 754 1769 789 expositioque
1782 753 1925 780 sententiae
1939 753 2006 778 suae.
2097 750 2145 777 Sed
2156 751 2212 785 Ipsa
2228 750 2367 785 superlatio
2381 760 2386 786 1
2399 756 2405 785 ζ,

334 793 433 820 eisdem
446 790 562 817 numeris
576 790 664 816 niinor
677 790 774 816 maiori
787 795 831 816 aut
852 788 1027 816 subdimidius
1040 790 1092 823 est,
1123 791 1203 824 (πή)
1221 798 1299 824 quern
1313 788 1373 822 ὗφη-
1435 787 1623 823 praelationem
1638 791 1758 816 omnium
1772 789 1897 823 significat
1917 787 2017 814 Charis.
2033 795 2043 813 1
2057 795 2078 812 c.
2093 784 2125 811 de
2138 785 2239 820 gradib.
2253 795 2278 820 p.
2291 794 2335 819 90.
2353 789 2370 813 i.
2381 791 2387 814 .'
2400 820 2401 823 Ἴ

335 827 487 863 wammam·
499 825 586 851 subter
588 826 648 854 ‘ius-
667 828 747 858 (324)
768 834 847 859 quem
861 823 984 858 ὗπότριτον
998 832 1043 852 εκ,
1434 826 1528 850 latium·
1541 825 1641 861 gradus.
1678 827 1718 852 Sic
1733 825 1865 858 Quinctil.
1879 833 1899 857 1,
1913 832 1941 850 ιο
1963 822 2035 848 Licet
2047 830 2093 856 per
2106 820 2314 856 comparationes
2322 826 2347 847 et
2360 821 2404 857 su·v

372 870 385 889 s
396 867 490 888 VPER
501 867 557 892 Do,
577 860 649 893 dedi,
669 860 770 892 datum,
789 870 840 886 are.
876 860 1045 895 [ἐπιτίθημι]
1087 859 1152 886 Cels.
1169 869 1191 891 7,
1203 868 1220 885 2
1238 859 1373 893 Purgatio·
1394 871 1425 889 20
1435 860 1531 886 tiones.
1624 861 1787 895 Superlatio,
1805 869 1853 895 pro
1868 859 1963 893 Insigni
1978 857 2135 891 cognomine
2148 865 2163 883 a
2176 865 2205 883 re
2218 856 2306 891 aliqua
2325 856 2388 884 sum.
2404 884 2405 889 Ἰ

335 897 376 923 nis
386 897 459 923 causa
473 895 589 931 paullum
605 896 690 926 mellis
711 895 918 930 imponendum,
944 895 1007 923 dein
1026 895 1181 931 glutinantia
1205 895 1374 928 superdanda.
1438 904 1520 929 quum
1534 894 1630 929 aliquis
1643 896 1762 930 Sapiens,
1782 904 1828 930 per
1841 894 2022 921 excellentiam
2036 898 2154 919 vocatur.
2191 892 2277 918 Valer.
2290 892 2360 918 Max.
2402 892 2403 895 ’

332 931 402 959 Ibid.
417 941 438 958 c.
452 941 464 964 7
478 941 503 957 n.
518 940 545 965 4.
584 939 607 958 et
622 940 646 965 5,
659 936 699 962 28.
737 939 764 966 7,
776 940 817 964 30.
853 936 877 964 8,
889 939 917 964 4.
1056 930 1222 957 Glutinantia
1234 929 1375 963 superdare
1438 931 1471 956 de
1484 931 1588 962 Crasso,
1608 931 1698 964 Qud?
1719 932 1806 958 Crasso
1819 938 1906 956 nonne
1919 931 2043 964 pecuniae
2056 927 2210 962 magnitudo
2225 927 2362 961 locupletis
2375 957 2378 960 ¹

333 969 438 995 Colum.
458 975 484 1002 7,
505 975 524 992 2.
1436 966 1528 992 dedit?
1560 964 1603 992 sed
1621 966 1706 992 eidem
1728 967 1814 1001 postea
1834 966 1924 999 inopia
1939 972 2042 999 turpem
2057 963 2205 989 decoeioris
2219 962 2390 997 superlation':

369 1010 412 1030 sv
422 1008 488 1028 PER
500 1008 518 1028 D
528 1009 549 1028 A
558 1007 580 1027 ‘r
590 1007 611 1027 V
620 1008 642 1032 s,
663 1010 688 1034 a,
708 1010 763 1028 um.
799 1001 896 1029 Oleum
910 1001 982 1028 Cael.
990 1000 1174 1028 Aurel.Tard.
1183 1009 1205 1035 3,
1214 1009 1237 1032 ¹7
1251 1003 1335 1032 n.163.
1435 1000 1532 1028 iunxit.
1601 1001 1677 1036 Apul.
1691 1001 1723 1028 de
1735 1001 1826 1029 Habit.
1838 1001 1913 1027 Do&
1927 1001 1989 1028 Plat.
2004 1009 2028 1034 p.
2043 1002 2096 1031 613,
2109 1008 2122 1030 7
2141 998 2237 1025 Florid.
2266 997 2315 1032 Sed
2327 1006 2396 1026 eum.

370 1045 383 1065 s
392 1043 459 1063 vri:
469 1044 486 1063 R
499 1043 516 1062 D
526 1038 607 1069 Vco,
628 1037 667 1069 xi,
685 1037 768 1069 cium,
788 1039 839 1064 Ere.
874 1036 1024 1072 [ἓπεισαίγω]
1061 1039 1164 1064 Praeter
1183 1040 1232 1062 iam
1253 1033 1372 1068 addueia,
1396 1048 1426 1073 23
1435 1046 1508 1063 mum
1520 1036 1617 1069 videri,
1633 1047 1710 1071 quem
1724 1039 1806 1064 multa
1820 1036 1988 1070 malignitatis
1997 1034 2138 1069 superlatio
2149 1033 2223 1068 poffit
2234 1033 2366 1060 excedere.

331 1074 384 1101 alia
399 1072 525 1099 adducere.
596 1072 677 1099 Plaut.
689 1073 776 1100 Truc.
790 1081 813 1104 2,
821 1075 846 1104 6,
855 1081 882 1105 53
900 1074 955 1099 Iam
969 1074 1035 1106 quin
1042 1073 1120 1099 etiam
1130 1071 1292 1105 superducas‚
1307 1080 1374 1105 quae
1475 1079 1487 1099 s
1501 1079 1522 1098 V
1531 1079 1545 1097 Ρ
1555 1079 1571 1099 Ε
1583 1079 1601 1099 R
1612 1080 1658 1100 LA
1670 1079 1690 1099 T
1700 1075 1739 1101 Iv
1748 1079 1768 1098 v
1778 1079 1801 1105 S,
1820 1081 1845 1104 a,
1864 1080 1918 1098 um.
1955 1072 2016 1098 Adi.
2053 1071 2065 1104 [
2080 1068 2251 1109 ὕπερθετικός]
2314 1069 2362 1102 Vt,
2373 1068 2406 1099 ‘S'

334 1108 403 1135 mihi
416 1107 555 1134 comedant
566 1107 665 1134 cibum.
754 1108 932 1142 Superducere
948 1116 1100 1140 nouercam,
1115 1115 1189 1142 pater
1203 1115 1254 1132 tum
1266 1107 1373 1140 dicitur,
1434 1108 1530 1135 latiuiis
1543 1108 1653 1142 gradus:
1674 1109 1706 1135 de
1721 1117 1775 1143 quo
1789 1106 1891 1134 abunde
1903 1107 1970 1141 apud
1986 1107 2185 1132 Grammaticos,
2227 1102 2285 1132 Vid.
2306 1103 2412 1143 Charisi

331 1153 385 1170 cum
395 1147 481 1178 priore
492 1152 568 1170 uxore
584 1150 697 1175 mortua,
717 1142 788 1178 filiis
836 1147 898 1170 ioris
917 1147 1071 1170 matrimonii
1092 1152 1218 1168 nouercam
1236 1142 1342 1168 inducit.
1357 1142 1374 1168 Ι.
1435 1153 1477 1178 90.
1512 1143 1602 1170 Isidor.
1618 1152 1637 1176 1,
1651 1146 1677 1170 6.
2374 1146 2377 1149 ’

333 1179 385 1207 vlt:
399 1179 437 1204 De
452 1178 513 1205 bon.
530 1185 620 1204 mater.
633 1179 662 1205 in
675 1179 706 1204 C.
719 1178 802 1205 Theo
823 1199 829 1205 .
843 1185 890 1212 38¹-
909 1179 1039 1213 Qiineiil.
1056 1178 1171 1204 Declam.
1213 1177 1328 1210 Quidam
1343 1178 1372 1203 fi·
1471 1185 1514 1205 sv
1524 1185 1564 1205 PE
1575 1185 1594 1205 R
1608 1185 1624 1205 Ρ
1635 1187 1670 1206 ic
1682 1186 1692 1205 i
1704 1185 1754 1210 Es,
1775 1178 1809 1203 ei.
1829 1177 1850 1203 s.
1886 1174 2015 1210 [ἐπιστολὴ
2034 1176 2180 1209 ἐπιφάνεια]
2216 1173 2284 1211 quast
2302 1174 2375 1209 Supe‘
2386 1188 2401 1196 ··

331 1215 371 1241 lio
386 1214 539 1248 superduxit
554 1222 704 1244 nouercam,
726 1220 751 1240 et
765 1223 796 1240 ex
809 1223 839 1241 ea
851 1214 929 1241 aliam
943 1214 1025 1240 tiliam
1046 1214 1163 1247 suscepit.
1212 1213 1281 1248 conf.
1295 1214 1372 1247 Capi·
1389 1226 1420 1250 30
1434 1215 1475 1240 vel
1488 1214 1608 1248 superior
1621 1215 1700 1241 facies
1714 1234 1723 1246 ‚
1744 1213 1865 1247 superior
1878 1221 1935 1246 pars
1954 1214 2114 1247 cuiuscunque
2124 1215 2174 1242 rei,
2202 1220 2261 1246 quae
2275 1210 2355 1246 supra
2414 1231 2415 1235 ,

330 1250 408 1278 tolin.
424 1250 451 1275 in
465 1251 555 1276 Marco
568 1258 641 1283 c.29.
676 1248 742 1276 Plin.
756 1250 833 1284 Epist.
847 1251 878 1276 ad
891 1251 1041 1276 Romanum
1053 1252 1067 1274 6
1087 1249 1215 1275 inducere
1229 1257 1371 1276 nouercam
1428 1250 1502 1286 suum
1517 1256 1541 1275 et
1553 1259 1634 1276 arcam
1648 1253 1750 1281 eminet,
1767 1258 1781 1274 a
1795 1258 1842 1284 qua
1849 1248 1887 1280 fic
1900 1247 1926 1273 di
1950 1250 2071 1283 inguitur.
2152 1246 2213 1273 Liu.
2228 1256 2248 1277 5,
2263 1255 2296 1280 54
2318 1245 2399 1285 Adeo·
2412 1250 2413 1271 1

330 1283 489 1321 eodem-sensu
502 1285 577 1311 dixit.
1434 1290 1506 1311 tenet
1526 1285 1612 1310 solum
1630 1286 1730 1319 patriae
1748 1299 1793 1304 —
1815 1283 1857 1309 sed
1876 1284 1904 1309 in
1924 1283 2072 1317 superficiei
2092 1282 2225 1316 tignisque
2238 1283 2330 1308 carita·
2342 1281 2400 1311 noh

367 1328 380 1348 s
390 1327 409 1345 v
419 1327 510 1347 PERD
524 1327 542 1344 V
556 1326 572 1346 C
583 1326 604 1346 Τ
614 1325 666 1350 VS,
685 1328 708 1350 a,
724 1328 778 1346 um.
834 1320 958 1347 Nouerca
973 1319 1127 1354 superducta
1146 1319 1305 1346 adolescenti
1318 1321 1371 1347 Do-
1434 1321 1502 1346 triae
1516 1320 1610 1354 pendet
1623 1321 1632 1346 3
1737 1320 1794 1347 Cic.
1812 1319 1865 1345 Att.
1879 1328 1905 1351 4,
1919 1327 1928 1344 1
1943 1325 2007 1344 extr.
2028 1317 2084 1350 Qii
2104 1317 2122 1342 si
2143 1317 2289 1343 sustulerint
2307 1317 2382 1352 religi
2411 1315 2417 1323 ¹

329 1362 383 1383 nat.
393 1355 669 1389 inl'rolog.Eun.i(.9,
707 1355 764 1381 add.
779 1355 866 1381 Sidon.
880 1356 960 1390 Epist.
975 1366 997 1388 ς,
1012 1364 1045 1387 17.
1435 1364 1522 1381 aream
1539 1355 1698 1389 praeclaram
1711 1355 1853 1387 habemus,
1878 1353 2041 1388 superficiem
2060 1353 2186 1379 Consules
2206 1361 2236 1379 ex
2250 1353 2398 1383 Senatuscm·

368 1397 381 1417 s
392 1397 413 1416 V
425 1397 440 1416 Ρ
450 1397 466 1417 E
476 1396 492 1416 R
504 1396 545 1416 ED
557 1397 563 1415 1
577 1396 599 1415 Τ
610 1397 631 1416 V
644 1396 671 1421 S,
687 1398 711 1422 a,
730 1399 783 1417 um.
821 1392 907 1425 Atque
919 1391 1010 1418 oriens
1031 1391 1134 1425 (luna)
1151 1389 1241 1418 obitus
1249 1390 1306 1417 eius
1320 1391 1371 1426 (si)-
1391 1397 1419 1424 35
1436 1391 1618 1417 aestimabunt.
1727 1392 1767 1417 Ita
1785 1393 1910 1426 accipnur
1929 1389 2081 1422 Superficies
2099 1388 2208 1415 Arboris
2228 1388 2293 1414 Plin.
2309 1396 2347 1422 17,
2355 1396 2391 1422 14,

330 1427 387 1461 Iis)
407 1424 553 1460 superedita
572 1425 641 1452 vidit
659 1425 763 1452 Lucret.
772 1433 864 1460 5,707.
1434 1427 1507 1452 Vitis
1520 1427 1626 1453 Colum.
1635 1426 1666 1452 de
1681 1425 1743 1452 Arb.
1757 1435 1778 1452 c.
1793 1435 1828 1452 10.
1904 1424 2007 1452 Videtur
2019 1425 2078 1452 baec
2088 1433 2137 1450 vox
2150 1423 2273 1450 reddenda
2286 1425 2390 1455 Varroni

366 1469 378 1489 s
389 1469 410 1488 V
420 1468 459 1488 PE
470 1460 540 1496 Rjzn
553 1467 585 1490 o,
605 1460 657 1494 edi,
676 1461 756 1493 esum,
782 1463 834 1488 ere.
872 1460 997 1496 [ἔηεᾶἰω]
1054 1459 1139 1494 ΡρΠεα
1157 1461 1234 1489 edere.
1304 1462 1372 1487 Plin.
1436 1463 1509 1489 Non.
1524 1465 1550 1494 6,
1559 1471 1587 1493 ²4
1606 1463 1671 1488 Item
1685 1461 1777 1496 tragici
1792 1460 1921 1495 prodeunt
1934 1469 1992 1486 cum
2012 1460 2096 1494 capite
2115 1459 2245 1493 gibbero,
2268 1467 2349 1493 quum
2365 1468 2388 1493 a&
2401 1477 2403 1488 l

330 1499 390 1530 ¹9²⁶
411 1496 571 1528 Menander,
587 1504 600 1521 e
616 1496 721 1522 Graecis
734 1496 825 1523 audior
841 1496 876 1522 est
890 1496 981 1523 allium
995 1496 1150 1529 edentibus,
1167 1497 1185 1523 si
1199 1497 1315 1524 radicem
1328 1497 1372 1524 be·
1436 1498 1493 1532 lege
1507 1497 1538 1524 ad
1551 1498 1667 1524 frontem
1683 1496 1831 1531 superficies
1849 1499 1959 1532 (tegitur
1975 1495 2145 1529 Superficias)
2159 1494 2304 1521 accedebat.
2347 1495 2389 1523 Fre}

330 1538 372 1560 tae
382 1533 408 1558 in
423 1541 504 1566 pruna
513 1531 604 1558 tostam
616 1531 804 1565 superederint‚
821 1532 931 1558 odorem
945 1532 1085 1566 exstingui.
1438 1532 1506 1569 quali
1517 1542 1590 1566 area,
1614 1531 1842 1567 cuiginacdificatus
1853 1531 1885 1564 qli
1898 1532 1965 1558 velut
1978 1535 2073 1557 rutulus
2089 1531 2191 1565 aliquis.
2262 1527 2391 1566 Speciatiin

366 1574 407 1595 SV
418 1575 432 1594 Ρ
442 1574 459 1594 E
471 1575 489 1594 R
501 1573 518 1593 E
531 1573 547 1593 F
559 1573 575 1592 F
585 1574 599 1592 1,
609 1574 629 1593 V
641 1574 671 1597 O,
687 1576 737 1593 ere.
773 1568 896 1595 Clausum
912 1568 1018 1602 scopulo
1027 1568 1187 1602 supereffluit
1200 1576 1301 1603 aequor
1314 1568 1372 1595 Val.
1389 1579 1421 1603 40
1438 1569 1510 1596 ICtos
1524 1568 1678 1603 Superficies
1687 1588 1696 1601 ‚
1715 1572 1741 1594 in
1756 1567 1879 1603 aedificiis
1892 1567 2002 1599 dicitur,
2027 1572 2145 1602 quatenus
2164 1569 2191 1592 in
2204 1567 2283 1592 alieno
2290 1565 2394 1600 solofiut-
2405 1573 2434 1604 τί·Ι

329 1603 412 1631 Flacc.
426 1606 514 1637 4‚688.
551 1601 609 1629 add.
624 1602 772 1629 Paullin.de
781 1605 857 1630 obitu
871 1601 935 1630 Celsi
948 1612 965 1630 v
981 1612 1027 1635 511.
1436 1604 1566 1639 aedificata
1580 1603 1622 1637 est.
1678 1606 1764 1639 Itaque
1775 1602 1839 1639 fieri
1854 1600 1950 1638 potest,
1970 1608 2000 1628 vt
2018 1601 2122 1628 eiusdem
2142 1601 2224 1628 domus
2244 1601 2290 1628 duo
2300 1600 2384 1634 fintiio
2407 1604 2434 1630 Ἤ·

370 1645 382 1663 s
396 1644 489 1664 VPER
502 1644 517 1663 E
527 1643 547 1663 G
561 1644 579 1663 R
591 1645 607 1663 E
618 1644 635 1664 D
645 1645 653 1662 Ι
664 1645 709 1665 OR
719 1657 726 1669 ,
746 1639 782 1665 di.
838 1639 1089 1673 Superegrediamur
1103 1638 1217 1674 plebeia·
1232 1639 1373 1674 opiniones
1437 1641 1501 1666 alter
1514 1639 1681 1674 superficiei,
1701 1640 1764 1666 alter
1771 1639 1831 1675 soli.
1868 1638 1938 1664 Paul.
1953 1638 1980 1663 in
1995 1637 2010 1663 Ι.
2025 1638 2121 1664 Damni
2135 1637 2227 1664 intes).
2239 1635 2260 1673 §.
2279 1637 2308 1662 Ei
2321 1637 2390 1671 quiri
2432 1648 2434 1651 ⁴

329 1673 451 1700 Ambros.
465 1672 540 1706 Epist.
549 1676 563 1696 6
576 1681 598 1706 ρ.
609 1680 641 1707 79
664 1674 733 1699 Frob.
1437 1675 1542 1701 Damno
1555 1675 1656 1702 insufflo
1665 1694 1673 1707 ‚
1698 1675 1729 1701 Ei
1744 1676 1790 1708 qui
1805 1675 1832 1700 in
1845 1672 1976 1699 conducio
1990 1673 2046 1699 solo
2058 1673 2220 1707 superficiem
2239 1672 2364 1706 imposuit,
2373 1671 2391 1707 ἀι

367 1716 380 1735 s
392 1715 413 1734 V
427 1715 442 1734 Ρ
456 1714 472 1733 Ε
483 1715 548 1734 Risi.
559 1714 574 1733 Ε
586 1713 606 1732 ν
619 1715 655 1740 0,
692 1712 746 1735 are.
801 1708 845 1735 Ne
866 1708 1048 1742 supereleuent
1069 1710 1094 1736 se
1108 1709 1262 1744 iniquitates
1274 1709 1373 1737 vestrae
1437 1719 1485 1735 nus
1499 1711 1564 1742 soli,
1587 1710 1658 1744 quod
1678 1710 1748 1736 vitio
1768 1710 1817 1736 soli
1838 1708 1963 1735 damnum
1982 1709 2102 1735 futurum
2116 1708 2161 1741 sit,
2180 1717 2274 1735 cauere
2287 1716 2339 1734 non
2348 1704 2388 1734 leb
2415 1726 2429 1745 ,2-

331 1744 410 1778 vulg.
425 1743 496 1770 Esdr.
509 1752 536 1776 4,
550 1750 593 1776 77.
1382 1750 1416 1775 45
1437 1754 1483 1770 nec
1503 1745 1552 1771 soli
1584 1745 1694 1770 domino
1717 1744 1916 1778 superficiarius.
1953 1744 2092 1770 Iabolenus
2111 1743 2140 1769 in
2160 1744 2176 1770 l.
2197 1753 2256 1770 eum
2276 1743 2332 1777 qui.
2356 1742 2392 1770 iu>

368 1786 380 1805 s
391 1786 411 1805 V
422 1786 436 1805 Ρ
448 1785 462 1804 Ρ
471 1786 489 1805 R
498 1785 514 1804 E
524 1777 630 1809 Μῑεο,
648 1776 686 1808 ui,
705 1781 758 1804 are.
813 1777 902 1805 Sidon.
915 1778 1003 1805 Carm.
1017 1786 1042 1812 ις
1060 1779 1131 1805 Hinc
1143 1778 1213 1813 fieri,
1230 1784 1258 1806 vt
1275 1784 1372 1806 terram
1435 1781 1526 1812 Quum
1540 1780 1615 1806 aedes
1627 1788 1658 1806 ex
1673 1779 1772 1805 duabus
1787 1778 1864 1804 rebus
1880 1778 2007 1810 constent,
2028 1786 2059 1805 ex
2071 1778 2167 1807 solost
2179 1778 2324 1812 superficie.
2372 1778 2389 1805 Ii

329 1815 415 1842 leuior
430 1813 599 1848 superemicet
613 1813 689 1840 vnda.
1435 1816 1464 1841 in
1479 1815 1496 1840 l.
1512 1815 1539 1841 Si
1553 1816 1613 1849 quis
1626 1815 1724 1841 testam.
1738 1812 1760 1850 §.
1785 1814 1839 1847 Qii
1854 1813 1975 1839 fundum.
1989 1814 2020 1839 D.
2035 1812 2067 1839 de
2080 1813 2172 1847 legatis
2187 1815 2284 1847 primo.
2353 1813 2392 1848 Ap

368 1857 381 1877 S
391 1858 411 1876 v
421 1857 435 1876 Ρ
445 1857 457 1875 k
474 1856 491 1875 R
505 1855 520 1875 Ε
533 1856 555 1874 Μ
565 1848 603 1874 TN
615 1855 670 1880 ΕΟ,
689 1847 728 1878 ιιι,
747 1850 801 1874 ere.
838 1846 1012 1883 [δπερρξίχω]
1045 1849 1161 1889 Amplius
1175 1853 1286 1876 eminere.
1321 1850 1372 1876 Co·
1434 1851 1508 1877 tione
1522 1850 1638 1877 aedificii
1651 1857 1694 1876 aut
1710 1849 1872 1883 superficiem
1887 1848 2021 1882 fignificat,
2037 1854 2082 1874 aut
2097 1849 2180 1875 solum
2195 1858 2312 1884 quoque,
2326 1849 2366 1876 cui
2379 1857 2389 1874 a

331 1885 420 1912 lumel.
435 1893 471 1917 12,
484 1893 516 1917 47
537 1885 572 1909 Vt
585 1883 673 1910 oliuae
687 1888 854 1917 premantur,
876 1890 901 1923 et
917 1884 957 1909 ius
973 1885 1164 1917 superemineat
1182 1884 1256 1919 Virg.
1269 1886 1331 1911 Aen.
1345 1887 1372 1916 6,
1435 1887 1506 1911 cium
1520 1885 1706 1920 superpositum
1721 1884 1765 1910 est.
1803 1884 1863 1917 le.
1878 1884 1906 1909 in
1921 1883 1938 1909 l.
1966 1883 2024 1909 Hoc
2038 1883 2150 1917 amplius
2169 1882 2193 1920 β.
2219 1885 2368 1917 Quaesitum
2380 1893 2390 1909 e

330 1923 375 1954 836
520 1919 661 1951 viciorque
678 1919 750 1944 viros
771 1918 947 1951 supereminet
967 1927 1066 1944 omnes.
1393 1928 1425 1953 50
1436 1920 1468 1946 de
1484 1921 1588 1947 Damno
1601 1920 1693 1946 infeci.
1729 1918 1882 1952 Qiaesitum
1897 1918 1949 1949 est,
1969 1917 1986 1943 si
1999 1918 2083 1944 solum
2098 1918 2127 1945 sit
2138 1919 2257 1952 alterius,
2278 1919 2390 1954 supersit:

366 1962 407 1981 sV
420 1960 435 1980 Ρ
447 1960 464 1979 Ε
474 1960 516 1979 RE
528 1960 550 1978 M
561 1960 570 1978 1
580 1959 601 1978 N
613 1959 627 1978 ε
638 1960 659 1978 Ν
672 1958 684 1977 s
698 1969 707 1982 ‚
740 1953 816 1978 entis.
851 1954 918 1978 Part.
963 1954 1062 1981 ·Terra
1083 1953 1294 1987 supereminente
1313 1956 1371 1984 Sen.
1435 1955 1533 1981 terius:
1558 1954 1751 1990 superficiarius
1771 1962 1859 1980 virum
1875 1953 2060 1987 repromittere
2072 1953 2160 1981 damni
2175 1955 2284 1987 infetffi,
2304 1964 2336 1982 an
2351 1957 2390 1982 sat:

330 1992 382 2024 Ql.
405 1990 469 2015 Nat.
493 1995 515 2020 ς,
537 1996 567 2017 ις.
637 1986 695 2014 add.
716 1987 847 2013 Ammian.
865 1996 907 2019 22,
931 1995 964 2021 ις.
1086 1988 1284 2023 Supereminens
1298 1998 1373 2019 extra
1436 1989 1547 2017 debeat?
1584 1991 1614 2017 Et
1638 1990 1754 2016 Iulianus
1776 1989 1883 2021 scribit,
1904 1989 2009 2023 quoties
2028 1989 2205 2024 superficiaria
2218 1990 2301 2017 insula
2315 1991 2390 2017 vitioi

328 2034 423 2059 aquam
452 2023 517 2050 Plin-
538 2024 576 2053 26,
594 2027 617 2053 8-
685 2022 742 2049 add·
762 2022 831 2049 Cels·
854 2032 883 2056 5,
902 2031 944 2056 29.
1017 2022 1134 2051 Laeiant.
1149 2034 1177 2057 4,
1192 2032 1224 2058 ις.
1280 2027 1371 2054 Sidon.
1434 2026 1574 2053 dominum
1588 2032 1613 2052 et
1628 2025 1660 2051 de
1674 2026 1722 2052 soli
1736 2031 1762 2051 et
1775 2024 1892 2051 aedificii
1905 2024 1974 2050 vitio
1987 2023 2186 2058 repromittere:
2204 2031 2247 2052 aut
2265 2035 2335 2058 eum,
2347 2025 2380 2052 ad

328 2061 408 2095 Epist.
423 2068 450 2092 4,
464 2067 476 2091 3
491 2066 513 2085 et
528 2066 553 2090 9,
568 2066 594 2090 9·
1434 2061 1585 2096 superficies
1598 2062 1728 2096 pertinet,
1753 2060 1784 2087 de
1798 2066 1913 2094 vti-oque
1932 2060 2062 2086 satisdare.
2095 2061 2222 2095 Pompon.
2241 2062 2269 2087 in
2282 2061 2300 2088 l.
2318 2061 2388 2087 Inter

365 2104 378 2123 s
387 2103 407 2122 V
418 2102 433 2122 P
442 2101 458 2120 E
469 2101 487 2120 R
499 2100 515 2120 Ε
528 2099 551 2119 M
561 2101 570 2119 1
582 2098 603 2118 N
613 2099 630 2119 E
643 2098 666 2118 N
675 2099 697 2119 T
707 2099 716 2117 1
726 2100 757 2125 A,
771 2101 808 2119 ae.
825 2093 844 2119 f.
869 2093 927 2120 ICti
940 2093 967 2120 in
980 2093 1040 2128 Dig.
1391 2105 1418 2131 55
1435 2095 1459 2133 ᾗ.
1473 2098 1579 2123 Damni.
1592 2105 1633 2123 eo.
1647 2097 1688 2123 tit.
1709 2096 1739 2122 Ei
1753 2097 1799 2131 qui
1814 2095 2018 2130 superficiariam
2030 2095 2142 2122 insulam
2155 2096 2241 2127 habet,
2259 2096 2332 2122 vtilis
2344 2095 2380 2122 est

366 2139 378 2158 s
391 2137 411 2155 v
423 2137 437 2156 Ρ
447 2137 462 2156 E
471 2136 489 2155 R
501 2135 516 2155 E
528 2136 552 2155 M
561 2135 606 2155 OR
615 2136 634 2155 1.
672 2128 850 2154 Senescenteni
866 2129 956 2162 (auem
966 2130 1128 2165 phoenicem)
1147 2131 1225 2158 casiae
1232 2132 1372 2167 thurisque
1435 2132 1555 2166 pulatio,
1575 2131 1592 2158 si
1609 2132 1674 2166 quid
1688 2133 1716 2158 iri
1728 2131 1864 2166 superficie
1878 2131 1967 2158 damni
1980 2130 2068 2158 datum
2083 2130 2178 2157 fuerit:
2211 2137 2236 2157 et
2249 2131 2391 2158 nihilomin

328 2166 441 2195 surculis
450 2164 599 2191 construere
613 2163 716 2196 nidum,
736 2164 838 2198 replere
851 2163 990 2196 odoribus,
1001 2172 1027 2191 et
1040 2166 1204 2199 superemori
1222 2169 1288 2197 Plin.
1299 2178 1338 2203 ιο,
1346 2178 1371 2196 2.
1436 2169 1492 2194 iam
1507 2168 1555 2195 soli
1567 2168 1678 2194 domino
1695 2168 1769 2194 vtilis
1782 2168 1827 2198 est,
1848 2166 1865 2192 si
1879 2167 1935 2193 solo
1949 2167 2072 2194 damnum
2087 2166 2175 2193 datum
2187 2166 2278 2199 fuerit,
2296 2172 2324 2193 vt
2336 2166 2354 2192 si
2365 2172 2392 2193 to
2408 2167 2424 2194 li·

366 2209 381 2229 s
396 2209 417 2231 v
430 2208 444 2228 Ρ
455 2207 470 2227 Ε
482 2207 500 2227 R
512 2206 529 2227 E
541 2206 561 2226 N
570 2206 595 2241 :A
607 2205 619 2225 s
628 2206 645 2226 c
654 2206 672 2225 Ο
683 2207 712 2231 R,
726 2200 769 2225 sci.
805 2200 965 2234 Superenato
978 2200 1051 2227 caule
1064 2201 1129 2228 Plin.
1146 2211 1216 2236 19‚3.
1435 2203 1556 2238 perficies
1571 2203 1718 2230 tolleretur.
1741 2201 1910 2229 fraudabitur
1929 2202 2000 2228 enim
2014 2203 2137 2229 dominus
2148 2202 2198 2229 soli
2213 2202 2242 2229 in
2260 2201 2392 2237 pensione1
2406 2198 2431 2230 ‘i‘

365 2244 379 2264 ³
388 2244 408 2263 V
417 2243 432 2264 Ρ
443 2242 460 2264 Β
473 2242 492 2263 R
505 2242 522 2262 ε
534 2242 555 2261 Ν
568 2242 586 2262 Α
595 2241 615 2260 T
625 2241 655 2267 O,
673 2238 734 2275 are..
762 2235 858 2261 Lucan.
873 2245 901 2268 4,
916 2244 953 2268 ¹33
1437 2239 1542 2273 pientia.
1594 2239 1664 2275 conf.
1677 2244 1695 2265 t.
1709 2238 1736 2265 ff.
1750 2238 1782 2264 de
1795 2237 1998 2272 superficiebus,
2023 2246 2090 2272 quae
2110 2238 2139 2264 in
2158 2237 2289 2264 conducio
2302 2237 2357 2264 solo
2367 2243 2434 2273 pomi.

483 2271 601 2298 Primum
618 2279 679 2297 cana
691 2270 754 2296 salix
769 2270 917 2297 madefaCtO
934 2271 1035 2298 vimine
1046 2280 1154 2306 paruam
1389 2279 1424 2304 60
1436 2274 1494 2300 add.
1510 2276 1584 2301 Parei
1597 2276 1655 2300 Lex.
1669 2274 1731 2301 Crit.
1747 2276 1852 2308 p.1206.
1922 2273 1989 2299 Plin.
2005 2281 2038 2304 ιι,
2052 2279 2086 2306 48
2106 2274 2270 2309 peculiariter
2289 2273 2396 2303 adhibiti

484 2307 604 2345 Texitur
617 2306 644 2331 in
657 2306 776 2345 puppim:
805 2307 931 2341 caesoque
944 2306 1034 2334 induta
1049 2308 1176 2341 iuuenco,
1437 2310 1522 2341 detur,
1548 2309 1730 2345 Solidipedum
1742 2317 1818 2335 crura
1831 2307 1916 2335 statim
1930 2308 1996 2335 iusta
2008 2309 2148 2336 nascuntur
2158 2310 2293 2335 mensura:
2331 2312 2371 2342 pp‘
2382 2325 2389 2331 τ
2415 2310 2421 2337 J

484 2342 607 2381 Vectoris
620 2348 734 2380 patiens,
755 2341 884 2368 tumidum
902 2343 1065 2377 superenatat
1083 2352 1196 2371 amnem.
1435 2345 1600 2380 porrigentia
1613 2346 1637 2372 se
1649 2346 1753 2376 veriun,
1779 2352 1858 2378 quam
1870 2344 2020 2371 crescentia.
2090 2345 2181 2379 Itaque
2194 2345 2222 2370 in
2242 2344 2344 2371 infanti
2373 2347 2374 2350 ’
2390 2358 2393 2365 ι

330 2378 387 2408 Alii
404 2378 502 2413 legunt,
535 2378 720 2409 Superemicat.
733 2377 823 2413 ‘Caeso
837 2377 968 2410 iuuenco,
992 2381 1011 2404 i.
1032 2379 1104 2405 Corio
1122 2380 1217 2406 bubulo.
1310 2380 1372 2408 Flu·
1436 2389 1511 2408 aures
1527 2380 1734 2415 posterioribus,
1752 2379 1824 2413 quod
1839 2378 1926 2406 addita
1939 2385 2021 2406 aetate
2034 2388 2088 2406 non
2108 2386 2223 2415 queunt:
2251 2380 2314 2414 quia
2331 2379 2346 2406 l
2380 2392 2381 2396 ¹

331 2414 388 2442 &us
401 2414 564 2447 superenatat
576 2419 666 2437 0mnes
684 2409 777 2436 Alc¹¹¹¹=
793 2419 875 2442 »ist-20·
1436 2415 1600 2450 superficiem
1613 2425 1755 2450 corporum
1770 2415 1855 2442 solum
1867 2414 1991 2449 ampliat,
2010 2425 2058 2441 non
2069 2418 2127 2442 item
2136 2415 2244 2451 pedum„
2277 2412 2329 2442 Ηο
2362 2392 2395 2459 ᾗ

369 2455 383 2475 s
395 2456 414 2474 V
424 2455 438 2473 Ρ
449 2454 465 2474 E
477 2454 495 2487 R
505 2454 520 2473 E
530 2453 560 2479 o,
579 2448 626 2472 ire.
665 2445 796 2482 Iresuper.
832 2446 937 2471 Lucret.
951 2454 1042 2478 3‚1044
1063 2446 1100 2472 Ac
1113 2447 1224 2479 pedibus
1237 2449 1311 2474 salsas
1325 2450 1371 2475 do·
1391 2453 1421 2483 65
1436 2451 1522 2476 cedens
1537 2459 1606 2477 aetas
1622 2453 1743 2487 reliquum
1756 2458 1844 2486 corpus
1858 2457 1930 2486 auget
1940 2457 1988 2486 pro
1999 2453 2130 2486 portione,
2155 2460 2204 2478 non
2222 2454 2281 2477 item
2295 2452 2351 2488 “W
2366 2458 2396 2494 Q

331 2485 387 2512 cuit
402 2485 516 2517 superire
528 2482 638 2508 lacunas.
1433 2485 1532 2518 pedum.
1728 2483 1749 2520 ff
1770 2494 1782 2510 2
1819 2485 1974 2519 Superficies
1986 2487 2166 2513 mathematicis
2179 2486 2215 2513 est
2228 2506 2236 2517 ,
2255 2487 2353 2521 Qae'',
2369 2491 2395 2527 ’ῇῇ
2409 2492 2414 2522 ξ

367 2527 380 2547 s
391 2526 411 2546 v
423 2527 437 2545 Ρ
448 2525 464 2545 Ρ
473 2525 491 2544 R
501 2525 517 2544 Ε
527 2524 543 2543 R
555 2524 571 2543 E
580 2524 596 2543 c
606 2524 627 2543 ‘r
637 2523 659 2542 v
670 2523 693 2548 s,
711 2524 736 2548 a,
755 2525 808 2542 um.
847 2515 925 2542 Nasci
939 2521 1054 2550 putatur,
1068 2524 1150 2549 quum
1164 2523 1245 2550 parua
1259 2516 1371 2543 declina·
1436 2527 1506 2549 nem,
1524 2523 1548 2542 et
1568 2517 1724 2543 latitudinem
1742 2526 1839 2544 tantum
1857 2520 1938 2546 habet.
1987 2521 2063 2547 Cuius
2075 2522 2171 2556 quidem
2181 2525 2298 2554 termini,
2313 2519 2337 2557 s
2352 2549 2355 2552 ,
2411 2545 2413 2547 ,

330 2555 405 2582 tione
424 2554 497 2581 velut
516 2562 530 2579 a
548 2551 735 2587 perpendiculo
756 2551 951 2586 ffiperereffihma
971 2551 1040 2586 gerit
1061 2551 1142 2577 solem
1174 2552 1306 2579 Ammian.
1328 2561 1372 2586 20,
1438 2551 1479 2586 Esl
1492 2555 1572 2588 igitur
1587 2551 1740 2585 Superficies
1754 2553 1829 2585 plana
1840 2554 1871 2579 ab
1883 2562 1933 2579 vna
1946 2555 2011 2580 linea
2022 2556 2055 2580 ad
2064 2558 2140 2581 aliam
2152 2556 2288 2591 breuxffima
2307 2552 2357 2582 ext¹
2393 2566 2395 2569 ·

329 2600 350 2624 3.
370 2590 398 2616 de
412 2591 480 2615 luna.
1439 2590 1605 2615 extremitates
1612 2587 1673 2622 Jiaas
1685 2596 1735 2613 eam
1749 2590 1878 2622 recipiens.
1894 2588 1995 2614 Euclid.
2009 2589 2091 2614 Elem.
2106 2598 2124 2614 ι.
2428 2604 2434 2611 ι

368 2633 380 2652 s
390 2632 406 2650 V
418 2631 431 2650 Ρ
441 2631 457 2651 Ε
466 2631 484 2650 R
492 2630 508 2650 E
519 2629 538 2649 R
549 2620 568 2650 ὅ
577 2629 598 2649 G
608 2628 639 2654 0,
657 2625 710 2649 are.
751 2621 827 2648 Vltra
841 2621 905 2657 quod
924 2621 1064 2657 requisitum
1079 2621 1111 2655 est
1119 2643 1127 2656 ,
1135 2621 1233 2657 facere.
1269 2623 1373 2657 Proprie
1391 2624 1432 2653 70·
1477 2630 1490 2650 s
1502 2630 1521 2648 V
1535 2629 1551 2648 Ρ
1562 2629 1578 2648 E
1588 2629 1606 2648 R
1617 2629 1632 2648 F
1642 2629 1651 2647 1
1662 2628 1679 2647 C
1690 2630 1697 2647 1
1707 2628 1726 2647 V
1736 2629 1772 2654 M,
1792 2623 1809 2649 i.
1829 2631 1855 2648 n.
1879 2622 1944 2657 apud
1960 2623 2135 2656 Pomponium
2149 2624 2170 2649 Ie
2189 2627 2240 2649 itur
2251 2627 2279 2649 in
2291 2624 2354 2651 bunc
2365 2632 2396 2650 m(
2432 2624 2434 2626 ’

327 2662 386 2695 plus
393 2660 489 2696 fhluere
504 2668 574 2694 quam
586 2658 692 2684 debebas.
730 2657 757 2683 Si
771 2657 835 2692 quid
848 2658 918 2684 fort'e
931 2657 1118 2692 supererogasti
1132 2658 1188 2685 ICt.
1201 2666 1217 2685 2
1231 2658 1297 2684 Cod.
1312 2664 1329 2684 t.
1347 2666 1374 2690 19
1439 2658 1466 2684 Si
1479 2667 1510 2684 ex
1525 2657 1674 2691 lapicidinis
1687 2657 1781 2684 dotalis
1799 2657 1894 2690 fundi,
1920 2657 2051 2691 lapidem,
2075 2659 2117 2685 vel
2137 2631 2260 2691 argores,
2284 2667 2351 2693 quae
2369 2659 2395 2685 fr

333 2697 352 2723 Ι.
366 2705 399 2727 14.
437 2694 505 2730 conf.
521 2694 596 2728 Vulg.
604 2694 667 2719 Luc.
678 2700 756 2725 10,3;.
1439 2702 1492 2720 non
1508 2694 1601 2723 essene
1623 2692 1674 2718 siue
1688 2692 1853 2726 superficium
1867 2692 1983 2720 aedificii
1998 2693 2109 2727 dotalis,
2127 2694 2262 2720 voluntate
2274 2694 2395 2720 mulieris

367 2739 379 2758 s
390 2737 410 2756 v
421 2737 435 2756 Ρ
445 2737 462 2757 Ε
472 2737 490 2756 R
500 2736 514 2755 Ε
524 2736 542 2756 R
552 2736 570 2755 ο
580 2735 600 2754 G
610 2734 678 2755 AT1
690 2733 721 2761 ο,
730 2727 797 2754 onis.
807 2727 824 2753 f.
835 2726 964 2760 Qinffll.
979 2728 1052 2755 Deel.
1061 2727 1182 2755 Tribun.
1196 2728 1277 2755 Marii
1290 2737 1312 2754 c.
1322 2730 1339 2755 6
1349 2737 1375 2764 p.
1439 2729 1555 2761 diderit,
1574 2729 1648 2754 numi
1661 2736 1693 2754 ex
1707 2736 1736 2754 ea
1748 2728 1901 2755 venditione
1915 2730 1971 2755 sunt
1987 2728 2066 2756 dotis.
2119 2729 2160 2756 Sic
2174 2729 2202 2755 in
2214 2729 2232 2755 i.
2247 2731 2264 2764 j.
2278 2729 2309 2755 D.
2323 2729 2354 2756 de
2366 2730 2411 2766 suf·

330 2772 376 2801 858
394 2766 453 2792 Obr.
467 2775 491 2800 p.
503 2770 535 2794 80.
550 2765 634 2791 Burm.
1439 2764 1538 2791 ciebus.
1574 2763 1655 2790 Gaius
1670 2763 1716 2790 lib.
1730 2771 1751 2790 2.
1767 2763 1850 2790 instit.
1863 2764 1903 2790 tit.
1919 2772 1937 2790 i.
2408 2768 2411 2778 ¹

367 2809 380 2829 s
390 2809 410 2829 v
421 2808 434 2827 P
444 2808 460 2828 E
471 2808 489 2827 R
499 2807 514 2826 E
524 2807 541 2825 R
553 2806 573 2826 o
583 2806 603 2826 G
612 2807 633 2826 A
643 2805 664 2824 Τ
676 2805 694 2825 o
704 2805 722 2826 R
732 2819 740 2831 ,
756 2797 823 2834 apud
836 2796 968 2831 Ecclefiast.
976 2798 1123 2834 scriptores.
1391 2803 1422 2832 75
1477 2806 1490 2827 s
1502 2807 1523 2826 v
1535 2805 1552 2825 Ρ
1563 2805 1580 2825 Ε
1592 2805 1609 2825 R
1622 2805 1637 2825 Ρ
1648 2805 1682 2826 ic
1691 2809 1699 2824 ι
1711 2805 1732 2824 A
1743 2807 1757 2824 t„
1771 2806 1779 2825 1
1795 2799 2105 2831 s‚e.Adi.1ncredulitatis
2113 2800 2205 2826 secreta
2215 2799 2398 2834 superficialibi
2408 2794 2434 2826 lsi

371 2844 385 2864 s
397 2844 416 2862 V
427 2843 441 2862 P
454 2843 470 2862 E
482 2842 500 2862 R
510 2843 525 2862 Ε
535 2842 547 2862 S
557 2842 570 2861 S
581 2842 597 2862 Ε
606 2842 628 2861 Ν
640 2841 660 2860 Τ
672 2841 680 2859 1
690 2842 709 2861 A
725 2842 738 2860 L
754 2841 762 2860 1
774 2841 795 2860 S.
827 2834 867 2860 Sic
880 2833 981 2861 ἕπιέσιον
993 2837 1020 2860 in
1033 2838 1142 2861 oratione
1156 2834 1280 2861 dominica
1292 2834 1376 2861 reddit
1439 2835 1506 2862 ficiis
1520 2834 1681 2862 obumbrans
1694 2834 1812 2862 Tertull.
1826 2835 1883 2861 adu.
1892 2835 1973 2862 Marc.
1981 2841 2052 2868 4,28.
2073 2835 2310 2870 i.Jpeciemaliquam
2321 2836 2399 2863 habent
2409 2841 2425 2862 ’a

332 2872 423 2899 Amad.
438 2871 634 2898 Lausan.Sei-m.
644 2873 660 2897 6
672 2871 703 2896 de
714 2870 740 2905 B.
753 2869 874 2903 Virgine.
1478 2878 1491 2897 s
1503 2877 1521 2894 v
1533 2878 1548 2898 Ρ
1558 2877 1573 2897 ε
1584 2877 1602 2896 R
1612 2877 1628 2896 F
1639 2877 1649 2896 1
1661 2876 1678 2896 c
1692 2876 1700 2895 1
1711 2877 1732 2896 A
1742 2877 1759 2897 R
1770 2877 1778 2895 ι
1788 2877 1839 2902 vs,
1855 2879 1880 2903 a,
1899 2880 1952 2897 um.
1990 2870 2049 2897 Adi.
2084 2871 2260 2905 [ἓκιπολοὸῖοι]
2300 2872 2344 2904 Vt,
2360 2867 2423 2907 Suiil

371 2915 384 2935 s
396 2914 438 2934 vr
449 2914 464 2933 E
477 2913 493 2933 R
505 2913 521 2933 Ε
530 2914 549 2932 ν
561 2905 580 2933 ὁ·
589 2913 605 2931 L
615 2912 634 2932 o
643 2925 652 2938 ,
678 2909 731 2932 are.
788 2905 885 2930 Lucan.
901 2912 924 2936 3,
939 2912 989 2937 299
1007 2906 1120 2939 Agmine
1134 2905 1284 2932 nubiferam
1297 2911 1374 2940 rapto
1438 2907 1535 2933 ciariae
1547 2905 1637 2938 aedes,
1661 2906 1735 2938 Qiae
1749 2906 1776 2932 in
1790 2906 1920 2933 conducio
1933 2906 1989 2933 solo
2004 2906 2099 2941 positae
2112 2907 2185 2939 sunt,
2204 2915 2314 2941 quarum
2327 2915 2399 2942 propr
2409 2912 2423 2932 ii

331 2942 495 2978 supercuolat
510 2941 611 2975 Alpem.
647 2941 672 2968 h.
687 2951 706 2967 e.
726 2941 842 2966 Celeriter
855 2941 982 2974 acraptim
994 2941 1158 2977 eravffceiidrt.
1437 2948 1463 2968 et
1479 2941 1555 2968 ciuili
1569 2947 1593 2967 et
1604 2941 1718 2967 naturali
1733 2941 1806 2975 iure,
1821 2943 1875 2968 cius
1888 2942 1938 2975 est,
1955 2943 2028 2969 cuius
2040 2942 2076 2968 est
2089 2942 2182 2968 solum.
2253 2942 2378 2969 HoHenus
2388 2943 2399 2968 (
2409 2944 2422 2967 Ι

368 2987 381 3006 S
391 2986 411 3004 V
422 2984 437 3004 Ρ
448 2985 464 3004 Ε
476 2983 495 3003 R
508 2983 523 3001 E
535 2984 547 3003 S
559 2984 575 3004 c
591 2984 597 3001 1
612 2983 643 3007 T,
656 2975 788 3012 fignificat
798 2975 940 3010 Supererit.
977 2976 1086 3009 Ennius,
1108 2977 1176 3002 Dum
1191 2977 1298 3010 quidem
1307 2985 1373 3004 vnus
1391 2977 1423 3003 80
1438 2978 1471 3005 de
1485 2976 1677 3011 superficiebus.
1692 2976 1708 3002 l.
1721 2977 1924 3011 Superficiarias.
2044 2977 2257 3012 Superficiarius,
2274 2978 2329 3011 Qii
2342 2977 2369 3004 iii
2381 2977 2406 3007 al,

334 3014 416 3041 horuo
431 3014 529 3040 Romae
545 3017 604 3046 toga
618 3012 765 3046 superescit.
815 3017 837 3036 et
852 3010 939 3036 Attius
952 3011 980 3037 in
993 3012 1152 3047 Chrysippo:
1169 3012 1243 3046 Qiin
1257 3012 1318 3039 hinc
1334 3013 1374 3038 su-
1438 3014 1495 3040 solo
1510 3011 1670 3047 superficiem
1687 3011 1775 3045 habet,
1794 3014 1830 3039 ita
1843 3019 1871 3040 vt
1884 3019 1980 3040 certam
1995 3013 2142 3048 pensionem
2158 3013 2276 3047 praestet.
2327 3011 2407 3041 Αιιέἱά1

333 3049 454 3085 pel-escit,
470 3049 596 3082 Spartam,
615 3053 693 3081 atque
707 3046 825 3079 Amyclas
839 3045 922 3073 trado.
1438 3049 1538 3083 leian.
1553 3048 1639 3074 Senec.
1655 3048 1732 3081 Epist.
1747 3053 1778 3081 89
1792 3051 1847 3082 (88)
1868 3049 2067 3082 Mathematica,
2086 3055 2115 3076 vt
2127 3050 2163 3075 ita
2177 3049 2276 3080 dicam,
2294 3049 2402 3084 superfici
2418 3057 2420 3061 “

370 3092 383 3111 s
393 3091 434 3110 Vi’
444 3091 460 3110 E
470 3090 489 3109 R
502 3090 517 3109 Ε
527 3091 544 3110 x
554 3089 575 3109 A
585 3089 600 3108 L
611 3089 632 3108 T
646 3088 679 3115 ο,
699 3087 751 3109 are.
788 3081 845 3108 Deo
859 3082 1050 3117 superexaltato
1064 3082 1092 3109 in
1105 3082 1195 3109 omnia
1208 3083 1307 3110 saecula
1323 3084 1374 3110 Au·
1438 3085 1483 3115 est,
1497 3085 1524 3111 in
1540 3083 1625 3110 alieno
1638 3083 1767 3110 aedificat.
1893 3084 2075 3119 Superficiaria
2088 3084 2209 3119 praedia,
2233 3085 2301 3119 Quae
2313 3088 2340 3110 in
2351 3093 2416 3112 mrsu

333 3120 427 3156 gustin.
441 3118 520 3145 Conf.
534 3127 556 3151 3,
571 3127 594 3145 2.
1431 3121 1486 3156 solo
1500 3126 1567 3147 certa
1577 3119 1687 3155 pensione
1701 3129 1783 3145 annua
1796 3119 1923 3146 habentur.
1938 3121 1955 3146 l.
1971 3129 2008 3146 ic.
2021 3121 2052 3147 D.
2066 3120 2150 3147 famil.
2164 3120 2305 3147 erciscund.
2316 3119 2402 3154 ⁴1.49‘.›,.[
2417 3146 2422 3154 ,

370 3163 383 3182 s
393 3163 412 3182 V
421 3161 435 3180 Ρ
444 3162 460 3181 13
471 3161 488 3180 R
499 3161 515 3180 E
526 3162 542 3181 x
552 3161 568 3181 c
579 3159 596 3180 E
608 3159 622 3179 L
633 3160 649 3179 i.
658 3159 675 3179 Ε
684 3160 705 3179 Ν
715 3159 727 3180 s
736 3172 744 3185 ,
768 3153 846 3179 entis.
882 3154 1060 3188 Augmentum
1079 3153 1158 3180 etiam
1173 3160 1199 3179 et
1216 3153 1374 3188 superexcel-
1395 3156 1423 3183 85
1439 3156 1513 3182 verb.
1523 3156 1582 3190 sign.
1597 3155 1613 3180 l.
1628 3158 1661 3180 16.
1671 3155 1698 3180 in
1712 3154 1756 3180 fin.
1779 3156 1808 3182 D,
1819 3155 1851 3182 de
1864 3156 1967 3189 pignor.
1982 3155 2032 3182 aci.
2051 3155 2244 3190 Superficiarias
2258 3156 2328 3182 enim
2346 3164 2381 3182 aa·
2391 3169 2398 3175 -

335 3192 433 3217 lentem
447 3190 579 3215 cumulum
594 3188 733 3223 pollicetur
748 3188 860 3215 Saluian.
874 3196 964 3216 contra
977 3189 1057 3216 Auar.
1073 3189 1088 3214 l.
1099 3197 1109 3221 3
1121 3199 1143 3223 p.
1153 3192 1208 3222 296.
1440 3191 1570 3218 conducio
1584 3190 1639 3216 solo
1652 3189 1744 3223 positas
1758 3190 1825 3216 dixit
1837 3191 1916 3217 Gaius
1930 3191 1958 3217 in
1972 3190 1989 3217 l.
2004 3191 2104 3217 Vltima.
2119 3191 2150 3218 D.
2164 3191 2195 3217 de
2207 3191 2323 3225 superfic.
2344 3190 2374 3218 sie
2387 3190 2392 3196 ’“
2412 3191 2420 3209 ⁸,

372 3234 414 3253 sv
424 3232 439 3251 Ρ
449 3232 465 3252 E
476 3232 492 3250 R
505 3231 520 3250 E
532 3233 549 3251 x
560 3232 575 3251 F,
585 3231 614 3256 o,
634 3227 683 3249 Ire.
703 3224 762 3249 Ter
771 3223 849 3250 binos
858 3224 1099 3258 deciesquenoucm
1109 3224 1239 3259 supercxit
1250 3225 1278 3250 in
1292 3233 1373 3251 annos
1440 3225 1587 3262 perficiaria
1602 3225 1699 3256 insula,
1724 3225 1751 3251 in
1768 3225 1783 3252 l.
1799 3234 1825 3251 η
1839 3224 1861 3262 §.
1875 3228 1892 3260 j.
1908 3227 1938 3252 D.
1954 3226 1986 3252 de
1999 3226 2140 3261 publician.
2155 3227 2171 3252 Ι.
2185 3229 2202 3261 j.
2217 3223 2293 3262 §.Et
2306 3235 2352 3261 gen
2365 3256 2368 3259 ,
2378 3225 2396 3258 ’,ξ
2412 3235 2417 3249 ῑ

334 3259 567 3292 Auson.Eidyll.18
580 3266 620 3294 pr.
641 3259 961 3294 Meinasse‘paratumutstt
969 3261 1045 3321 {aper
1057 3259 1258 3294 Aduerbiumpro
1266 3261 1373 3296 insuper.
1441 3264 1473 3289 D.
1488 3262 1520 3289 de
1534 3262 1561 3289 vi
1576 3267 1601 3288 et
1613 3261 1641 3287 vi
1652 3268 1742 3287 armat.
1757 3261 1771 3287 l,
1788 3269 1804 3293 9
1819 3259 1842 3297 θ.
1857 3261 2009 3294 Qiaefitum
2022 3262 2038 3288 l.
2051 3270 2090 3294 39.
2104 3260 2126 3299 §.
2143 3262 2240 3289 damni.
2279 3263 2311 3289 D.
2328 3262 2358 3289 de
2414 3279 2418 3286 ·

373 3304 415 3328 sy
427 3302 441 3322 Ρ
453 3303 469 3322 Ε
480 3302 497 3321 R
508 3303 523 3321 Ε
534 3302 549 3321 x
559 3302 605 3321 CV
615 3301 633 3320 R
644 3300 661 3319 R
672 3300 700 3324 0,
723 3296 774 3319 ere.
811 3295 914 3327 leian.
930 3295 957 3321 in
982 3318 987 3322 .
1003 3305 1011 3322 ι
1026 3293 1050 3332 §.
1088 3295 1113 3321 Si
1135 3295 1223 3321 arbor.
1244 3297 1282 3322 De
1295 3297 1372 3322 arbo·
1440 3298 1549 3325 infeeio.
1567 3297 1597 3323 Et
1610 3295 1804 3329 Superficiarius
1818 3297 1921 3323 fundus.
1936 3297 1953 3323 l.
1966 3299 1983 3331 j.
1996 3298 2028 3324 D.
2042 3297 2195 3331 quib.mod.
2208 3298 2288 3326 vsufr.
2301 3298 2367 3324 ami
2382 3297 2395 3321 3⁴*
2412 3303 2414 3308 '

336 3332 387 3357 rib.
401 3331 545 3357 caedendis.
561 3329 606 3356 lib.
617 3329 707 3363 43.tit.
717 3337 753 3360 27.
773 3329 798 3355 Si
812 3328 893 3355 arbor
906 3330 1030 3366 (inquit)
1044 3329 1153 3356 aedibus
1165 3330 1259 3356 alienis
1274 3332 1371 3366 impen-
1391 3341 1425 3366 90
1432 3333 1515 3368 flant.
1537 3331 1712 3359 Prouinciales
1727 3331 1796 3366 quasi
1806 3332 1918 3365 quidam
1931 3332 2101 3367 superficiarii
2115 3334 2171 3360 sunt
2184 3333 2278 3360 Sarisb.
2292 3336 2317 3366 6,
2327 3342 2346 3360 1.
2384 3319 2414 3372 ᾗ,

338 3367 411 3399 «leat,
431 3374 518 3393 virum
536 3372 618 3406 totam
639 3364 762 3404 arborem
783 3363 874 3390 iubeat
895 3366 1004 3393 Praetor>
1015 3366 1108 3398 adimi,
1121 3374 1153 3392 an
1167 3367 1271 3393 veroid
1287 3368 1372 3394 solum
1476 3376 1489 3396 s
1508 3375 1526 3394 V
1545 3374 1562 3394 Ρ
1579 3375 1594 3395 Ε
1608 3374 1626 3393 R
1641 3373 1657 3393 Ρ
1671 3373 1680 3392 1
1695 3373 1732 3393 CI
1751 3372 1770 3393 0
1807 3367 1906 3395 videtur
1929 3371 2085 3396 contrarium
2092 3367 2242 3405 δΙῐςηψὶςιζθξ
2263 3369 2332 3396 verbi
2360 3371 2399 3403 ⁵:¹¹

338 3403 408 3437 quod
425 3404 632 3435 supereminuit,
646 3405 791 3434 quaeritur.
1074 3425 1084 3429 ,
1437 3408 1455 3431 i.
1474 3404 1563 3439 desum·
1603 3403 1671 3430 Cme
2216 3412 2221 3413 .
2361 3408 2373 3419 ,
2390 3402 2399 3434 '¹2
2411 3408 2418 3417 ,.

375 3444 387 3462 s
400 3444 415 3460 v
427 3444 440 3461 Ρ
450 3444 465 3463 Ε
476 3444 493 3463 R
506 3444 520 3462 r
529 3436 566 3463 xi
576 3442 597 3463 G
609 3442 638 3468 o,
659 3438 712 3462 ere.
733 3435 812 3469 supra
828 3443 898 3470 quam
913 3439 1024 3470 oportuit
1036 3439 1116 3472 exigo,
1135 3443 1178 3462 aut
1190 3440 1280 3464 iterato
1295 3442 1375 3474 exigo,
1475 3446 1488 3466 s
1499 3447 1519 3465 v
1528 3445 1567 3466 PE
1577 3445 1594 3465 R
1604 3444 1620 3465 r
1633 3446 1638 3463 ι
1653 3444 1670 3465 c
1681 3443 1778 3469 ιΕΝς,
1802 3437 1844 3464 tii.
1871 3438 1963 3465 Partic.
2001 3439 2055 3466 Hoc
2063 3439 2136 3476 sensu
2149 3437 2182 3473 est
2196 3439 2302 3473 leiani
2316 3438 2333 3465 1.
2346 3436 2413 3472 ι’,ῐῑ4

338 3477 368 3497 ve
382 3471 472 3496 damna
503 3472 569 3498 Cod.
586 3481 595 3498 ι
608 3478 625 3498 t.
641 3479 668 3504 53
684 3471 700 3497 1.
714 3479 740 3504 4.
758 3469 822 3496 vnde
836 3476 859 3496 et
873 3476 913 3496 SV
924 3476 962 3496 PE
972 3478 990 3497 R
1005 3477 1020 3497 Ε
1033 3479 1049 3497 x
1060 3478 1106 3498 Ac
1117 3478 1137 3496 T
1147 3479 1165 3498 0
1177 3479 1191 3498 R
1206 3480 1243 3499 Es
1266 3474 1292 3499 in
1314 3475 1373 3502 iure
1437 3475 1469 3501 de
1482 3483 1548 3509 aqua
1562 3480 1587 3500 et
1600 3482 1666 3508 aqua
1680 3472 1751 3507 pluu.
1804 3473 1876 3500 Idem
1893 3474 1988 3506 aiunt,
2008 3483 2102 3509 aquam
2117 3475 2233 3510 pluuiam
2247 3484 2275 3501 in
2290 3470 2398 3509 suorefitl

338 3506 414 3532 Ciuili
435 3505 498 3545 dis-‘li
512 3508 581 3541 finit,
604 3512 630 3533 et
643 3514 655 3534 s
665 3514 686 3533 v
697 3512 711 3532 Ρ
724 3513 740 3532 Ε
750 3512 769 3532 R
778 3512 794 3532 E
804 3512 821 3531 x
830 3512 851 3531 A
862 3511 878 3531 C
890 3511 970 3533 T10.
1007 3507 1098 3532 Arcad.
1114 3507 1139 3532 Si
1149 3508 1206 3541 quis
1221 3509 1372 3537 exaeiorum
1391 3521 1422 3545 95
1437 3511 1478 3538 vel
1490 3509 1694 3545 superficientem
1708 3517 1738 3534 ex
1752 3508 1836 3535 vicini
1849 3511 1876 3535 in
1887 3511 1961 3536 suum
1977 3511 2109 3542 deriuare,
2128 3510 2190 3537 dum
2203 3519 2268 3545 opus
2280 3511 2308 3536 in
2319 3504 2404 3538 ειιέἢο,
2419 3523 2424 3527 -

337 3541 559 3574 superexac‘iionis
573 3543 683 3569 crimine
696 3542 777 3568 fuerit
790 3540 949 3567 confutatus.
974 3546 998 3568 et
1015 3542 1128 3568 Rubrica
1143 3543 1175 3569 de
1190 3544 1376 3578 Snperexaeio-
1437 3546 1498 3581 fiat,
1510 3547 1549 3572 ius
1563 3545 1619 3572 effe.
1655 3544 1694 3570 Sic
1708 3544 1825 3580 Gothofr.
1840 3554 1868 3571 ex
1881 3555 1893 3571 o
1912 3549 1980 3572 timir
1995 3547 2079 3581 quibas
2097 3556 2126 3573 ue
2136 3546 2218 3572 libris.
2253 3540 2391 3580 Supedffiss

337 3577 412 3604 ribus
425 3575 472 3602 lib.
483 3584 509 3601 io
518 3578 546 3603 C.
554 3577 594 3604 tit.
604 3587 637 3604 21.
656 3577 713 3611 Nifi
727 3577 816 3603 ibidem
829 3576 953 3613 legendum
962 3584 1036 3612 putes
1053 3578 1084 3604 de
1100 3578 1373 3613 Superexaeiionibus.
1453 3582 1500 3609 uod
1513 3581 1584 3608 habet
1597 3581 1753 3611 Haloamer,
1770 3589 1799 3605 ex
1817 3583 1900 3607 conice
1914 3591 1961 3609 ura
1969 3572 2012 3608 Tse!
2023 3583 2064 3619 glo
2085 3591 2100 3608 a
2113 3581 2225 3618 sumtum
2242 3582 2348 3608 videtur.
2360 3576 2372 3608 '‘ss

335 3612 405 3647 conf·
423 3612 481 3637 va—
503 3612 562 3637 iar.
1429 3591 1519 3651 jiatim
1535 3620 1706 3642 serero.
2369 3622 2372 3626 ’

375 3654 387 3673 s
399 3654 416 3669 v
427 3653 441 3672 P
451 3653 467 3672 E
478 3652 496 3671 R
508 3653 523 3672 E
535 3653 551 3671 x
560 3652 600 3671 SV
612 3651 628 3672 ι.
640 3651 662 3672 'r
673 3652 691 3672 o
700 3664 707 3678 ,
733 3651 785 3675 are.
823 3647 938 3674 Gemino
959 3647 1065 3674 affetfflis
1085 3649 1182 3682 gaudio
1195 3652 1374 3686 superexsulto
1474 3658 1562 3679 stE
1571 3659 1589 3678 R
1599 3651 1669 3682 Ρῑω,
1687 3650 1734 3678 ἔτι,
1769 3651 1918 3685 Superesse,
1935 3651 2035 3684 restare,
2052 3651 2198 3684 redundare,
2207 3647 2378 3688 superfluere?
2399 3648 2413 3667 ⁴*

338 3681 487 3715 Symfflach»
501 3682 545 3715 ΕΡ·
560 3688 580 3713 ἰν
595 3689 638 3713 94-
874 3718 881 3723 ³
933 3718 939 3723 .
1381 3687 1528 3715 ioolumel.
1544 3688 1629 3719 12‚i,6
1647 3686 1721 3712 Tum
1731 3687 1857 3720 separare,
1865 3696 1930 3722 quae
1943 3687 2115 3714 consumenda
2130 3688 2195 3717 sunt,
2215 3695 2239 3714 et
2254 3696 2320 3722 quae
2330 3675 2414 3722 superfll

373 3726 385 3743 s
395 3725 414 3743 v
424 3724 438 3742 Ρ
449 3724 463 3743 Ε
472 3724 491 3743 R
502 3721 578 3757 EUX‘T
589 3722 608 3741 O
617 3723 632 3741 L
642 3722 696 3747 LO,
715 3718 765 3743 ere.
820 3717 992 3744 Antichristus
1012 3719 1226 3753 superextollitur
1243 3722 1272 3749 in
1291 3732 1370 3750 omne
1437 3724 1537 3758 potsunt
1551 3721 1697 3756 custodire,
1718 3731 1749 3747 ne
1760 3723 1857 3749 sumtus
1871 3732 1969 3749 annuus
1978 3743 1987 3755 ,
2000 3723 2144 3749 menstruus
2159 3722 2212 3749 fiat.
2305 3719 2393 3759 Incipe:
2404 3724 2414 3732 ¹·

335 3753 406 3785 quod
423 3754 491 3778 Deus
504 3751 602 3793 digitur
615 3751 780 3792 Tertiill3de
796 3753 900 3780 Rcsurr.
913 3754 990 3780 Carn.
1005 3764 1074 3787 c.24.
1245 3773 1250 3778 -
1314 3761 1317 3764 '
1435 3759 1548 3785 midium
1562 3756 1625 3783 fatti
1634 3757 1677 3787 est,
1698 3759 1824 3791 coepisse3
1843 3759 1948 3792 supersit
1962 3757 2124 3784 Dimidium:
2144 3759 2248 3784 rursum
2261 3757 2309 3784 hoc
2321 3753 2419 3789 incipe?

367 3794 384 3825 J·
396 3794 414 3810 v
425 3795 438 3812 Ρ
449 3795 464 3813 Ε
475 3795 490 3813 R
505 3793 520 3812 F
531 3794 548 3813 E
560 3792 579 3812 R
590 3792 620 3817 0,
640 3785 702 3818 fers,
723 3788 900 3828 t1¹li‚,l-''¹t1¹r¹1‚
917 3791 995 3816 ferre·
1050 3791 1184 3825 [ἒπιφέρω,
1202 3791 1370 3829 ὕπερτῖθημι]
1434 3793 1532 3820 efficies
1547 3793 1642 3818 Auson.
1657 3793 1742 3826 Epigr.
1756 3799 1791 3822 81.
1827 3791 1884 3820 add.
1899 3795 1979 3820 Plaut.
2000 3792 2081 3820 Stich.
2097 3802 2127 3826 4,
2139 3802 2162 3825 2,
2177 3802 2208 3819 12.
2262 3790 2375 3820 Prudenr.
2392 3793 2413 3812 δ’

334 3819 401 3847 Plin.
417 3831 491 3853 3z,10
510 3821 557 3848 Sed
572 3821 588 3847 si
602 3821 763 3854 castoreum,
783 3824 913 3850 tibriunue
929 3825 1139 3859 supergrediatur
1154 3828 1277 3860 grauida,
1295 3829 1371 3856 abor·
1433 3830 1530 3862 Symm.
1552 3836 1572 3858 2,
1586 3834 1643 3859 982.

334 3860 391 3882 tum
405 3857 490 3883 facere
503 3857 611 3889 dicitur,
624 3862 649 3883 et
656 3857 800 3891 periclitari
814 3866 912 3894 partus,
925 3859 1136 3896 fisuperferatur.
1153 3863 1209 3890 Vid.
1218 3865 1291 3891 Idem
1299 3870 1339 3898 28,
1348 3870 1370 3896 8.
1381 3871 1424 3897 ¹05
1465 3869 1678 3895 SVPERF1XVS‚
1692 3871 1774 3895 a,um.
1788 3864 1923 3900 Stiperfixa
1930 3863 2135 3899 capitahostium
2149 3864 2262 3898 Liu.42,
2269 3865 2310 3890 60.
2317 3853 2404 3922 [63ῗᾴ
2410 3897 2413 3904 ,
