2434 4156
215 118 260 160 3,
579 99 848 141 REC

250 202 269 222 R
280 196 373 221 15ch
383 197 412 220 S,
436 190 511 216 entis.
551 188 610 215 Adi.
647 187 759 223 syraptis,
776 188 931 223 πρόσφατος]
968 186 1082 220 Nouum,
1098 186 1163 223 quod
1173 194 1248 223 nuper

213 230 310 258 acida.
347 224 415 251 Ter.
429 225 501 252 Adel.
515 234 536 257 3,
550 234 572 257 2,
587 233 617 258 14
636 224 671 249 Vt
688 223 756 250 iram
780 223 846 249 hanc
871 222 900 249 in
923 231 967 249 eos
989 231 1112 249 euomam
1133 231 1248 254 omnem,

213 266 272 291 dum
281 260 425 295 Aegritudo
437 261 500 288 haec
512 260 547 286 eii
561 267 659 286 recens.
766 258 821 284 Cic.
835 258 906 285 Fam.
923 266 955 290 11,
973 267 999 284 ει
1015 260 1077 292 Q1o
1093 258 1161 283 circa
1171 258 1251 292 Segu-

213 299 277 324 lium
291 296 462 330 negligamus,
477 297 523 330 qui
535 304 576 322 res
587 303 668 321 nouas
681 294 799 328 quaerit:
834 301 890 319 non
906 302 959 328 quo
973 300 1091 320 veterem
1104 293 1251 320 comederit

212 331 327 362 (nullam
347 332 419 358 enim
439 332 549 362 habuit)
571 331 613 357 sed
625 329 691 357 hanc
704 330 786 363 ipsam
798 335 947 361 recentem,
966 338 1078 360 nouam,
1095 328 1246 368 deuorauit.
1272 338 1288 364 ς

211 367 269 392 Cic.
283 366 315 393 de
328 367 428 394 Senec'i.
442 376 476 402 72
490 376 512 393 c.
527 375 561 393 20
578 366 673 396 Omnis
684 365 878 400 conglutinatio
891 373 996 395 recens,
1015 372 1102 398 aegre,
1120 370 1248 391 inuetera-

210 408 234 428 ta
247 402 326 429 facile
340 403 488 429 diuellitur.
594 402 727 428 Contraria
740 412 748 426 .·
776 402 807 428 Et
819 401 885 427 alios
899 400 945 426 alii
957 400 1078 432 deinceps
1089 400 1248 434 exciperent,

208 437 360 474 integrique
385 444 412 464 et
439 443 557 465 recente·
586 436 734 470 defatigati·
762 436 927 463 succederent
954 436 1025 462 Caes.
1042 435 1068 460 B.
1087 435 1119 461 G.
1138 443 1160 468 ς,
1182 444 1210 469 14
1217 435 1247 472 f.

208 473 283 500 Curt.
295 483 309 506 3
345 474 459 501 Timere
477 482 510 500 ne
530 482 584 499 non
599 473 696 499 virtute
709 472 839 505 hostium,
860 479 885 498 et
897 470 1042 498 laffitndine
1055 470 1098 496 sua
1110 471 1246 498 vinceren-

209 514 262 536 tur.
299 510 385 536 Persas
397 515 512 536 recentes
525 508 587 535 inde
602 508 770 538 successuros,
788 507 806 534 si
819 507 905 533 laxius
919 506 983 532 stare
996 505 1143 540 potuissent.
1179 508 1248 532 Hinc
1269 516 1298 535 ιο

209 543 328 571 dicuntur
346 545 413 579 Equi
431 549 561 574 recentes,
579 550 609 569 'ot
621 542 706 604 {atillo
719 541 776 577 post
795 543 891 569 videbis
903 542 1055 568 adnotatum.
1161 542 1250 569 Pullus

208 588 225 607 a
238 586 312 614 partu
327 589 415 606 recens
434 581 520 606 Varro
533 579 564 605 de
575 579 607 605 R.
647 597 652 603 .
667 586 692 609 2,
706 582 728 607 8.
824 578 895 604 Dido
909 585 997 603 recens
1011 584 1026 602 a
1036 576 1146 603 vnlnere
1172 579 1249 612 Virg.

210 616 275 642 Aen.
290 618 316 648 6,
329 625 388 649 450.
460 615 516 641 Cic.
529 614 561 640 de
573 614 636 640 Nat.
649 613 729 639 Dcor.
742 622 764 645 3,
778 621 799 638 11
818 614 849 639 Et
864 621 928 647 quos
942 613 1083 643 Homerus,
1097 614 1145 647 qui
1158 622 1248 639 recens

208 650 243 677 ab
263 650 372 677 illorum
389 656 472 677 aetate
491 650 560 679 fuit,
579 648 692 682 sepultos
704 647 770 674 dicit
784 648 990 675 Lacedaemone.
1094 650 1149 675 Cic.
1167 649 1224 675 Αέὶ.
1238 658 1247 675 ι

209 687 286 713 Verr.
301 694 313 719 ς
329 688 418 718 Quini
431 694 445 711 e
459 685 597 719 prouincia
613 693 702 710 recens
716 684 789 713 esset,
805 684 961 715 inuidiaque
975 689 1000 709 et
1013 683 1122 710 infamia
1142 693 1197 710 non
1211 693 1250 710 re·
1271 694 1298 721 ις

211 722 298 753 centi,
315 722 358 748 sed
378 727 466 747 vetere
488 729 516 746 ac
531 719 655 745 diuturna
668 720 798 753 flagraret.
905 719 960 744 Cic.
975 720 1028 746 Att.
1042 722 1078 750 16,
1094 727 1162 755 7pr.
1182 720 1250 746 Rhe-

210 758 267 791 gini
282 757 405 790 quidam,
423 756 535 782 illustres
556 754 678 781 homines
699 763 732 781 eo
755 758 886 780 venerunt
919 754 1004 781 Roma
1034 756 1093 781 sane
1123 762 1251 783 recentes.

209 793 322 827 Compar.
357 793 412 817 Cic.
428 791 459 817 de
474 790 562 817 Finib.
578 799 604 823 2,
618 799 646 817 12
683 791 788 816 Horum
806 788 986 816 recentiorum
1000 799 1134 824 nunquam
1151 791 1253 817 dietum

208 828 243 855 ab
259 828 314 861 ipso
327 827 382 853 vllo
400 826 472 861 quod
491 826 578 853 sciam.
650 826 756 852 Nonius
769 828 795 850 in
807 825 873 851 bunc
885 826 979 858 Iocum,
996 827 1202 859 Recentiorum,
1224 826 1253 853 id

208 863 245 889 est
262 871 402 889 nouorum.

208 907 264 926 ren.
279 906 304 929 2,
320 906 356 923 ιο.
452 898 622 923 Recentiores
635 905 665 922 ex
678 895 839 922 Auctoribus
863 896 928 922 Plin.
951 905 986 927 12,
999 904 1037 931 17.
1153 899 1251 924 Recen-

208 933 300 960 tiffima
323 932 395 959 Bella
424 933 485 959 Liu.
510 938 548 965 38,
570 940 611 965 43.
707 931 789 965 Q1od
808 932 1008 958 recentissimum
1021 932 1057 958 est
1083 932 1144 959 Liu.
1159 936 1202 966 26,
1217 943 1252 966 13.

207 970 294 995 Senec.
309 968 386 1002 Epist.
401 976 429 1001 91
459 969 523 994 Non
544 976 631 993 tamen
651 967 805 1000 negauerim
823 967 899 993 fuisse
916 967 963 993 alti
977 968 1083 1001 spiritus
1097 968 1186 1000 viros,
1205 977 1252 996 etc.

206 1009 235 1030 vt
251 1004 286 1029 ita
300 1003 401 1034 dicam,
420 1013 434 1030 a
447 1003 497 1029 diis
511 1009 636 1030 recentes.
691 1003 778 1037 Nuper
790 1012 806 1028 a
818 1004 873 1029 Dls
880 1001 996 1038 profesti
1010 1010 1033 1029 ct
1046 1003 1137 1038 dermffi
1151 1008 1178 1030 in
1189 1005 1254 1031 hanc

203 1042 293 1065 vitam.
397 1039 509 1065 Animae
522 1044 638 1065 recentes
655 1037 723 1064 modo
736 1037 944 1074 interfefforum,
963 1045 992 1065 vt
1011 1038 1129 1066 Vmbrae
1168 1041 1251 1067 Ouid.
1270 1045 1302 1072 25

204 1075 268 1101 Met.
282 1079 303 1105 8,
317 1079 374 1107 488.
445 1074 593 1107 Aegritudo
619 1074 687 1100 Ter.
695 1072 805 1108 Adelph.
820 1082 844 1106 3,
859 1082 884 1106 2,
897 1082 935 1107 14.
1005 1074 1107 1101 Aueior
1119 1077 1253 1103 recentior

203 1109 264 1136 Liu.
278 1118 304 1141 2,
317 1113 356 1143 56.
450 1110 576 1142 Animus,
600 1111 618 1135 i.
633 1108 811 1145 Prae-feruidus
830 1109 890 1135 Liu.
904 1118 942 1142 21,
957 1117 995 1142 32.
1073 1112 1148 1146 Aqua
1161 1120 1250 1138 recens

204 1145 324 1172 Scribon.
339 1151 381 1180 84.

204 1180 309 1216 tepidus
329 1182 406 1215 Virg.
423 1181 488 1208 Aen.
502 1190 527 1213 9,
541 1188 596 1214 455.

204 1217 309 1243 Lucret.
324 1225 347 1250 ς,
359 1222 408 1248 283.

203 1252 289 1286 Plaga.
360 1252 468 1278 Crimen
491 1252 572 1279 Ouid.
587 1251 665 1286 Epist.
680 1260 705 1284 9,
716 1260 753 1284 53.

475 1145 574 1172 Caedes
595 1145 671 1180 Virg.
686 1147 751 1171 Aen.
771 1153 796 1177 2,
808 1151 862 1179 718.
965 1145 1052 1172 Caede
1066 1148 1165 1174 recenti
1179 1148 1251 1174 locus

704 1181 825 1207 Candore
849 1181 948 1208 recenti
969 1181 1007 1207 sol
1029 1183 1122 1217 irrigat
1149 1184 1250 1210 caelum

861 1253 932 1279 Cura
952 1252 1024 1279 Idem
1039 1255 1161 1288 Amor.3,
1175 1263 1249 1288 9‚32.

203 1288 291 1314 Dolor
311 1287 441 1321 Qincul.
454 1289 481 1318 6,
494 1296 514 1313 2.
584 1287 699 1321 Epistola
711 1287 881 1314 recentissima
900 1288 956 1315 Cic.
972 1290 1023 1315 Att.
1037 1296 1060 1322 Β,
1075 1297 1109 1323 13.
1180 1292 1250 1325 Equi

202 1328 333 1356 recentes,
354 1325 412 1349 Non
426 1322 496 1356 laffi,
513 1324 554 1348 uel
565 1332 581 1349 a
593 1322 734 1356 laffieudine
745 1327 851 1349 recreati
868 1324 949 1350 Ouid.
963 1325 1027 1351 Met.
1042 1334 1067 1358 2,
1075 1329 1114 1357 63.
1187 1327 1250 1355 Liu.

201 1363 240 1391 38,
255 1366 293 1391 23.
364 1358 490 1391 Equitum
514 1357 680 1383 recentiffimi
706 1358 775 1384 Tac.
799 1359 869 1385 Hist.
893 1368 915 1391 3,
937 1368 981 1391 20,
994 1368 1019 1395 7.
1092 1362 1248 1396 Exemplum

201 1394 294 1420 Claud.
309 1393 337 1419 in
352 1394 461 1427 Eutrop.
476 1401 499 1423 2,
515 1400 572 1425 547.
677 1391 787 1418 Factum
806 1393 886 1419 Ouid.
900 1395 965 1420 Met.
980 1403 998 1425 1,
1011 1398 1068 1427 164.
1170 1398 1250 1424 Fama
1269 1399 1298 1426 35

203 1429 271 1456 Plin.
287 1438 324 1461 10,
338 1437 378 1461 43.
448 1429 538 1454 Flores
551 1433 666 1453 recentes
680 1436 786 1462 carpere
808 1428 875 1453 Hor.
892 1429 980 1454 Carm.
993 1437 1015 1460 3,
1028 1437 1067 1462 27,
1080 1439 1124 1462 43.
1190 1433 1251 1457 Flu-

202 1465 264 1492 vios
286 1470 418 1496 recentes,
437 1473 486 1498 pro
511 1465 586 1497 Aqua
608 1463 694 1489 statim
717 1463 807 1490 hausta
837 1464 913 1497 Virg.
933 1464 1030 1497 Georg.
1044 1473 1067 1496 3,
1081 1473 1134 1496 301.
1170 1472 1200 1491 vt
1213 1469 1252 1492 ait

202 1501 318 1527 Seruius.
355 1502 446 1534 Nempe
460 1506 489 1526 vt
511 1507 577 1532 aqua
600 1507 688 1524 recens
698 1518 706 1530 ‚
737 1508 797 1534 quae
822 1508 871 1525 non
894 1502 1022 1525 contraxit
1040 1503 1131 1526 vitium
1146 1500 1249 1533 flando.

202 1536 280 1564 Folio
296 1535 382 1562 velata
394 1535 495 1562 recenti
520 1533 602 1561 Ouid.
612 1534 676 1560 Fast.
689 1542 713 1566 3,
724 1537 780 1567 ι4ι.’
865 1535 994 1561 Homines
1008 1541 1140 1567 recentes,
1162 1538 1250 1571 Nuper

202 1575 259 1608 naq*
277 1572 344 1598 Hor.
360 1572 448 1598 Carm.
465 1579 485 1603 1,
500 1579 538 1602 10,
553 1578 575 1596 2.
654 1569 755 1599 Laudes
774 1569 857 1596 Ouid.
871 1578 903 1595 ex
916 1571 991 1596 Pone.
1006 1578 1035 1602 4,
1050 1577 1072 1601 8,
1088 1576 1128 1604 87.

202 1607 247 1634 &u
261 1607 361 1634 recenti
373 1606 464 1635 anetae
478 1606 585 1640 copiae,
602 1605 626 1631 b.
636 1615 654 1630 e.
674 1603 777 1631 DeIeHu
790 1605 854 1639 quod
864 1608 951 1640 legunt
966 1607 1001 1631 al.
1013 1606 1044 1633 T
1045 1614 1081 1632 ac.
1091 1606 1158 1632 Hist.
1168 1616 1195 1639 4,
1204 1616 1248 1642 70.

201 1644 259 1670 Cic.
275 1644 329 1669 Att.
342 1644 369 1672 6,
388 1651 397 1668 1
438 1640 630 1668 Recentiffimas
642 1649 656 1666 a
669 1639 800 1671 Cybistris
811 1649 882 1665 meas
896 1640 996 1666 Literas
1010 1639 1109 1667 habere
1122 1642 1160 1667 ais
1171 1642 1203 1668 ad
1216 1643 1249 1669 X.

201 1679 258 1706 Cal.
272 1678 332 1705 Oe‘t.
349 1677 428 1704 datas.
524 1675 626 1702 Malum
642 1674 724 1702 Ouid.
738 1674 825 1701 Trist.
839 1685 862 1706 q,
876 1677 902 1707 6,
921 1683 964 1701 22.
1048 1676 1163 1703 Maritus
1183 1678 1250 1704 Plin.

200 1713 282 1749 Epist.
295 1718 319 1746 8,
333 1722 361 1746 23
374 1719 439 1739 extr.
508 1712 590 1738 Plaut.
626 1730 633 1739 .
671 1730 677 1737 .
714 1710 829 1737 Nouum
843 1711 921 1738 dixit.
1005 1711 1062 1738 Cic.
1077 1712 1108 1738 de
1122 1713 1185 1739 Nat.
1198 1714 1249 1739 De-

201 1759 242 1777 or.
257 1751 273 1775 6
287 1758 308 1776 c.
324 1757 339 1775 ι.
371 1749 402 1775 Et
418 1748 569 1776 recentiore
591 1745 725 1775 Memoria
744 1745 828 1772 iidem
847 1746 1022 1779 Tyndaridae
1039 1748 1132 1775 Persen
1146 1749 1250 1776 vicium
1260 1744 1296 1772 45

201 1784 401 1812 nuntiauerunt.
437 1786 458 1810 i.
479 1783 556 1809 Haud
573 1786 613 1809 ita
623 1783 700 1808 multo
713 1787 779 1808 ante.
897 1784 973 1808 Metu
1006 1785 1105 1810 recenti
1135 1785 1249 1818 trepidat

200 1829 274 1848 mens
294 1821 361 1846 Hor.
373 1820 461 1845 Carm.
477 1826 498 1848 2,
513 1827 552 1850 19,
564 1825 586 1851 ς.
656 1816 712 1843 Cic.
727 1818 804 1844 Verr.
817 1826 887 1849 1,101
907 1818 1001 1844 Datam
1014 1819 1122 1852 quidem
1136 1822 1249 1847 esserum

200 1857 272 1884 inter
292 1863 384 1881 omnes
403 1853 505 1881 recenti
525 1852 634 1886 negotio
648 1853 726 1878 facile
739 1852 882 1879 constabat.
990 1854 1066 1881 Pater
1086 1856 1154 1882 Plin.
1168 1857 1249 1891 Epist.

199 1898 222 1923 g,
237 1900 264 1922 23
278 1896 342 1916 extr.
445 1887 513 1915 Pede
527 1887 630 1915 recenti
642 1896 779 1914 recurrere
800 1887 883 1915 Plaut.
899 1889 980 1916 Trin.
993 1898 1022 1922 4,
1034 1899 1057 1922 3,
1069 1896 1092 1920 8.
1200 1893 1249 1918 Po-

200 1936 244 1954 ma
257 1923 430 1952 recentiffima
453 1924 584 1951 Columel.
601 1931 637 1954 12,
651 1932 697 1958 44.

199 1962 276 1995 Virg.
291 1962 356 1987 Aen.
372 1962 399 1992 6,
413 1961 478 1994 674.
582 1959 638 1986 Cic.
651 1961 729 1985 Verr.
746 1967 768 1992 ς,
781 1967 812 1994 75
832 1961 874 1986 An
886 1961 988 1988 ret-enti
999 1970 1029 1988 re
1040 1962 1167 1994 Syracusis
1176 1964 1245 1998 apud

198 2004 294 2029 notos,
308 1995 469 2030 inspeetante
478 1995 568 2021 Sicilia
581 2003 662 2029 paene
675 2000 740 2026 tota,
750 1995 834 2021 securi
850 1996 949 2022 scrire?
987 1997 1060 2033 Conf.
1069 1998 1152 2025 Plaut.
1161 2000 1245 2026 Trin.

199 2043 229 2067 4,
243 2041 265 2065 3,
279 2038 301 2062 8.
405 2031 477 2057 Rore
490 2031 591 2056 recenti
605 2036 764 2063 gemmantes
776 2029 872 2058 herbae
892 2032 999 2057 Lucret.
1014 2041 1037 2064 2,
1052 2041 1101 2065 319.
1172 2035 1245 2060 Sedi-

198 2071 240 2096 tio
252 2073 342 2096 recens
376 2065 458 2093 Ouid.
478 2066 541 2092 Met.
564 2074 601 2097 ιι,
615 2068 651 2091 6ι.
676 2066 710 2092 al.
724 2065 836 2099 Repens.
941 2067 998 2093 Cic.
1020 2076 1068 2101 pro
1081 2069 1202 2094 Muraen.
1218 2078 1248 2104 17

201 2106 295 2139 Itaque
315 2111 370 2129 non
387 2110 419 2128 ex
439 2102 560 2128 sermone
577 2100 718 2127 hominum
730 2102 848 2132 recenti,
868 2100 912 2127 sed
924 2111 956 2128 ex
969 2104 1105 2130 annalium
1119 2104 1246 2131 vetustate
1264 2101 1294 2128 55

199 2139 316 2168 eruenda
344 2137 380 2164 est
413 2137 546 2164 memoria
573 2135 724 2162 nobilitatis
743 2140 812 2162 tuae.
883 2136 1024 2170 Tempore
1041 2141 1142 2165 recenti
1156 2141 1204 2166 ilio
1218 2147 1247 2167 tu

199 2176 307 2207 omnia,
327 2180 372 2200 cte.
408 2173 464 2199 Cic.
479 2171 510 2198 ad
525 2173 595 2198 Brut.
609 2179 634 2207 7.
742 2171 816 2198 Idem
833 2171 982 2206 Verr.3‚79
1002 2173 1156 2200 Praesertim
1166 2184 1249 2207 quum

199 2212 229 2238 in
243 2210 340 2242 leEiulo
347 2210 511 2235 Decumanae
525 2208 645 2234 mulieris
658 2206 768 2241 vestigia
781 2206 904 2233 viderent
917 2208 1044 2240 recentia,
1063 2208 1159 2242 quibus
1172 2210 1250 2236 illum

200 2245 363 2274 inflammari
376 2244 408 2271 ad
423 2242 645 2279 perseuerandum
659 2242 844 2275 intelligebant
858 2244 868 2268 3
952 2243 1052 2270 Vinum
1070 2253 1161 2270 recens
1181 2246 1249 2271 Scri-

199 2283 263 2310 bon.
279 2290 334 2316 271.
370 2281 399 2307 de
412 2283 491 2307 veteri
500 2299 507 2310 ‚
521 2279 584 2315 quod
595 2286 672 2314 nuper
682 2284 817 2313 promtum.

200 2318 288 2346 Trist.
304 2328 334 2351 4,
346 2319 371 2348 6,
379 2325 421 2349 29.
493 2315 610 2341 Vmbrae
621 2320 755 2346 recentes,
773 2315 886 2350 Quarum
898 2321 1004 2348 corpora
1017 2321 1095 2350 nuper
1108 2322 1180 2342 erant
1186 2325 1250 2342 mor-

200 2361 246 2382 tua
266 2352 348 2380 Ouid.
362 2353 427 2379 Met.
443 2361 481 2382 10,
495 2357 537 2384 48.
558 2351 586 2377 de
600 2350 714 2386 Orpheo,
734 2357 764 2376 vt
773 2357 801 2385 p.
816 2359 839 2376 a.
859 2349 979 2376 Animae.

238 2396 256 2415 R
266 2396 282 2416 E
291 2396 308 2416 C
316 2395 332 2414 E
343 2396 363 2414 N
374 2395 396 2414 S.
433 2386 609 2423 [προσφάτως]
646 2385 812 2412 Aduerbium
831 2383 863 2418 est
876 2385 1010 2420 aliquando
1018 2405 1026 2417 ,
1044 2385 1108 2412 idem
1120 2386 1186 2423 quod
1198 2388 1248 2414 Re-

201 2423 454 2459 centerfignficans.
491 2424 568 2456 Virg.
582 2423 680 2455 Georg.
692 2430 714 2454 3,
727 2424 770 2454 156
790 2421 849 2447 Sole
863 2430 952 2447 recens
966 2428 1037 2449 orto.
1147 2423 1247 2449 Recens

201 2461 308 2488 condita
321 2461 420 2490 Roma,
441 2459 465 2485 h.
482 2468 501 2484 e.
523 2460 610 2493 Nuper
631 2458 701 2483 Suet.
715 2458 744 2483 in
756 2457 854 2483 Tibcr.
869 2457 942 2484 Caes.
957 2467 979 2483 c.
994 2466 1014 2483 1.
1094 2458 1193 2484 Recens
1205 2468 1250 2485 na-

199 2503 258 2529 tus,
276 2496 342 2531 apud
355 2495 438 2521 Plaut.
452 2494 516 2521 Cist.
531 2502 550 2524 1,
564 2504 585 2524 2,
600 2500 637 2528 17.
729 2493 828 2519 Recens
841 2492 916 2519 diues
945 2493 1027 2520 Ouid.
1041 2494 1133 2520 Amor.
1148 2502 1172 2527 3,
1186 2500 1209 2528 8,
1223 2503 1248 2528 9.

201 2532 268 2562 Add.
284 2531 384 2558 Sallust.
399 2537 438 2565 op.
451 2530 551 2557 Charis.
570 2538 594 2563 p.
611 2537 662 2561 192.

236 2575 255 2594 R
265 2574 280 2593 E
292 2573 309 2594 C
322 2573 338 2593 E
353 2573 375 2592 N
388 2572 408 2591 T
417 2573 433 2592 E
444 2572 475 2592 R.
514 2565 581 2591 Adn.
618 2564 692 2599 Apic.
705 2572 726 2596 1,
739 2573 748 2590 1
768 2564 865 2592 Oiiuae
880 2563 912 2590 de
923 2564 1019 2591 arbore
1032 2571 1152 2592 recenter
1164 2566 1249 2593 subla-

202 2610 252 2630 tae.
325 2601 418 2629 Pallad.
435 2610 455 2634 1,
469 2603 500 2628 :6
518 2602 599 2627 Poma
612 2606 730 2627 recenter
744 2600 819 2626 lecta.
878 2601 952 2636 Conf.
969 2601 1008 2627 Id.
1022 2609 1045 2634 ς,
1058 2611 1085 2633 4.
1158 2602 1246 2628 Cellar.

201 2641 259 2665 Cur.
273 2636 337 2670 Post.
347 2645 375 2673 p.
388 2647 437 2664 121.

201 2682 260 2702 rato
282 2674 347 2701 solo.

240 2715 260 2735 R
272 2716 288 2736 E
298 2715 314 2734 C
324 2715 339 2734 E
348 2716 369 2735 Ν
380 2715 401 2733 Τ
410 2715 429 2735 O
437 2715 456 2734 R
464 2727 471 2739 ,
497 2707 545 2734 firi.
581 2707 749 2741 [νεογνέμκι]
785 2708 911 2734 Renouari
919 2728 927 2741 ,
947 2715 971 2734 et
990 2708 1067 2734 denuo
1087 2708 1245 2743 recens-fieri.

201 2745 302 2772 Matius
332 2743 399 2779 apud
425 2743 494 2769 Gell.
515 2751 549 2776 ις,
569 2751 596 2775 23
623 2744 734 2769 Iamiam
753 2743 886 2770 albicascit
905 2743 1041 2774 Phoebus,
1061 2749 1090 2769 etv
1100 2750 1248 2770 recentatur

203 2781 352 2808 Commune
367 2780 456 2806 lumen
472 2779 627 2805 hominibus
641 2786 666 2806 et
678 2779 808 2813 voluptas.
880 2779 948 2805 Atld.
967 2780 1075 2806 Nonius
1088 2788 1109 2808 2,
1122 2787 1175 2812 751.

238 2822 465 2846 RECENSEO,
489 2815 533 2847 ιιι,
557 2815 638 2848 sum,¹
656 2818 708 2840 ere.

228 2851 313 2887 zosccre
325 2851 506 2877 multitudinem
518 2851 634 2885 aliquam,
652 2856 675 2876 et
687 2849 829 2890 singulatim
842 2850 1003 2883 considerare,
1015 2857 1088 2885 atque
1103 2860 1250 2877 enumerare.

226 2888 263 2914 iu.
277 2896 295 2918 1,
311 2889 339 2913 16
358 2888 429 2913 Inter
442 2886 505 2912 haec
519 2886 634 2913 recenset
647 2893 811 2918 exercitum,
829 2886 942 2911 militem
957 2886 1071 2912 instruit.
1160 2887 1249 2920 Capti-

202 2932 251 2949 vos
265 2922 398 2949 recensere
425 2921 485 2948 Liu.
498 2924 542 2952 26,
555 2930 599 2954 49.
704 2922 872 2955 Omnemque
886 2923 993 2949 suorum
1007 2923 1086 2948 Forte
1099 2923 1249 2949 recensebat

202 2959 352 2986 Numerum
371 2965 498 2990 carosque
511 2957 629 2990 Nepotes
646 2956 721 2991 Virg.
734 2958 799 2983 Aen.
815 2960 841 2988 6,
854 2959 911 2986 682.
1002 2958 1154 2985 Numerum
1174 2958 1247 2985 Idem

202 2995 300 3029 Georg.
313 3003 341 3027 4,
355 2995 414 3026 436.
491 2992 641 3018 Numerum
654 3000 796 3026 porcorum
817 2993 949 3019 Columel.
964 3000 992 3027 7,
1005 3002 1030 3025 9.

203 3030 235 3056 ad
249 3038 389 3055 numerum
404 3028 506 3062 pecoris
526 3027 599 3054 Idem
614 3036 649 3060 12,
663 3037 684 3059 3.
765 3029 923 3063 Recensere,
945 3031 1069 3056 Narrare.

205 3068 241 3095 16,
255 3074 263 3091 1
282 3065 367 3091 Ouius
390 3064 462 3090 enim
484 3064 600 3090 recenset
617 3063 715 3096 multa,
730 3073 797 3098 quae
810 3064 915 3091 vellem.
1011 3066 1058 3092 Sed
1072 3065 1152 3091 editur
1166 3066 1246 3099 modo,

203 3100 289 3127 Ouius
303 3100 375 3126 enim
388 3108 486 3126 recens.
521 3100 545 3126 Is
560 3098 650 3129 multa,
668 3108 734 3133 quae
748 3099 852 3126 vellem.
925 3100 1002 3127 Facta
1017 3101 1098 3127 fortia
1112 3103 1246 3128 recensere

203 3135 281 3162 Ouid.
297 3135 374 3169 Epist.
387 3144 414 3168 9,
428 3143 478 3167 ¹03·
569 3135 714 3162 Dinumera
734 3135 830 3168 fastos,
846 3145 893 3163 nec
911 3146 992 3171 parua
1007 3138 1126 3171 exempla
1141 3139 1247 3164 recense

203 3171 264 3197 Stat.
279 3172 343 3197 Silu.
363 3181 391 3204 4,
408 3179 478 3202 1,29.
595 3177 597 3179 ’

241 3213 260 3232 ιι
269 3214 284 3232 13
293 3212 309 3231 C
320 3213 335 3232 Ε
345 3213 365 3231 Ν
375 3213 388 3232 s
398 3212 418 3231 V
427 3213 440 3232 S
449 3225 456 3236 ,
483 3214 513 3237 a,
539 3215 593 3232 um.
631 3207 725 3232 Partic.
760 3206 968 3242 [καταλεχθεὶς]
1005 3208 1073 3234 Suet.
1088 3208 1125 3235 -in
1138 3210 1214 3243 Vesp.
1230 3218 1247 3242 9

206 3241 378 3275 Ampliffimos
391 3240 514 3273 ordines,
539 3247 565 3268 et
577 3241 713 3268 exhaustos
727 3243 804 3268 caede
818 3243 892 3269 varia
903 3263 910 3274 ,
928 3250 952 3268 et
966 3245 1157 3271 contaminatos
1177 3252 1246 3271 vete.

204 3277 228 3302 ri
242 3277 400 3311 negligentia
414 3277 549 3311 purgauit,
566 3277 746 3311 suppleuitque
759 3280 863 3304 recenso
871 3279 965 3305 Senatu
976 3286 1003 3306 et
1016 3281 1106 3314 equite
1115 3301 1122 3312 ‚
1143 3280 1248 3307 submo-

204 3312 238 3336 tis
251 3311 444 3345 indigniffimiu,
464 3318 489 3338 et
502 3312 678 3339 honestiffimo
695 3322 802 3348 quoque
816 3314 969 3340 Italicorum
989 3324 1018 3341 ac
1040 3317 1245 3350 prouincialium

1138 2995 1247 3021 Vellera

1123 3031 1177 3056 Cic.
1193 3032 1247 3058 Art.

203 3346 307 3372 allecto.
344 3350 375 3373 al.
397 3348 531 3375 Rccenfito
549 3355 637 3375 contra
648 3349 723 3377 MSS.

201 3382 345 3409 videbimus.

242 3424 258 3443 R
271 3424 285 3443 h
293 3424 309 3444 C
318 3425 334 3443 E
343 3424 364 3442 Ν
375 3425 387 3443 S
398 3423 419 3442 V
430 3425 442 3443 S
452 3439 461 3451 ‚
481 3418 520 3445 sis.
564 3429 600 3446 m.
637 3419 839 3455 [ἐπαριθμησις]
874 3421 1023 3456 Recensendi
1036 3421 1122 3453 σθαι,
1142 3432 1171 3449 αι·
1183 3432 1248 3450 reco-

210 3456 293 3479 mitio.
331 3454 434 3479 Sueton.
447 3454 473 3480 in
481 3456 552 3481 Caes.
562 3465 582 3483 c.
591 3465 618 3488 41
640 3457 784 3482 Recensum
798 3456 953 3489 populi‚nec
967 3466 1053 3488 more,
1073 3467 1119 3483 nec
1133 3458 1193 3484 loco
1208 3460 1247 3484 so-

215 3490 268 3519 ito,
290 3487 332 3514 sed
367 3488 474 3514 vicatim
508 3498 553 3523 per
585 3491 708 3518 dominos
737 3491 882 3518 insularum
902 3493 964 3527 egit.

204 3524 264 3550 Liu.
280 3524 346 3558 Epit.
363 3532 408 3555 115.

241 3567 258 3586 R
272 3567 286 3585 ι
297 3566 313 3584 c
326 3566 342 3585 E
356 3567 376 3585 lx*
389 3565 447 3585 s1o
457 3578 464 3589 ,
490 3559 556 3585 finis.
585 3562 603 3586 s.
641 3562 816 3596 [κατάλογος]
853 3563 928 3589 Idem.
964 3563 1021 3590 Cic.
1036 3573 1084 3598 pro
1098 3565 1193 3591 Milon.
1209 3574 1246 3600 74

204 3603 226 3622 c.
243 3603 275 3629 27
297 3596 370 3625 Eum,
383 3595 430 3628 qni
443 3593 535 3633 aedem
550 3594 738 3634 'Nympharum
756 3598 889 3631 incendit,
909 3605 937 3625 vt
952 3600 1108 3627 memoriam
1124 3601 1245 3635 publicae

203 3630 361 3657 recensionis
375 3629 471 3670 tabulis
483 3629 593 3670 pubbl1c1s
608 3632 752 3665 impressam
768 3634 955 3668 exstingueret.
1060 3637 1128 3663 Suet.
1150 3638 1178 3662 in
1196 3638 1244 3663 lul.

204 3666 276 3726 Casti-s.
286 3675 339 3698 «ηιμ
359 3667 401 3692 Ne
416 3674 462 3699 qui
475 3674 541 3691 nou1
557 3673 644 3692 coetus
667 3669 825 3696 recensionis
846 3671 920 3697 causa
949 3673 1055 3698 moueri
1085 3673 1244 3708 quandoque

221 3710 237 3727 o
257 3707 310 3726 ent.

202 3711 218 3737 P
239 3742 363 3763 naman
375 3741 505 3768 S1T10,
522 3736 590 3763 onia.
609 3737 628 3763 f.
666 3738 741 3765 Idem.
776 3740 882 3774 leian.
898 3741 954 3767 inl.
968 3751 980 3774 3
1000 3741 1023 3778 §.
1039 3743 1067 3769 Si
1080 3743 1139 3778 quis
1154 3745 1244 3771 noxali

201 3773 234 3798 l).
248 3771 288 3798 Ad
301 3770 440 3798 exhibend.
479 3771 660 3798 Recensitione
674 3774 808 3800 seruorum
823 3776 901 3803 faeta.
936 3779 979 3805 Sic
996 3779 1086 3806 habent
1105 3778 1243 3807 Panticffae

200 3809 370 3837 florentinae,
387 3813 410 3831 et
425 3807 574 3834 Haloandcr.
612 3810 703 3843 Nempe
723 3807 754 3841 2st
769 3814 850 3837 etiam.

237 3850 254 3869 ιι
266 3850 281 3869 Ε
291 3850 331 3870 CE
342 3849 361 3868 N
371 3849 383 3869 s
393 3843 406 3868 ι’
417 3848 439 3867 Τ
451 3849 470 3868 v
480 3850 492 3869 s
504 3863 512 3875 ‚
532 3852 546 3869 a
555 3863 562 3874 ,
582 3852 635 3869 um.
656 3844 747 3872 Partic,
782 3845 1000 3882 [ἐπαριθμηθεὲς]
1034 3849 1103 3884 quast
1115 3860 1130 3876 a
1142 3851 1240 3877 Rea-n,

1036 3494 1110 3529 Conf.
1125 3495 1201 3520 Gron.
1214 3494 1249 3521 ad

518 862 591 887 Alius
607 862 661 887 alio
674 860 806 888 recentior
820 860 855 886 est
868 861 896 886 in
909 861 1003 887 dolore
1033 861 1134 888 Αιιέῐοι
1148 863 1179 888 ad
1196 864 1250 888 He·
1268 870 1304 888 20

502 1217 584 1243 Causa
597 1220 685 1242 reeens
699 1215 795 1242 acceslit
806 1216 838 1243 ad
853 1217 905 1242 iras
932 1217 1012 1243 Ouid.
1027 1219 1091 1245 Met.
1104 1228 1126 1251 3,
1141 1227 1181 1253 73.
1217 1221 1251 1247 al.
1267 1226 1299 1250 30

1200 1573 1250 1598 Le·
1259 1572 1297 1597 40

794 1924 869 1950 Prata
900 1925 1017 1952 recentia
1044 1926 1161 1954 incolere
1181 1924 1291 1955 riuis50

933 2278 1011 2305 Vires
1023 2286 1140 2305 recentes
1167 2281 1250 2307 Ouid.
1260 2273 1295 2299 ⁶0
1315 2278 1403 2305 dendo
1416 2285 1441 2305 et
1454 2280 1641 2313 repullulando
1656 2281 1790 2308 dixerunt.

1281 2451 1295 2478 5
1316 2460 1427 2489 euenire,
1447 2459 1560 2492 nascique
1571 2456 1646 2489 adro,
1667 2464 1691 2483 et
1704 2457 1853 2483 recidiuum
1864 2456 1928 2482 idem
1940 2457 2006 2492 quod
2018 2458 2154 2492 renascms.

542 2638 638 2695 Superl.
675 2636 742 2662 Plin.
758 2643 794 2669 ιε,
808 2645 832 2668 23
870 2637 959 2670 Qiam
969 2637 1140 2664 recentissime
1154 2633 1294 2665 sterce-70
1312 2644 1388 2668 nent,
1405 2643 1434 2662 vt
1447 2639 1501 2662 vult
1519 2636 1614 2668 Volliner
1627 2647 1635 2661 .-

746 2815 953 2848 [καταλὲγυμαι,
970 2815 1137 2849 οἱποιριθμέω]
1174 2816 1247 2841 Reco-
1261 2809 1294 2838 75
1315 2814 1387 2840 mina
1402 2814 1470 2840 dixit
1483 2814 1603 2840 Prudent.
1618 2815 1647 2840 in
1655 2813 1801 2845 symmach.
1816 2818 1901 2845 2,8z1.

1270 2989 1302 3015 80
1312 2998 1407 3020 centior
1420 2993 1534 3026 videtur,
1556 3004 1608 3020 cum
1621 2993 1681 3027 absit
1695 3004 1709 3019 a
1721 2995 1870 3020 melioribus.

1266 3166 1294 3195 85
1313 3173 1369 3200 dam
1380 3172 1552 3208 relic'lasnnt,
1573 3183 1584 3198 c
1597 3173 1684 3208 quibus
1696 3174 1772 3199 ‹icnuo
1782 3184 1789 3198 .·
1807 3183 1861 3199 cum
1871 3176 1982 3208 periculo
1986 3174 2076 3234 Aaepe,
2096 3176 2186 3199 oritur.

794 3349 842 3377 Scd
855 3350 1002 3377 Recenlitus
1015 3355 1088 3378 ctiam
1105 3351 1173 3385 deci,
1191 3362 1246 3378 mox
1263 3346 1299 3369 9⁰
1318 3353 1403 3387 spicis,
1418 3362 1449 3378 ne
1467 3352 1556 3386 possint
1569 3354 1616 3378 else
1629 3352 1755 3379 recidiua.

1691 102 1967 143 REC
2306 113 2353 154 88

1313 192 1389 219 annis
1412 192 1439 218 in
1454 192 1653 219 demortuorum
1667 191 1755 217 locum
1772 199 1802 216 ex
1818 189 1870 222 his,
1883 193 1930 226 qui
1944 192 2060 220 recensiti
2074 201 2128 220 non
2141 194 2235 226 esknt,
2251 193 2354 225 subsbre

1314 227 1378 253 titio
1390 236 1404 253 a
1417 229 1539 254 Praetore
1553 228 1636 254 ficret.
1729 227 1843 252 Colonia
1869 227 1988 255 Frontin.
2002 229 2034 255 de
2048 230 2143 255 Colon.
2158 239 2182 264 p.
2198 238 2242 261 332
2255 237 2279 256 et
2297 238 2354 262 354.

1315 261 1407 289 Claud.
1420 264 1447 289 in
1462 265 1570 297 Eutrop.
1586 272 1609 295 2,
1622 266 1656 288 60
1677 263 1762 289 Prisca
1776 261 1906 289 recensitis
1919 264 2036 291 euoluite
2049 265 2149 291 saecula
2160 265 2243 291 tastis.
2283 264 2353 293 Adi.

1315 297 1438 324 Prudent.
1453 300 1512 325 Pass.
1527 298 1635 333 Hippol.
1649 308 1674 324 v.
1691 307 1747 332 147.
2332 325 2337 332 ¹
2386 308 2391 317 ι

1354 338 1537 361 RECEPTA
1550 341 1567 361 c
1580 341 1598 360 v
1611 340 1707 365 LVM,
1728 339 1797 360 REC
1810 338 1921 364 EPTO,
1937 333 1989 360 uid.
2011 341 2030 361 R
2043 341 2186 362 ECIPIO.

1349 373 1559 402 Rsscrssmi,
1579 376 1792 400 Recessvs,
1812 368 1864 394 vid.
1885 374 2054 397 arcano.

1350 409 1395 428 RE
1405 409 1422 429 c
1436 410 1457 429 H
1468 406 1489 430 Ᾱ
1496 412 1519 430 M
1529 411 1549 430 v
1558 411 1581 437 s,
1601 405 1618 430 i.
1640 415 1676 431 m.
1716 405 1894 438 Tr·ochlca‚per
1905 406 1975 430 cuius
1988 405 2120 432 orbiculum
2126 405 2208 441 funis
2224 403 2354 432 ductarius

1314 440 1452 465 traiicitur.
1493 441 1580 466 Vtitur
1593 442 1698 468 Viti-uu.
1715 450 1750 472 ιο,
1763 449 1788 466 2.
1857 438 1930 475 Conf.
1946 439 2020 466 Baldi
2032 443 2090 467 Lex.
2140 433 2152 447 ⁸

1355 478 1375 498 R
1384 480 1400 499 E
1410 480 1426 500 c
1436 481 1455 499 n
1466 481 1487 501 A
1498 481 1516 501 ιι
1526 483 1550 501 M
1559 477 1572 501 f
1582 482 1600 501 D
1609 482 1628 502 o
1637 497 1646 509 ‚
1666 481 1717 502 are.
1757 474 1828 501 &Ha
1841 484 1903 506 vox,
1922 474 1988 509 apud
2000 476 2082 503 Plaut.
2095 476 2124 502 in
2136 475 2220 502 Trin.
2234 484 2263 509 4,
2277 484 2297 507 2,
2314 483 2353 509 ¹33

1316 505 1469 541 Charmides
1482 519 1531 544 ego
1545 512 1601 536 sum
1637 526 1682 531 —
1720 516 1792 538 sYc.
1830 510 1964 543 Postquam
1976 519 2027 547 ego
2040 521 2082 538 me
2095 520 2188 538 aurum
2201 512 2272 538 ferre
2286 511 2355 544 dixi,

1316 541 1373 575 post
1383 548 1411 568 tu
1433 543 1516 571 faGtus
1533 554 1559 571 es
1571 545 1726 574 Charmides
1752 547 1792 580 (i.
1805 545 1908 580 finxisti
1920 553 1939 571 te
1954 545 1996 578 :Jli’
2008 547 2171 579 Charmidem,
2190 550 2230 573 cui
2241 547 2356 574 debeatur

1315 576 1379 616 illud
1390 581 1495 613 aarum)
1531 581 1605 607 Prius
1619 589 1646 608 tu
1659 591 1712 608 non
1725 591 1781 608 eras
1943 580 2022 607 Proin
2039 588 2066 608 tu
2080 588 2104 608 te
2121 583 2215 609 itidem
2228 588 2257 609 vt
2273 582 2353 609 Char-

1319 611 1432 638 nudatus
1446 623 1472 640 cs
1482 635 1490 646 ,
1509 616 1613 642 rursum
1626 618 1790 645 recharmida
1799 637 1806 649 ,
1825 619 1844 643 i.
1853 619 1950 651 Dtjpmze
1962 626 2045 643 nomen
2059 618 2203 645 Charmidae
2209 617 2356 654 fraudandi

1315 647 1389 683 causa
1411 648 1538 683 adscitum.

1354 689 1373 708 ιι
1384 689 1400 709 13
1409 689 1453 722 erg
1462 691 1478 709 E
1486 690 1503 709 n
1514 692 1522 710 1
1533 691 1550 711 r
1559 693 1581 712 N
1590 694 1612 713 A
1620 706 1628 719 ,
1639 687 1713 723 falfiz
1725 687 1797 714 let-‘tio
1807 694 1854 723 pro
1877 693 1898 714 T
1906 693 2110 715 ιιΕεΗΕυιΡΝΑ
2129 698 2154 715 υ.
2170 698 2196 715 υ.

1355 724 1374 743 R
1386 725 1402 744 E
1412 724 1429 744 C
1442 725 1451 757 ι
1464 725 1481 744 D
1493 725 1511 745 0
1522 739 1530 751 ‚
1556 722 1626 754 c'1'di,
1649 725 1734 749 casum
1743 744 1752 756 ‚
1773 726 1825 749 ere.
1861 724 1874 757 [
1885 722 2029 756 danim...]
2065 724 2198 758 Retro-siue
2210 727 2301 750 iterum
2316 732 2356 750 ca·

1319 752 1383 793 dere.
1420 754 1476 779 C1c.
1489 754 1520 780 de
1535 756 1597 795 Nat.
1613 757 1692 785 Deor.
1704 767 1730 791 2,
1744 762 1777 785 66
1796 759 1868 791 Qiia
1883 765 1908 784 et
1921 758 2038 784 recidant
2052 759 2142 786 omnia
2161 760 2190 786 in
2208 766 2305 791 terras,
2327 764 2357 785 et
2370 784 2371 787 ,

1320 794 1444 829 oriantur
1459 797 1473 814 e
1485 795 1570 817 terns.
1642 793 1760 821 Producit
1769 798 1878 829 primam
1890 794 1992 820 Lucrct.
2002 803 2020 826 1,
2029 799 2073 828 857
2095 796 2128 821 At
2139 804 2224 830 neque
2238 795 2357 822 recidere

1320 823 1353 850 ad
1367 824 1484 850 nilnlum
1499 834 1539 850 res
1550 828 1627 860 posse.
1696 829 1769 856 Idem
1782 838 1803 862 ς,
1817 835 1868 859 281.
1939 831 2055 863 Propcrt.
2069 839 2096 862 4,
2110 839 2137 863 9,
2153 836 2177 860 18
2197 831 2300 857 Recidit
2315 831 2357 856 in-

1321 869 1373 899 que
1388 861 1446 886 suos
1459 861 1546 887 mensa
1557 863 1647 896 supina
1660 863 1745 897 pedes.
1815 867 1920 901 Legitur
1934 873 1957 891 et
1969 865 2084 892 Decidit.
2148 867 2205 893 vid.
2221 866 2309 902 Heius.
2324 866 2358 890 ad

1320 896 1403 923 Ouid.
1419 897 1482 922 Her.
1498 905 1537 930 14,
1550 900 1595 929 46.
1629 905 1653 924 ει
1670 899 1743 925 Rem.
1757 900 1815 926 Am.
1829 910 1854 927 v.
1866 904 1917 928 611.
2113 899 2133 937 fl
2163 911 2176 928 2
2213 901 2357 936 Metaphor.

1318 931 1354 958 ad
1372 939 1471 957 encntrzs
1491 935 1570 971 omnis
1583 936 1679 969 generis
1693 935 1812 970 refertur.
1919 936 2022 963 Recidit
2036 937 2064 963 in
2077 943 2151 971 caput
2165 937 2253 963 medici
2265 944 2360 972 parum

1320 967 1460 1000 prosperae
1475 969 1619 995 curationis
1631 976 1739 996 euentus
1777 971 1850 996 Cui-t.
1867 980 1894 1004 9,
1909 980 1932 1005 ς,
1945 981 1985 1005 23.
2093 973 2173 999 Ouid.
2189 974 2254 999 Met.
2272 975 2302 1003 6,
2315 980 2359 998 212

1320 1003 1401 1035 Qod
1414 1004 1444 1029 in
1459 1003 1544 1037 ipsum
1556 1003 1663 1030 recidat.
1734 1006 1857 1032 Incaslhm
1872 1008 1966 1034 recidit
1980 1008 2067 1034 omnis
2080 1008 2195 1042 impensa
2224 1007 2356 1035 Columel.

1319 1047 1347 1078 ιι,
1360 1046 1382 1070 3.
1408 1073 1414 1078 .
1455 1039 1512 1065 Liu.
1527 1049 1553 1072 4,
1573 1048 1589 1065 2
1606 1039 1652 1080 Ne
1664 1039 1693 1066 id
1708 1041 1809 1075 Iupiter
1823 1042 1883 1076 Opt.
1896 1043 1966 1069 Max.
1981 1044 2091 1076 smeret,
2110 1044 2198 1078 regiae
2217 1043 2358 1070 maiestatis

1318 1081 1463 1108 imperium
1494 1083 1528 1101 eo
1558 1075 1684 1102 recidere.
1789 1077 1893 1104 Recidit
1930 1079 1961 1105 ad
1998 1088 2090 1113 pancas
2134 1080 2247 1106 familias
2290 1084 2355 1105 atte-

1319 1117 1398 1136 nuata
1429 1110 1507 1136 bellis
1539 1110 1632 1137 ciuitas
1656 1111 1723 1138 Plin.
1747 1119 1773 1145 ς,
1795 1121 1818 1139 2.
1923 1114 2051 1143 Recidunt
2083 1115 2185 1149 febres,
2210 1124 2270 1150 quae
2298 1113 2356 1140 inde

1318 1145 1453 1172 recidiuae
1465 1148 1600 1178 dicuntur,
1619 1147 1736 1174 Redeunt.
1774 1148 1840 1175 Plin.
1855 1153 1892 1181 28,
1905 1151 1932 1175 16
1952 1150 2093 1184 Qxartanis
2107 1152 2177 1185 magi
2193 1156 2359 1177 excrementa

1319 1181 1380 1221 felis
1393 1190 1452 1207 cum
1467 1182 1552 1216 digito
1566 1181 1681 1209 bubonis
1691 1183 1830 1218 adalligari
1841 1184 1948 1213 iubent:
1975 1193 2000 1212 et
2012 1195 2044 1212 ne
2055 1186 2187 1217 recidant,
2205 1195 2258 1212 non
2272 1194 2358 1212 remo-

1318 1224 1377 1242 veri
1392 1218 1498 1250 septeno
1512 1218 1632 1244 circuitu.
1723 1219 1842 1252 Recidit,
1860 1226 1889 1247 vt
1909 1221 2017 1255 cupidos
2033 1222 2104 1248 inter
2118 1221 2226 1248 deuenit
2239 1228 2358 1248 amantes

1318 1252 1482 1279 Ouid-Rem.
1492 1254 1549 1279 Am.
1558 1263 1583 1280 v.
1593 1256 1643 1280 611.
1679 1254 1706 1281 de
1720 1258 1818 1287 iuuene,
1838 1259 1881 1291 qui
1892 1258 1919 1282 in
1931 1257 1989 1283 suae
2003 1264 2081 1291 portu
2096 1267 2177 1292 paene
2189 1258 2277 1284 salutis
2293 1263 2356 1283 erat.

1317 1287 1372 1313 vid.
1386 1289 1473 1323 HeinJL
1489 1289 1512 1314 h.
1527 1290 1545 1315 Ι.
1615 1290 1646 1315 In
1658 1290 1790 1317 fortunam
1804 1291 1921 1318 recidere
1941 1293 2070 1325 Qinetil.
2085 1296 2110 1325 6,
2126 1302 2146 1326 1,
2159 1302 2199 1325 23.
2253 1294 2284 1318 In
2298 1301 2357 1318 ean-

1318 1322 1378 1349 dem
1392 1324 1536 1350 Fortunam
1556 1324 1612 1351 Cic.
1626 1333 1675 1359 pro
1689 1325 1758 1352 Sext.
1769 1335 1792 1351 c.
1805 1333 1850 1359 70.
1920 1328 1951 1352 In
1963 1329 2096 1355 Inuidiam
2109 1329 2226 1356 recidere
2252 1328 2320 1362 Nep.
2336 1337 2359 1359 7,

1319 1366 1346 1393 7,
1360 1367 1379 1384 1.
1399 1362 1416 1384 i.
1430 1362 1519 1385 iterum
1533 1360 1626 1386 cadere.
1717 1360 1789 1385 Tela
1802 1361 1831 1384 in
1842 1361 1961 1393 iugulum
1974 1364 2117 1389 Consulum
2130 1364 2276 1390 recidissent
2301 1363 2359 1390 Cic.

1319 1403 1369 1428 pro
1381 1395 1465 1420 Plane.
1477 1403 1521 1427 90.
1612 1395 1686 1420 Idem
1700 1404 1747 1428 pro
1759 1394 1831 1420 Sulla
1844 1402 1874 1426 91
1891 1394 1977 1425 Quam
1989 1397 2044 1420 cito
2054 1398 2101 1422 'illa
2111 1400 2200 1424 omnia
2213 1407 2244 1425 cx
2258 1399 2360 1425 laetitia

1318 1435 1345 1455 et
1357 1430 1494 1464 voluptate
1507 1429 1539 1456 ad
1553 1429 1654 1456 suetum
1669 1435 1694 1455 et
1709 1429 1830 1455 lacrimas
1842 1429 1994 1455 reciderunt
2007 1429 2016 1453 ἒ
2093 1429 2133 1455 Ad
2151 1431 2298 1458 ludibrium
2318 1442 2358 1459 re.

1322 1463 1388 1490 cidit
1409 1467 1483 1491 Curt.
1496 1475 1523 1498 9,
1537 1475 1559 1497 7,
1574 1474 1613 1496 23.
1685 1465 1745 1491 Hoc
1757 1464 1786 1490 in
1804 1465 1962 1490 memoriam
1974 1463 2070 1490 recidit
2087 1463 2142 1489 Cic.
2155 1464 2266 1499 Philipp.
2287 1474 2320 1498 ι3,
2334 1475 2363 1499 19

1320 1507 1342 1523 c-
1357 1505 1427 1533 9pr.
1499 1502 1530 1525 Iu
1544 1501 1696 1532 grauiorem
1711 1500 1836 1526 morbum
1850 1499 1968 1526 recidere
1993 1499 2054 1525 Liu.
2069 1507 2109 1530 24,
2124 1506 2166 1531 29.
2237 1501 2292 1526 Cic.
2306 1502 2363 1528 Phi.

1321 1534 1388 1568 lipp.
1405 1541 1432 1568 7,
1445 1539 1476 1563 28
1497 1535 1576 1559 Hunc
1590 1539 1666 1560 tuum
1680 1530 1782 1561 tainum
1794 1541 1962 1569 apparatum,
1981 1541 2088 1567 tamque
2102 1532 2262 1568 praeclarum
2279 1544 2312 1562 ne
2329 1537 2362 1564 ad

1318 1570 1437 1595 nihilum
1451 1570 1568 1596 recidere
1580 1569 1690 1602 patiare.
1763 1570 1907 1595 Ramulum
1919 1569 2061 1597 addufium
2074 1575 2103 1596 vt
2120 1569 2236 1597 remissus
2253 1572 2311 1600 efl'et
2327 1573 2356 1600 in

1319 1605 1428 1630 oculum
1443 1606 1519 1632 suum
1533 1605 1622 1631 recisse
1644 1605 1700 1631 Cic.
1717 1603 1750 1630 de
1764 1605 1855 1631 Diuin.
1872 1614 1893 1635 1,
1907 1613 1948 1637 123
1961 1614 1982 1631 c.
1997 1613 2039 1637 54.
2137 1604 2213 1631 Idem
2226 1613 2271 1640 pro
2285 1608 2357 1635 Rosc.

1318 1640 1396 1666 Corn.
1410 1648 1442 1673 43
1458 1649 1479 1666 c.
1494 1648 1519 1673 ις
1549 1641 1684 1672 Quorsum
1706 1639 1806 1666 recidat
1818 1641 1971 1674 responsum
1984 1645 2074 1672 tuum,
2094 1648 2148 1666 non
2160 1648 2311 1676 magnopere
2322 1642 2356 1672 la-'

1318 1674 1388 1701 boro
1398 1695 1406 1706 ‚
1425 1675 1489 1701 idem
1503 1685 1548 1707 oc,
1569 1675 1706 1710 quomodo
1718 1676 1807 1708 cadat,
1828 1676 1892 1709 quid
1906 1676 2074 1712 responsurus
2087 1675 2127 1702 sis.
2216 1675 2256 1702 Ad
2268 1685 2358 1711 paucos

1317 1710 1415 1737 recidit
1427 1720 1467 1736 ars
1482 1711 1578 1737 musica
1599 1712 1669 1738 Ter.
1682 1711 1711 1737 in
1722 1711 1793 1737 Prol.
1806 1712 1871 1737 Hec.
1885 1721 1927 1745 47.
1999 1712 2030 1737 In
2042 1717 2068 1738 te
2081 1710 2200 1739 recident
2213 1712 2262 1740 hae
2274 1719 2361 1740 contu-

1317 1746 1412 1772 meliae
1434 1746 1516 1772 Plaut.
1531 1747 1602 1772 Men.
1620 1755 1644 1781 3,
1657 1755 1684 1778 2,
1701 1754 1743 1779 54.
1834 1747 1991 1774 Aetolorum
2008 1755 2089 1781 praua
2103 1747 2227 1783 consilia,
2245 1753 2323 1783 atque
2334 1748 2363 1775 in

1317 1781 1438 1815 ipsorum
1453 1788 1528 1815 caput
1541 1783 1643 1816 semper
1655 1782 1799 1809 recidentia
1812 1784 1944 1810 accusauit
1962 1783 2022 1809 Liu.
2031 1784 2070 1814 36,
2079 1791 2118 1815 29.
2188 1784 2220 1810 In
2230 1783 2362 1819 pristinam

1317 1818 1418 1843 causam
1432 1817 1550 1843 recidere
1559 1838 1568 1850 ‚
1603 1821 1621 1843 i.
1639 1819 1671 1844 In
1680 1816 1817 1853 prtstinam
1831 1818 1996 1845 conditionem
2033 1817 2160 1845 Neratius
2171 1818 2202 1846 in
2212 1819 2325 1853 1.¹Q10d
2335 1820 2364 1847 in

1318 1853 1399 1879 litore
1414 1854 1444 1879 D.
1461 1853 1492 1879 de
1505 1853 1606 1887 acquir.
1621 1862 1672 1880 rer.
1688 1853 1790 1880 domin.
1863 1854 1920 1880 Cic.
1935 1854 1967 1880 ad
1981 1855 2052 1882 Brut.
2062 1856 2091 1880 16
2110 1854 2209 1881 Nonne
2223 1855 2275 1882 hoc
2291 1855 2362 1882 estin

1316 1889 1420 1915 easdem
1452 1889 1573 1915 tenebras
1607 1889 1726 1916 recidisse
1740 1889 1750 1915 3
1946 1887 1967 1927 ff
1987 1898 1999 1922 3
2036 1892 2079 1916 An
2095 1893 2203 1925 ponitur
2217 1898 2268 1926 pro
2284 1894 2363 1919 morl?

1314 1924 1400 1951 Rutil.
1413 1925 1475 1950 Itin.
1493 1933 1514 1960 1,
1526 1933 1569 1957 3¹2
1606 1925 1687 1957 Qod
1702 1924 1834 1960 Lepidum
1846 1925 1925 1953 toties
1938 1925 2036 1953 recidit
2055 1927 2115 1952 ense
2129 1926 2244 1959 malum,
2262 1929 2282 1954 i.
2301 1926 2363 1963 quod

1312 1967 1352 1987 tot
1363 1961 1454 1996 Lepidi
1465 1961 1543 1996 ferm
1555 1963 1662 1996 periere.

1350 2011 1370 2037 R
1380 2018 1396 2037 E
1405 2017 1422 2037 C
1431 2018 1452 2037 Α
1460 2018 1473 2037 S
1482 2012 1502 2036 V
1513 2017 1533 2037 R
1543 2017 1563 2036 V
1574 2017 1586 2037 S
1595 2031 1603 2044 ,
1621 2019 1651 2042 a,
1670 2020 1725 2038 um.
1745 2012 1838 2039 Partie.
1874 2011 2075 2046 [ἐναπεσέμενοι]
2110 2012 2168 2040 Cic.
2182 2013 2234 2039 Att.
2243 1998 2354 2049 4,16flit.

1313 2046 1342 2072 Id
1358 2055 1407 2081 ego
1422 2054 1486 2081 puto
1496 2067 1504 2080 ,
1524 2054 1552 2073 vt
1566 2047 1650 2074 multa
1664 2047 1799 2080 eiusdem,
1819 2047 1851 2075 ad
1865 2047 1936 2075 nihil
1950 2048 2106 2075 recasurum.
2143 2049 2212 2075 Suet.
2219 2049 2285 2083 Aug.
2299 2049 2353 2082 096

1313 2081 1429 2108 Aduersa
1441 2082 1533 2109 cunufiia
1547 2083 1576 2108 in
1587 2082 1649 2110 ino:
1665 2084 1793 2110 recasura.

1353 2145 1373 2166 ιι
1384 2147 1400 2166 E
1412 2145 1428 2165 C
1440 2147 1477 2179 ιι)
1487 2147 1527 2166 1v
1536 2148 1554 2166 v
1565 2147 1594 2173 s,
1614 2150 1646 2173 a,
1673 2151 1728 2179 um.
1751 2142 1813 2168 Adi.
1848 2141 2014 2178 Dindryme,
2033 2144 2189 2180 παλίνορσος]
2224 2143 2298 2179 Qod
2305 2139 2361 2179 post·

1313 2175 1395 2210 casum
1409 2179 1478 2211 resur
1498 2179 1534 2208 it,
1554 2180 1623 2201 vires
1635 2175 1749 2208 amr'sJas,
1769 2180 1893 2211 vitamque
1906 2179 1964 2204 adeo
1975 2182 2082 2213 recipit,
2100 2183 2249 2214 renascitur.
2302 2178 2361 2206 lfid.

1315 2213 1385 2248 17,.6
1406 2210 1470 2236 Reci
1490 2212 1534 2236 iua
1557 2211 1685 2237 arborum
1709 2212 1783 2242 sunt,
1803 2219 1870 2245 quae
1893 2211 1951 2237 aliis
1969 2213 2046 2239 sectis
2064 2214 2232 2247 repullulant.
2303 2213 2361 2241 Alii

1314 2243 1433 2270 recidiua
1446 2254 1461 2269 a
1473 2245 1589 2272 cadendo
1603 2246 1708 2278 dicunt,
1726 2247 1788 2280 quia
1800 2246 1856 2281 post
1873 2247 1959 2272 casum
1973 2248 2122 2274 nascuntur.
2192 2249 2247 2274 Alii
2262 2258 2276 2275 a
2290 2250 2359 2276 reci-

1845 2282 1914 2315 Ergo
1928 2282 2077 2308 recidiuum
2086 2302 2094 2313 ,
2114 2282 2161 2309 vbi
2175 2292 2246 2312 mors
2261 2291 2305 2311 aut
2317 2293 2360 2311 ca-

1317 2315 1366 2340 sus.
1431 2315 1470 2340 Id.
1485 2316 1513 2340 in
1528 2315 1572 2340 Gl.
1587 2315 1704 2341 Recidua
1719 2316 1786 2352 (leg.
1799 2317 1935 2348 recidiua)
1955 2325 1985 2343 ex
1998 2317 2084 2344 ruinis
2097 2319 2265 2346 renascentia.
2302 2322 2362 2347 Vet-

1316 2351 1415 2376 Onom.
1431 2350 1574 2375 Recidiuus
1587 2349 1718 2383 πτώσιμος.
1773 2352 1800 2377 A
1818 2350 1934 2376 cadendo
1947 2351 2056 2378 deriuari
2068 2354 2150 2380 modus
2155 2354 2266 2390 syllabae
2271 2355 2362 2390 secun-

1316 2385 1361 2411 dae
1373 2384 1480 2411 indicat.
1554 2387 1661 2412 Gronou.
1673 2386 1707 2412 ad
1719 2386 1776 2412 Sen.
1790 2386 1894 2412 Troad.
1909 2394 1961 2418 472
1986 2389 2076 2412 multus
2089 2387 2121 2420 est
2132 2392 2159 2414 in
2169 2393 2265 2416 ratione
2278 2392 2362 2425 appel-

1314 2423 1418 2448 lationis
1431 2421 1592 2457 indaganda‚
1611 2428 1635 2447 ct
1649 2431 1674 2447 eo
1688 2422 1771 2447 euadit
1786 2421 1896 2456 denique,
1915 2421 2034 2449 recidere
2046 2423 2088 2448 hic
2101 2422 2144 2456 effe
2155 2423 2228 2450 denuo
2240 2428 2361 2456 accidere.

2209 2459 2307 2494 Qidfi
2319 2470 2360 2487 ue-

1315 2502 1370 2519 ram
1380 2495 1500 2519 rationem
1507 2495 1623 2528 seruauit
1646 2492 1717 2519 Mela
1730 2501 1751 2525 3,
1765 2495 1791 2525 6,
1806 2500 1834 2526 17
1870 2492 1946 2518 Adeo
1959 2492 2015 2525 agri
2029 2493 2130 2518 fertiles
2139 2515 2148 2527 ,
2167 2498 2197 2520 vt
2209 2503 2268 2520 cum
2282 2495 2362 2523 seme}

1313 2529 1365 2555 sata
1378 2528 1511 2555 frumenta
1524 2528 1586 2560 lint,
1611 2528 1723 2557 subinde
1745 2527 1871 2555 recidiuis
1893 2527 2036 2554 seminibus
2056 2528 2170 2562 sege-tem
2188 2530 2363 2562 nominibus,

1315 2565 1411 2599 septem
1426 2565 1585 2597 minimum,
1603 2565 1713 2591 interim
1729 2565 1815 2598 plures
1828 2563 1908 2589 etiam
1922 2564 2011 2589 messes
2025 2564 2119 2591 ferant.
2191 2565 2231 2592 Sit
2245 2574 2315 2591 error
2332 2568 2362 2590 in

1314 2602 1396 2627 Melae
1408 2601 1500 2633 uerbis,
1514 2601 1577 2636 quoti
1590 2600 1630 2626 illc
1635 2602 1777 2637 frumentis
1789 2599 1900 2631 tribuat,
1919 2608 1978 2634 quae
1993 2599 2028 2625 ad
2037 2599 2135 2626 herbam
2149 2599 2274 2627 Medicam
2281 2604 2364 2636 perti-

1550 2666 1563 2670 ..
1670 2643 1698 2662 at
1709 2634 1773 2661 illud
1784 2644 1843 2661 vero
1861 2634 1990 2661 admodum
2005 2634 2082 2666 fimtle
2102 2636 2218 2668 videtur,
2235 2636 2364 2663 Recidiua

1307 2675 1418 2707 primurn
1434 2670 1504 2697 dieta
1520 2671 1562 2705 {sse
1575 2671 1672 2698 semina
1681 2690 1688 2702 ,
1705 2680 1764 2706 quac
1779 2680 1833 2696 cum
1847 2677 1932 2697 temere
1945 2669 2058 2703 cxcitlrſjl‘
2071 2672 2220 2703 videantur,
2238 2677 2261 2697 et
2268 2670 2362 2707 per-rste

1313 2707 1386 2738 adeo,
1407 2708 1555 2743 rejiaergunr,
1574 2714 1597 2733 et
1604 2708 1720 2742 plantam
1727 2707 1798 2742 fiam
1813 2704 1965 2736 znsiaurant.
2057 2707 2132 2733 Fauct
2151 2706 2252 2735 Charis.
2265 2715 2275 2733 1
2290 2716 2316 2741 p.
2331 2714 2362 2741 71

1314 2742 1445 2769 Rediuiua
1468 2744 1602 2775 dicemus,
1623 2751 1689 2776 quae
1712 2742 1768 2776 post
1791 2742 1930 2768 interitum
1943 2741 2069 2774 redeunt,
2087 2742 2220 2773 recidiua,
2239 2752 2306 2777 quae
2323 2751 2357 2770 ex

1313 2779 1361 2804 suo
1374 2779 1431 2805 casu
1446 2778 1630 2805 restituuntur.
1699 2780 1782 2813 Quare
1790 2780 1910 2813 proprie,
1933 2784 1962 2804 ut
1976 2780 2067 2810 multa,
2087 2782 2161 2806 etiam
2180 2779 2307 2806 Recidiua
2322 2779 2358 2805 se-

1972 2814 2025 2840 Iam
2033 2814 2208 2850 prosequamur
2221 2813 2360 2842 auHorita-

1311 2857 1349 2876 tes
1363 2852 1480 2885 reliquas.
1551 2850 1625 2884 Virg.
1640 2851 1705 2876 Aen.
1720 2860 1748 2882 4,
1761 2858 1811 2882 344
1830 2849 1974 2886 err-persona
1986 2851 2098 2882 Aeneae,
2118 2851 2163 2876 Me
2184 2850 2202 2876 {i
2223 2850 2276 2877 fata
2291 2851 2358 2877 meis

1312 2892 1464 2920 paterentur
1477 2885 1571 2912 ducere
1585 2887 1667 2912 vitam
1683 2886 1814 2920 Auspiciis
1848 2900 1895 2905 —
1930 2886 2027 2912 Priami
2042 2885 2109 2913 teeia
2135 2886 2186 2913 alta
2209 2892 2358 2919 manerent,

1312 2923 1342 2949 Et
1355 2921 1474 2948 recidiua
1487 2930 1566 2948 manu
1586 2922 1724 2956 posuissem
1740 2921 1963 2956 PergamG‘viGtis.
2058 2922 2178 2954 Seruius,
2198 2922 2257 2949 Post
2270 2924 2357 2949 casum

1312 2958 1441 2985 restituta.
1515 2960 1581 2984 Nam
1593 2960 1672 2984 altera
1685 2956 1778 2994 gloffiz,
1799 2957 1880 2991 Qiod
1902 2958 2016 2987 excisum
2037 2957 2126 2983 denno
2143 2958 2301 2989 renascitur,
2319 2967 2357 2985 rt-

1959 2995 2057 3022 Similia
2068 3001 2149 3019 tamen
2156 2994 2205 3030 fi‘b
2217 2994 2302 3021 Seruii
2317 3003 2360 3020 no-

1804 3031 1897 3065 Nmpe
1910 3030 2037 3056 Recidiua
2053 3030 2178 3064 Pergama
2196 3033 2286 3065 repetit
2297 3031 2358 3061 Poti-

1824 3072 1848 3092 ει·
1861 3076 1895 3097 m,
1907 3072 1938 3099 58
1951 3076 1958 3091 .·
1989 3067 2138 3101 placuerunt
2157 3068 2231 3092 etiam
2245 3066 2357 3094 Senecae

2168 3102 2211 3127 Ita
2229 3101 2358 3128 Recidiua

1311 3034 1376 3056 minc.
1390 3031 1504 3066 leguntur
1518 3030 1552 3055 orl
1564 3031 1628 3056 Aen.
1643 3038 1681 3062 ιο,
1695 3034 1732 3062 58.

1310 3073 1354 3098 ta,
1374 3073 1401 3091 ut
1417 3064 1536 3101 placuisti*
1554 3066 1681 3102 intelligas
1699 3075 1724 3099 7,
1733 3074 1787 3097 322.

1312 3101 1417 3127 Troad.
1431 3109 1494 3135 472.
1530 3108 1553 3127 et
1566 3102 1632 3127 >tino
1648 3110 1667 3131 1,
1683 3104 1727 3126 106
1743 3102 1812 3127 Gens
1825 3101 1942 3128 recidiua
1956 3101 2095 3135 Phrygum.

1312 3137 1397 3164 febris
1411 3137 1442 3169 2st
1451 3157 1458 3168 ,
1478 3140 1555 3167 cuius,
1569 3147 1622 3163 cum
1636 3136 1767 3172 tla’:<[7{sli·,
1786 3144 1808 3163 et
1821 3135 1942 3170 nstrum
1956 3135 1999 3170 effi·
2006 3143 2157 3172 putaretur,
2167 3137 2266 3172 semina
2284 3146 2358 3173 quae-

2264 3173 2354 3199 Celsus

1311 3219 1333 3242 3,
1346 3218 1364 3242 4
1385 3209 1458 3236 Adeo
1474 3216 1502 3234 vt
1517 3210 1708 3243 Hippocrates,
1727 3208 1744 3234 li
1758 3209 1812 3234 alio
1825 3209 1869 3235 die
1882 3208 1965 3235 febris
2003 3209 2098 3240 elisset,
2111 3208 2260 3238 ¹,recidiuam
2279 3208 2356 3234 time-

1312 3255 1341 3271 re
1356 3245 1385 3271 tit
1399 3245 1498 3270 solitus.
1571 3245 1636 3270 Piin.
1653 3254 1692 3277 30,
1709 3253 1730 3270 11
1751 3244 1794 3271 vbi
1806 3244 1974 3279 defebribm,
1994 3246 2055 3277 Quo
2068 3253 2162 3278 genere
2177 3250 2203 3270 et
2222 3243 2355 3270 recidiua·

1312 3281 1467 3315 frequenter
1488 3279 1561 3313 abigi
1583 3280 1721 3307 affirmant.
1826 3280 1931 3306 Pulchre
1967 3280 2063 3306 Auson.
2076 3280 2108 3306 ad
2121 3279 2275 3307 Gratianum
2287 3288 2323 3311 33,
2338 3287 2356 3306 2.

1313 3318 1388 3350 Qiae
1406 3317 1473 3343 bona
1496 3317 1620 3349 praestas,
1635 3316 1731 3349 efficiS,
1744 3325 1777 3343 ne
1791 3315 1884 3342 caduca
1897 3315 1944 3341 sint
1959 3326 1964 3341 z
2000 3324 2068 3350 quae
2082 3316 2148 3342 mala
2161 3313 2254 3341 adimis
2264 3335 2272 3346 ,
2293 3323 2355 3349 pro-

1847 3351 1965 3378 Tertuil.
1975 3350 2007 3377 de
2015 3352 2110 3378 Anima
2117 3359 2151 3384 24
2170 3349 2227 3376 Post
2239 3350 2356 3377 obliuio-

1313 3398 1373 3414 nem
1388 3387 1538 3415 recordatio
1552 3389 1683 3415 Memoria
1697 3387 1814 3414 recidiua
1828 3386 1872 3413 est.
1978 3388 2051 3413 Idem
2066 3387 2096 3413 de
2111 3387 2196 3412 Carne
2209 3385 2308 3413 Christi
2329 3395 2355 3412 12

1306 3424 1363 3460 post
1375 3427 1472 3460 longam
1483 3423 1649 3450 induftmnem
1663 3423 1854 3459 viciffitudinum
1867 3424 2032 3455 naturalium,
2052 3421 2133 3449 Semel
2147 3420 2277 3454 dixerim,
2296 3421 2354 3449 vni-

1312 3462 1385 3487 versa
1398 3459 1516 3486 conditio
1530 3460 1648 3486 recidiua
1661 3460 1705 3486 est.
1778 3460 1808 3484 Et
1822 3458 1850 3484 de
1863 3459 1943 3484 eadem
1955 3469 1981 3485 re
1993 3459 2051 3485 adu.
2064 3456 2194 3484 Marcion.
2209 3466 2228 3489 1,
2249 3466 2272 3490 13
2296 3457 2354 3484 Osi-

1284 3521 1294 3527 ,
1312 3497 1348 3522 ris
1384 3511 1428 3516 —-
1465 3496 1660 3530 reciprocarum
1692 3496 1798 3528 frugum
1833 3508 1878 3513 --
1914 3500 1940 3520 ct
1961 3492 2073 3521 recidiui
2096 3492 2159 3519 anni
2182 3492 2260 3520 fidem
2274 3502 2351 3527 argu-

1282 3531 1293 3547 '
1313 3537 1462 3563 mentatur,
1482 3535 1498 3556 i.
1521 3530 1633 3563 ostendit.

1704 3532 1736 3556 Et
1751 3529 1815 3556 ibid.
1829 3538 1857 3563 4,
1871 3538 1901 3561 25
1915 3530 2003 3565 adfin.
2026 3529 2126 3554 Mortui
2137 3537 2153 3555 a
2166 3528 2263 3562 Chrfflo
2271 3529 2352 3565 flasci-

1311 3568 1430 3603 tatifimt
1444 3567 1563 3601 exempla
1577 3567 1646 3592 vitae
1657 3566 1800 3593 recidiuae.
1874 3565 1947 3592 Idem
1961 3565 1992 3590 de
2003 3563 2088 3591 Pudic.
2104 3566 2132 3589 16
2144 3564 2205 3590 med.
2224 3565 2261 3591 Vt
2276 3564 2353 3591 intel-

1310 3603 1391 3637 ligas,
1412 3609 1507 3636 quanta
1521 3603 1605 3629 securi
1620 3603 1741 3628 censurae
1753 3609 1859 3627 omnem
1873 3601 1962 3628 siluam
1975 3599 2118 3626 libidinum
2133 3601 2237 3631 caedat,
2257 3605 2283 3627 et
2297 3608 2352 3626 era-

1309 3639 1394 3670 dicet,
1415 3645 1439 3664 et
1460 3639 1628 3670 excaudicet,
1648 3646 1695 3664 nec
1714 3636 1859 3671 quidquam
1880 3637 1912 3663 de
1930 3634 2052 3664 recidiuo
2067 3635 2193 3662 fruticare
2207 3636 2363 3673 permittat.¹

1311 3676 1379 3701 Haec
1391 3675 1522 3708 certasd:
1533 3673 1618 3707 ctstne
1630 3676 1751 3699 varietate
1758 3673 1797 3706 stc
1809 3675 1932 3709 leguntur.
2007 3670 2054 3697 5le
2066 3671 2225 3698 adamaverat
2236 3671 2281 3699 hoc
2295 3680 2351 3697 ver-

1254 3705 1363 3737 100bum
1379 3712 1437 3736 Nic.
1455 3709 1567 3743 Heinsius
1581 3716 1604 3734 et
1612 3707 1700 3744 paffim
1715 3710 1812 3747 restitui
1826 3709 1934 3738 volebat,
1947 3711 1997 3740 pro
2011 3706 2146 3732 rediuinus
2159 3708 2200 3733 vel
2216 3707 2351 3740 repetitus.

1309 3748 1350 3773 Ac
1366 3745 1432 3772 reth
1445 3746 1540 3780 quidem
1554 3764 1562 3775 ,
1580 3751 1645 3771 certe
1658 3753 1704 3769 non
1717 3746 1772 3777 Jtnc
1784 3743 1932 3770 anaornate
1944 3742 2018 3768 MSS.
2055 3742 2194 3769 Claudian.
2208 3742 2239 3768 de
2253 3742 2350 3769 Phoen.

1311 3783 1346 3807 66
1370 3781 1507 3807 Continuo
1519 3780 1632 3819 dispersa
1645 3779 1722 3813 vigor
1735 3789 1782 3814 per
1796 3779 1913 3806 membra
1926 3777 2032 3803 volutus
2046 3777 2164 3808 Aestuat,
2185 3783 2210 3803 et
2223 3786 2301 3804 venas
2312 3786 2351 3804 re-

1309 3816 1413 3842 cidiuus
1443 3815 1545 3849 sangnis
1581 3814 1697 3848 mundat.
1769 3816 1900 3848 Corippus
1914 3820 1932 3842 1,
1951 3820 2000 3844 349
2033 3813 2080 3839 huc
2097 3813 2171 3848 forte
2204 3814 2351 3849 respiciens,

1308 3853 1368 3878 Ales
1386 3858 1413 3878 vt
1426 3851 1556 3885 expositos
1569 3859 1629 3875 cum
1655 3849 1771 3877 Phoenix
1791 3852 1900 3878 innonat
1919 3854 1991 3874 artus
2016 3849 2035 3873 A
2058 3848 2133 3874 busto
2156 3849 2274 3875 recidiua
2295 3849 2350 3874 suo.

198 3877 246 3911 5⁰2
266 3878 561 3914 q““⁷'‘¹⁸c⁰'¹¹'“ff‘¹'¹'⁰'¹¹‘1
576 3879 662 3906 Vfsbst
698 3880 766 3907 5⁰0¹·
777 3881 803 3908 1¹¹
814 3882 862 3909 ¹²¹¹·
873 3885 943 3911 ΕΝ(-
951 3893 973 3911 ⁴³·
983 3893 1012 3919 4¹
1028 3885 1145 3916 Instituit
1159 3890 1290 3921 quot-105
1305 3888 1379 3915 Idem
1393 3888 1473 3914 Poeta
1490 3894 1537 3912 non
1546 3885 1644 3921 fimper
1655 3885 1791 3922 barbarus,
1812 3895 1838 3912 v.
1851 3892 1881 3919 25
1902 3884 2086 3920 Successorque
2102 3884 2167 3912 boni
2181 3884 2350 3917 recidiuii‘iue

2257 3917 2349 3946 Gloria
