2434 4156
221 112 275 151 99
617 91 882 132 REC

221 184 348 219 sibus-sim
361 181 465 205 retinuit
477 179 547 214 Nep.
562 185 600 213 17,
616 180 642 211 6,
654 187 676 211 3.
712 179 787 215 Conf.
801 178 873 206 caes.
887 179 915 205 Β.
928 178 962 204 G.
979 186 1002 210 3,
1015 181 1038 207 8.

222 230 250 253 2,
262 227 281 251 ς,
316 214 435 241 Frontin.
449 215 525 241 Strat.
537 219 561 246 8,
574 222 593 240 ι.
663 215 719 240 Cic.
734 214 804 240 Fam.
820 222 858 247 14,
873 223 883 240 1
922 215 1009 246 Qiem
1028 222 1077 247 ego
1097 212 1169 239 diem
1185 213 1202 239 si
1215 215 1255 240 vi-

223 255 302 282 dero,
315 248 372 276 etsi
392 250 421 276 in
439 250 554 276 vestrum
574 248 741 283 complexum
751 257 866 280 venero,
886 257 915 275 ac
928 249 945 275 si
959 254 983 275 et
1002 258 1049 276 vos
1070 255 1095 274 et
1113 257 1155 273 me
1170 248 1255 282 ipsum

219 294 384 319 recuperaro.
456 284 570 320 Rcspub.
591 284 616 310 se
634 284 719 311 adhuc
737 283 922 310 tantummodo
941 284 996 311 vita
1015 284 1067 316 est,
1082 283 1201 309 nondum
1215 292 1256 310 re-

220 321 355 354 cuperauit
375 320 430 348 Cic.
446 321 559 355 Philipp.
573 328 599 352 2,
615 328 661 352 113.

218 355 330 391 patriam
349 357 442 383 venire
466 356 555 382 lustin.
571 360 605 386 18,
618 362 644 389 7,
659 362 681 388 3.
737 356 816 381 Vires
836 355 875 381 Id.
888 364 926 387 22,
940 364 965 388 2,
979 358 1003 381 6.
1075 354 1160 380 Varro
1174 354 1206 380 de
1223 355 1256 380 R.

219 393 250 418 R.
268 400 289 423 1,
304 400 328 423 ¹3
353 392 383 418 Se
417 392 487 418 uiete
502 391 658 425 reciperare.
694 391 726 417 Et
739 390 818 417 eodem
832 390 900 417 modo
912 391 1002 417 Tacit.
1016 390 1082 415 Ann.
1099 397 1137 421 12,
1150 398 1183 423 34
1207 391 1257 416 Re·

218 426 372 462 ciperandae
386 427 404 452 li
427 427 515 453 ertatis
530 426 647 453 initium.
703 427 734 452 Et
748 426 816 452 Hist.
829 435 855 456 2,
869 435 902 459 24
922 426 1042 452 Gloriam
1055 425 1210 458 reciperare.

253 469 273 489 R
290 466 308 489 Β
324 470 341 491 C
355 469 375 488 v
393 468 409 488 Ρ
426 469 442 489 E
456 470 476 489 R
492 469 514 489 A
530 468 585 488 TV
600 469 612 489 s
629 480 637 493 ,
667 463 708 488 vel
732 467 1034 491 REC1PERATVS‚
1058 468 1088 494 a,
1111 469 1164 486 um.
1207 461 1257 487 Re-

218 498 348 533 ciperatus
362 506 426 532 pons
444 498 512 524 Tac.
527 497 638 537 Hist·.4’
651 504 696 532 77,
709 505 731 529 3.

219 542 241 567 ¹2
258 542 277 561 ¹·
303 540 326 560 fl
353 542 400 567 39,
413 542 444 565 2,
463 541 488 568 7·

217 577 248 602 3,
266 577 314 601 22,
337 577 355 596 1.

254 610 327 632 κερ
339 611 558 636 νΡΕιιΑΤιο,
577 604 878 631 velnrc1rERAT
890 609 945 634 10,
963 601 1030 628 anis.
1052 602 1072 628 f.
1101 601 1256 635 [α’νοίκτησιι,

217 637 369 675 ἐνακομιδὴ]
406 640 506 667 Festus:
527 639 696 673 Reciperatio
715 638 768 673 est,
781 645 810 666 vt
827 639 866 665 ait
878 638 966 665 Gallus
989 637 1095 670 Aelius,
1112 647 1171 664 cum
1186 639 1257 665 inter

1074 177 1134 204 vai.
1148 178 1218 207 Max.
1231 186 1255 212 ς,

544 533 714 568 Reciperatae
737 532 799 562 cibo
820 533 965 566 somnoque
983 531 1055 557 vires
1081 531 1173 558 Tacit.
1188 532 1256 558 Hist.

785 497 968 532 Recipcratum
981 504 1090 528 regnum
1111 496 1202 523 Iustin.
1218 500 1255 528 36,
1272 510 1301 529 ¹0
1318 500 1427 529 ptaeque
1444 500 1556 525 recursat
1569 499 1697 526 Attonitis
1716 499 1783 526 arcis
1796 498 1885 524 Facies
1909 496 1954 523 Sil.
1970 499 1996 529 6,
2010 505 2060 531 555.

1710 86 1972 129 REC

1315 180 1444 207 fluentum
1457 178 1672 207 concurrentium
1684 178 1756 206 mole
1771 186 1839 204 nunc
1858 177 2030 214 progressibus
2047 178 2144 213 litora,
2161 187 2230 206 nunc
2245 178 2353 206 recursi-

1315 215 1365 242 bus
1377 216 1444 242 linus
1458 216 1522 243 caesi
1536 216 1698 251 quatiuntur.

1353 258 1371 276 R
1383 257 1400 277 Ε
1410 258 1455 279 cv
1466 260 1482 278 R
1492 259 1523 279 Sl
1534 260 1567 282 o,
1586 252 1655 277 onis.
1685 251 1705 277 f.
1742 248 1817 276 Idem.
1854 248 1932 276 Mart.
1944 249 2042 285 Capell.
2056 258 2073 283 9
2093 260 2117 285 p.
2131 255 2177 282 308
2207 251 2270 284 Qio
2282 258 2354 284 gem·

1317 292 1386 312 mata
1398 287 1454 320 poli
1472 288 1581 314 voluere
1595 287 1677 314 sidera
1692 286 1783 312 Sueuit
1804 284 1859 318 lege
1877 284 1931 310 rata
1944 286 2013 313 sacra
2028 285 2151 313 recursio.
2188 286 2261 322 Cous.
2274 285 2353 320 Apul.

2281 101 2349 144 ¹00.

731 319 796 346 Non
809 325 1003 354 expugnatum,
1015 319 1062 346 'sed
1081 318 1254 352 reciperatum
1277 331 1293 358 ς
1318 320 1348 346 in
1362 321 1492 356 Asclepio.

1352 363 1371 382 R
1380 363 1396 382 E
1406 364 1422 384 C
1431 364 1450 382 V
1459 365 1499 385 Rs
1509 364 1528 384 Ο
1545 377 1552 389 ,
1577 362 1630 385 irc.
1668 358 1808 391 Frequent.
1850 353 2056 392 [οἷνατρὲχσμαι]
2091 356 2173 384 Plaut.
2194 355 2355 388 Mostell..3,

1319 397 1341 421 Ι,
1360 399 1393 424 54
1431 393 1502 426 Qud
1521 402 1569 428 ego
1582 394 1728 420 recursem?
1747 398 1791 419 aut
1805 399 1910 426 operam
1926 390 2034 425 sumam,
2048 398 2092 419 aut
2107 393 2260 418 conteram?
2278 390 2354 424 Virg.

1321 425 1383 451 Aen.
1397 435 1425 460 4,
1439 437 1457 461 4
1476 429 1625 463 Multusque
1638 429 1753 455 recursat
1791 426 1881 453 Gentis
1895 426 1995 459 honos,
2013 432 2031 454 i.
2050 427 2116 454 redit
2124 426 2228 462 subinde
2235 430 2354 452 inmemo—

1317 462 1391 486 riam.
1449 464 1623 491 Recursabant
1642 464 1733 490 animo
1747 469 1835 490 vetera
1855 461 1943 488 omnia
1956 462 2024 490 Tac.
2037 463 2104 490 Hist.
2119 467 2198 524 23178,
2211 470 2235 524 Ωἱ.
2249 461 2354 523 hugi-2-

1318 531 1420 558 cursare
1438 533 1525 561 senec.
1539 535 1610 563 Med.
1625 536 1642 561 s.
1657 538 1682 562 6.
1753 535 1823 560 Cura
1843 532 1890 559 sub
1909 532 2012 559 noeiem
2031 535 2144 561 recursat
2160 506 2235 568 zeid}
2249 533 2315 558 Aen.
2332 540 2354 565 1,

1318 566 1380 595 666,
1447 569 1517 595 Cura
1536 569 1591 596 dies
1607 570 1751 605 no&esque
1765 569 1898 596 recursans
1916 569 1977 594 Stat.
1990 568 2082 596 Theb.
2103 578 2124 603 1,
2137 570 2190 602 316.
2261 569 2353 605 Longe

1317 601 1448 628 recursant
1467 604 1570 632 Lucret.
1583 614 1610 638 2,
1623 614 1675 638 105.

1354 638 1583 667 RECVRsiTo
1599 660 1607 672 ‚
1632 642 1699 668 are(
1727 641 1802 668 Idem.
1840 641 1919 666 Mart.
1938 637 2035 673 Capell.
2051 647 2064 666 ι
2083 648 2109 674 p.
2131 648 2161 666 10
2190 639 2243 666 Hic
2264 640 2356 668 cursor

218 675 345 710 populum
368 681 393 701 et
417 684 494 714 reges¹
512 675 686 709 nationesque
709 681 735 700 et
753 674 872 701 ciuitates
891 673 1041 712 peregrinas
1058 674 1100 699 lex
1120 673 1256 705 conuenit,
1273 686 1299 713 ¹5
1317 671 1472 706 plerumque
1485 675 1637 702 recursitans
1650 676 1745 711 gaudet
1758 676 1892 710 occupari.

218 711 355 746 quomodo
376 719 421 745 per
440 716 629 744 temperatores
650 709 794 736 reddantur
808 718 864 742 res,
891 715 1143 743 reciperenturque,
1161 718 1255 743 resque

217 747 331 781 priuatas
343 747 412 772 inter
424 746 449 771 se
462 746 657 779 persequantur.
692 743 733 778 Est
745 748 827 780 igitur
839 746 906 770 ratio
916 746 956 769 ius
964 745 1036 780 ficum
1043 745 1215 780 recuperandi,
1228 744 1256 770 de

218 791 265 817 qua
284 785 396 808 conuenit
414 784 480 807 inter
493 783 606 816 populos.
641 780 697 807 Cic.
712 780 825 814 Philipp.
840 788 879 811 10,
893 787 924 805 20
935 788 957 806 c.
971 788 999 805 10
1024 780 1063 806 Ita
1076 780 1206 814 praeclara
1219 780 1256 806 est

217 817 382 851 recuperatio
402 816 550 848 libertatis,
568 822 596 843 vt
616 825 649 843 ne
663 825 734 842 mors
751 814 906 849 quidem-sit
925 815 954 841 in
972 815 1113 850 repetenda
1132 816 1255 842 libertate

216 852 350 887 fugienda.

216 896 263 921 30,
281 897 306 919 1,
328 895 352 921 7.
1007 922 1012 926 Ι

256 929 355 950 Rizcv
368 927 437 948 PER
449 928 576 954 ATOR,
595 923 636 949 vel
653 927 953 953 RECIPERATOR,
973 925 1036 948 oris.
1057 931 1093 949 m.

213 965 288 994 perat
303 958 320 984 s.
335 963 468 992 recuperat.
512 958 602 984 Tacit.
616 958 683 983 Ann.
698 965 721 989 2,
733 963 770 990 52,
783 965 796 989 5
824 957 936 983 Furium
949 957 1016 982 illum
1030 957 1172 983 Camillum
1184 964 1259 984 vocat

217 994 431 1028 Reciperatorem
445 992 528 1018 vrbis.
689 990 709 1027 fl
731 1001 743 1018 2
781 992 892 1018 Indicum
903 991 1024 1028 genus-fic
1037 992 1131 1018 dmum
1144 991 1184 1026 est,
1193 993 1260 1028 quod

215 1028 394 1063 recuperandae
407 1030 445 1053 rei
463 1028 502 1053 vel
522 1029 588 1053 iuris
601 1027 646 1062 Jici
663 1027 735 1063 causti
753 1027 809 1053 illos
822 1027 930 1054 adirent.

216 1066 249 1096 36
267 1063 405 1097 Postquam
414 1063 521 1089 Praetor
532 1068 728 1097 recuperatores
737 1062 818 1096 dedit,
826 1064 969 1090 Damnatus
981 1062 1096 1096 demum,
1109 1064 1137 1090 vi
1153 1065 1256 1090 coaetus

215 1097 333 1126 reddidit
354 1097 478 1124 ducentos
498 1103 524 1124 et
538 1098 612 1124 mille
625 1096 785 1133 Philippfim.
855 1098 947 1125 Tacit.
962 1100 1028 1125 Ann.
1044 1108 1064 1131 1,
1077 1108 1105 1131 74
1122 1106 1185 1126 extr.
1213 1101 1258 1126 Pa-

214 1135 283 1161 tiens
295 1134 357 1161 tulit
368 1133 471 1160 absolui
483 1142 559 1160 reum
572 1134 730 1160 criminibus
742 1134 899 1165 maiestatis;
925 1134 957 1160 de
971 1135 1088 1169 pecuniis
1102 1136 1255 1169 repetundis

216 1169 249 1196 ad
267 1169 456 1204 reciperatores
476 1169 543 1195 itum
563 1169 607 1196 est.
652 1170 692 1197 Sic
709 1170 781 1205 causa
795 1170 927 1202 Caecinae,
954 1174 997 1206 qui
1014 1171 1174 1206 querebatur,
1188 1172 1217 1207 se
1228 1174 1257 1197 vi

1129 923 1181 957 Qei
1196 925 1258 949 rcci-

214 1205 317 1234 Aelmtii
331 1215 342 1231 e
351 1203 487 1240 poſjiffione
499 1204 543 1238 effi*
556 1204 678 1240 depulsum
685 1204 743 1231 aaa
756 1204 788 1238 2st
802 1206 953 1232 aCicerone
966 1206 1033 1241 apud
1040 1207 1257 1241 Recuperatores,
1267 1222 1303 1247 30

216 1250 277 1277 quos
284 1240 373 1276 paffim
385 1240 525 1275 alloquitur.
562 1240 604 1267 Sic
612 1249 661 1274 pro
674 1241 779 1267 Caecin.
788 1246 801 1271 8
815 1250 854 1272 c.3
879 1242 911 1267 At
925 1241 942 1267 si
952 1243 1011 1276 quis
1023 1242 1093 1268 mihi
1101 1242 1151 1269 hoc
1164 1243 1255 1276 iudex,

215 1281 420 1310 recuperatorue
432 1276 516 1306 dicat,
528 1275 638 1302 Potuisti
650 1277 732 1309 enim,
745 1283 791 1303 etc.
816 1277 888 1312 Conf.
901 1276 966 1303 ibid.
982 1280 1009 1304 61
1025 1287 1045 1303 c.
1061 1287 1095 1304 21.
1133 1278 1200 1304 Gell.
1214 1287 1257 1310 20,

215 1320 236 1342 1,
249 1320 271 1343 13
294 1312 429 1337 Praetores
441 1311 548 1337 iniuriis
562 1311 728 1338 aestimandis
739 1318 935 1346 recuperatores
951 1314 975 1339 se
984 1315 1091 1340 daturos
1107 1313 1256 1341 edixerunt.

215 1347 424 1381 Recuperatores-
443 1355 472 1371 ex
491 1349 557 1371 omni
574 1356 671 1373 numero
692 1350 783 1373 ciuium
801 1354 898 1382 repente
917 1349 1078 1384 apprehensos
1096 1350 1259 1385 litigantibus

215 1381 288 1409 datos
305 1380 442 1416 tstb,patet
455 1390 484 1408 ex
497 1380 562 1406 Plin.
574 1380 652 1414 Epist.
666 1389 690 1412 3,
702 1389 742 1412 20,
756 1390 774 1413 9
801 1382 872 1407 Nam
884 1389 914 1409 vt
926 1384 954 1408 in
970 1386 1174 1417 recuperator-iis
1187 1385 1257 1411 iudi-

215 1418 280 1450 ciis,
300 1417 333 1443 sic
353 1425 401 1443 nos
423 1416 453 1442 in
471 1415 513 1442 his
533 1415 649 1442 comitiis
663 1415 734 1450 quasi
754 1422 861 1449 repente
874 1417 1025 1450 apprehensi
1046 1418 1140 1445 sinceri
1159 1420 1258 1446 iudices

215 1453 325 1481 fuimus.
361 1451 436 1487 Conf.
450 1452 506 1479 Cic.
520 1452 597 1479 Verr.
615 1460 638 1484 3,
651 1457 682 1481 28
703 1460 723 1479 c.
738 1459 769 1477 11.
786 1454 817 1478 it.
831 1459 861 1483 32,
876 1461 896 1477 c.
912 1460 943 1483 ι3.
969 1454 1000 1478 it.
1015 1454 1047 1482 68
1066 1462 1087 1478 c.
1102 1458 1142 1483 28.
1165 1457 1195 1479 it.
1216 1457 1259 1485 136

216 1498 239 1516 c.
253 1497 283 1521 59
294 1489 330 1523 sq.
350 1486 414 1514 vnde
425 1493 529 1522 apparet
541 1496 557 1513 a
564 1493 680 1522 praetore
695 1486 781 1519 datos,
800 1495 816 1512 α
829 1487 948 1522 partibus
959 1497 1024 1514 more
1036 1489 1141 1514 aliorum
1151 1489 1261 1514 iudicum

217 1521 335 1552 reteaos:
357 1526 460 1558 itemque
478 1522 557 1554 illud,
570 1522 641 1549 datos
658 1521 693 1548 acl
710 1521 917 1557 recuperandum,
931 1523 996 1558 quod
1010 1526 1065 1558 quis
1084 1523 1143 1550 darc
1163 1527 1260 1550 iniuria

216 1558 316 1588 coaetus
327 1557 426 1595 fuiffet.

216 1604 299 1631 prope
312 1594 469 1621 seditionem
482 1593 601 1624 veniret,
627 1593 715 1627 Scipio
735 1598 786 1619 tres
800 1599 996 1627 recuperatores
1015 1602 1075 1619 cum
1095 1595 1121 1620 se
1136 1593 1259 1620 daturum

217 1630 419 1666 pronuntiasset,
439 1630 486 1663 qui
505 1630 610 1663 cognita
632 1628 706 1654 causa
719 1627 881 1660 testibusque
900 1629 997 1655 auditis
1017 1629 1181 1661 iudicarent,
1200 1635 1260 1656 vter

216 1667 293 1702 prior
306 1667 333 1692 in
347 1665 474 1700 oppidum
488 1664 709 1693 transscendisi'et;
735 1664 765 1689 C.
780 1662 873 1688 Laelio
887 1669 912 1689 et
926 1664 964 1690 M.
978 1664 1136 1698 Sempronio
1149 1664 1259 1691 aduoca-

217 1704 251 1729 tis
272 1702 353 1736 partis
369 1700 506 1735 Vtriusque
520 1700 547 1726 P.
559 1698 716 1726 Cornelium
738 1698 890 1725 Caudinum
909 1698 941 1724 de
962 1699 1052 1725 medio
1065 1700 1175 1731 adiecit3
1203 1709 1260 1727 eos-

217 1746 268 1772 que
282 1744 333 1764 tres
345 1742 542 1770 recuperatores
555 1734 704 1766 confidere,
724 1740 750 1760 et
763 1734 863 1760 causam
878 1735 1034 1768 cognoscere
1048 1735 1114 1762 iussit
1129 1742 1174 1762 etc.
1192 1735 1259 1762 vide-

216 1783 271 1800 mus
285 1772 317 1799 de
331 1771 421 1799 medio
429 1771 536 1807 sumtum
546 1771 698 1802 Cornelium,
712 1771 752 1796 vel
763 1779 843 1795 omnes
851 1772 946 1804 potius.
1019 1771 1079 1797 Liu.
1093 1780 1135 1804 43,
1150 1780 1162 1797 2
1188 1772 1261 1798 Prae-

216 1810 272 1835 tori
285 1808 421 1842 negotium
437 1807 526 1833 datum
541 1806 576 1832 est
590 1806 716 1841 asenam,
733 1810 762 1831 vt
777 1806 805 1831 in
819 1805 964 1839 singulos,a
978 1806 1076 1841 quibus
1092 1807 1203 1841 Hispani
1219 1816 1261 1842 pe.

217 1844 307 1871 eunias
323 1843 557 1878 peterent,quinos
569 1847 767 1875 recuperatores
778 1849 809 1866 ex
823 1842 915 1867 ordine
928 1842 1060 1868 senatorio
1073 1842 1162 1875 daret,
1176 1849 1262 1877 patro-

217 1888 318 1913 nosque
338 1887 404 1913 quos
419 1878 518 1904 vellent
538 1877 659 1903 sii-mendi
677 1876 831 1909 potestatem
851 1877 966 1910 faceret,
980 1884 1024 1904 etc.
1062 1880 1100 1904 De
1115 1881 1163 1904 tali
1175 1888 1260 1914 genere

194 1910 195 1913 ¹
211 1915 367 1951 prouinciali
378 1919 594 1947 recuperatorum
610 1912 784 1948 intelligendus
798 1911 898 1938 videtur
910 1916 983 1939 ceiam
997 1914 1054 1940 Cic.
1069 1922 1117 1948 pro
1131 1915 1224 1940 Flacco
1239 1923 1262 1941 11

217 1960 240 1977 c.
254 1959 273 1982 4
293 1949 419 1975 Inimicus
431 1949 563 1982 (Flacco)
577 1948 615 1974 M.
628 1948 750 1980 Caelius,
763 1947 849 1981 quod,
867 1957 927 1974 cum
941 1949 969 1975 in
981 1958 1010 1975 re
1025 1949 1162 1976 manifesta
1180 1951 1263 1984 putas-

218 1987 256 2013 set
268 1983 341 2012 nefas
355 1985 418 2016 esse,
434 1983 603 2018 publicanum
615 1983 732 2009 iudicare
747 1989 838 2010 contra
872 1996 918 2004 -—
954 1985 1134 2019 publicanum,
1147 1986 1264 2012 sublatus

218 2027 275 2049 erat
290 2030 304 2047 e
323 2028 436 2046 numero
451 2019 684 2053 Recuperatorum.
1196 2034 1199 2037 Δ

422 852 567 878 Contentus
587 851 780 886 reciperatione
798 850 922 883 vrbium,
942 859 1005 886 quas
1024 851 1146 878 amiserat
1165 851 1257 878 Iustin.
1264 869 1300 889 20
1318 848 1457 876 buccinam
1470 850 1596 877 recuruis.

999 1028 1081 1055 Plaut.
1095 1028 1187 1054 Bacch.
1201 1037 1224 1061 2,
1237 1037 1279 1066 3⁵2

477 1559 518 1585 Sic
533 1557 593 1584 Liu.
612 1559 655 1588 26,
668 1563 701 1591 48
734 1558 878 1584 Contentio
898 1557 925 1583 de
950 1567 1040 1584 corona
1064 1560 1155 1585 murali
1177 1568 1259 1592 quum
1265 1574 1303 1599 40
1322 1563 1347 1589 53

1289 1751 1303 1778 ς
1322 1741 1342 1766 ι,
1356 1742 1402 1766 44.

1353 713 1560 736 RECVvas
1575 731 1583 743 ‚
1612 720 1642 744 a,
1669 721 1723 738 um,
1768 712 1830 738 Adi.
1873 709 2082 743 [εἰνακαμπύλος]
2122 712 2200 738 Retro
2230 717 2356 739 curuatas.

1318 742 1450 769 Columel.
1464 751 1487 775 3,
1501 749 1526 774 18
1550 746 1689 780 Qudquid
1701 756 1845 774 recuruum
1859 753 1885 772 et
1897 746 1997 772 sursum
2011 746 2097 772 versus
2110 746 2240 780 spe6‘ffins,
2255 746 2357 773 demer-

1318 778 1375 804 sum
1388 778 1439 810 est,
1454 787 1537 812 quum
1549 781 1732 815 tempestiuum
1754 782 1897 814 eximitur,
1914 781 1943 807 in
1956 781 2064 807 modum
2079 781 2151 808 hami
2168 788 2295 816 repugnat
2308 781 2357 808 ob-

1317 812 1429 839 lut-{tanti
1448 814 1548 841 fofl'ori.
1636 816 1702 843 Plin.
1719 826 1747 850 9,
1766 827 1793 850 33
1812 818 1841 843 de
1853 817 1975 850 cochleis,
2006 817 2045 843 Ad
2066 817 2181 851 plausum
2197 817 2311 852 apertis,
2323 816 2357 844 ad

1661 853 1729 878 Aera
1741 861 1862 886 recurua,
1876 854 1953 879 Humi
1969 853 2050 879 Ouid.
2066 855 2096 879 de
2109 854 2184 879 Rem.
2198 854 2288 879 Amor.
2303 862 2358 879 210.

1975 889 2054 915 Halia
2074 889 2153 915 Ouid.
2167 889 2233 915 Fast.
2251 897 2278 921 2,
2299 891 2359 922 560.

1759 924 1854 957 Puppis
1886 923 1968 950 Ouid.
1982 926 2047 951 Met.
2069 929 2092 956 8,
2113 933 2163 958 141.
2234 924 2359 952 Rostrum

1761 958 1879 985 Teetum
1897 959 1977 985 Ouid.
1991 959 2070 993 Epist.
2086 968 2122 990 10,
2136 968 2175 994 7¹·

1356 997 1375 1017 R
1384 998 1424 1018 Ec
1433 998 1453 1017 v
1463 999 1483 1018 R
1492 999 1512 1017 v
1521 999 1540 1018 o
1549 1012 1557 1023 ‚
1577 995 1628 1018 are.
1654 994 1901 1028 [ἅνακαμηυλιοξζω]
1927 996 2011 1022 Retro.
2036 995 2168 1021 Columel.
2181 1002 2204 1028 5,
2218 1003 2247 1022 ιο
2267 996 2360 1029 Quum

1319 1026 1352 1053 ad
1373 1027 1472 1054 scrobis
1495 1027 1580 1053 solum
1600 1028 1675 1054 radix
1694 1029 1830 1062 peruenit,
1849 1029 1948 1056 duritia
1968 1030 2043 1057 humi
2062 1031 2175 1057 cocrcita
2193 1039 2360 1066 recuruatur,

1318 1068 1344 1088 et
1357 1070 1389 1088 ex
1404 1064 1506 1089 summo
1524 1061 1607 1089 duum
1626 1072 1761 1091 ramorum
1773 1064 1861 1091 ambas
1879 1064 1978 1092 radices
1992 1067 2099 1093 emittit.
2171 1067 2257 1100 Aquas
2270 1076 2360 1093 recur-

1318 1099 1423 1124 varein
1441 1104 1516 1133 caput
1533 1107 1617 1134 magne
1635 1106 1707 1134 opus,
1724 1103 1742 1125 i.
1756 1099 1846 1135 facere
1860 1108 1889 1126 vt
1902 1101 1936 1127 ad
1949 1101 2048 1137 sontem
2063 1102 2152 1138 refluat
2165 1102 2246 1128 Ouid.
2265 1104 2359 1129 Amor.

1318 1139 1375 1195 iffi,
1386 1136 1414 1195 5.
1480 1135 1679 1169 Horrentesque
1698 1134 1747 1161 situ
1759 1135 1858 1169 gladios
1872 1136 1991 1170 inlsaeua
2003 1143 2144 1164 recuruant
2157 1137 2273 1164 Vulnera
2294 1138 2357 1165 Stat.

1369 1178 1383 1195 e
1405 1190 1410 1195 -
1426 1178 1449 1201 3,
1463 1175 1515 1202 583·

1354 1210 1374 1230 R
1383 1212 1400 1231 Ε
1409 1211 1425 1230 C
1435 1211 1455 1230 V
1463 1212 1482 1231 R
1491 1213 1512 1231 V
1522 1206 1544 1231 ,ἰ
1552 1210 1574 1231 Τ
1585 1211 1606 1230 v
1614 1212 1627 1232 S
1635 1225 1643 1238 ,
1661 1213 1692 1238 a,
1712 1215 1766 1233 um.
1786 1207 1879 1234 Partic.
1918 1205 2188 1242 [ἐνακαμπυλιαιθεὶς]
2225 1208 2358 1235 Columel.

1317 1247 1341 1272 3,
1355 1245 1380 1269 18
1407 1241 1544 1267 Praetorto
1559 1242 1643 1275 capite
1656 1247 1682 1268 et
1699 1250 1839 1269 recuruato
1853 1245 1948 1270 semen.
1999 1244 2066 1270 Cels.
2079 1252 2102 1277 5,
2115 1247 2159 1277 26,
2173 1249 2203 1273 28
2228 1245 2360 1271 Recurua-

1319 1282 1348 1301 to
1361 1276 1475 1302 articulo
1488 1276 1591 1302 curatio
1605 1276 1732 1304 adhibita.
1766 1278 1834 1305 Add.
1849 1284 1871 1310 8,
1884 1277 2005 1314 lfitbfin-
2032 1280 2068 1306 Os
2081 1280 2152 1314 quod
2167 1279 2297 1313 pectinem
2312 1289 2359 1306 vo-

1319 1317 1377 1337 cant
1405 1326 1451 1331 —
1471 1317 1638 1338 recuruatum
1653 1312 1681 1337 in
1692 1313 1826 1339 exteriora
1839 1313 1869 1339 in
1882 1313 2000 1340 feminis.
2065 1315 2148 1342 Vndis
2162 1317 2307 1342 recuruatis
2320 1316 2359 1342 lu-

1319 1346 1358 1372 dit
1371 1347 1514 1373 Maeander
1533 1346 1615 1373 Ouid.
1629 1347 1693 1373 Met.
1715 1355 1736 1377 2,
1750 1350 1812 1378 246.

1356 1389 1376 1408 R
1390 1389 1407 1408 E
1421 1389 1438 1408 C
1455 1384 1476 1408 V
1492 1389 1505 1408 s
1520 1388 1539 1408 O
1551 1401 1560 1414 ,
1579 1385 1633 1408 are.
1671 1382 1829 1414 [α’ναίνομαι,
1853 1378 2006 1413 ἐναδύομαι]
2042 1390 2066 1414 q.
2082 1384 2106 1408 d.
2125 1385 2221 1418 causam
2240 1395 2360 1419 regerere,

1319 1418 1361 1443 vel
1371 1424 1458 1444 contra
1473 1418 1587 1452 caujizri,
1605 1419 1624 1442 i.
1645 1415 1822 1451 declarare‚se
1835 1416 1904 1442 nolle.
1941 1416 2004 1441 Aur.
2019 1414 2090 1440 Vici.
2101 1416 2132 1440 de
2144 1419 2217 1442 Viris
2229 1416 2308 1446 illiist.
2322 1431 2367 1456 442

1320 1452 1492 1485 Imperatoris
1513 1461 1610 1479 nomen
1627 1460 1642 1478 a
1654 1451 1802 1482 militibus,
1820 1457 1845 1477 et
1857 1459 1871 1476 a
1885 1451 1980 1477 Senatu
1997 1449 2163 1484 triumphum
2177 1453 2304 1480 recusauit
2315 1457 2362 1482 ob-

1322 1485 1415 1512 latum.
1487 1488 1545 1513 Cic.
1560 1488 1638 1513 Verr.
1652 1495 1677 1518 2,
1688 1495 1701 1519 5
1739 1486 1854 1519 Quando
1870 1485 1908 1518 id,
1923 1485 1995 1519 quod
2016 1485 2204 1520 imperaretur,
2216 1490 2364 1517 recusauit}

1320 1520 1390 1547 Ibid.
1404 1530 1430 1554 4,
1445 1526 1473 1552 85
1501 1523 1592 1554 Qnim
1608 1522 1754 1554 recusaret,
1769 1522 1939 1548 vehementer
1952 1521 2077 1548 minatur.
2149 1520 2222 1554 Virg.
2233 1522 2326 1558 Georg.
2340 1535 2362 1558 1,

1372 1555 1482 1589 Ecquid
1501 1564 1621 1590 quaeque
1642 1555 1710 1582 ferat
1728 1557 1819 1590 regio,
1841 1563 1866 1582 et
1884 1556 1948 1590 quid
1969 1564 2089 1591 quaeque
2109 1556 2218 1582 recuset.
2284 1561 2357 1587 viru

1321 1593 1441 1617 recusant
1460 1591 1530 1617 ferre
1550 1600 1607 1618 rem
1626 1590 1701 1618 illam
1720 1591 1787 1618 Hor.
1802 1591 1879 1626 Epist.
1891 1600 1916 1622 2,
1930 1600 1949 1623 1,
1962 1599 2015 1624 259.
2051 1591 2125 1627 Conf.
2140 1592 2179 1618 Id.
2194 1592 2224 1618 A.
2237 1593 2263 1620 P.
2280 1604 2306 1621 v.
2317 1604 2356 1628 39.

1322 1626 1398 1653 Cedo
1417 1626 1552 1661 equidem,
1573 1635 1620 1653 ncc
1639 1632 1699 1653 nate
1718 1627 1771 1653 tibi
1789 1636 1876 1653 comes
1897 1627 1937 1653 ire
1958 1627 2050 1653 recuso
2081 1627 2155 1661 Virg.
2169 1628 2234 1654 Aeu.
2254 1637 2277 1661 2,
2296 1638 2357 1664 704.

1321 1662 1415 1696 Longe
1436 1663 1555 1689 recusare
1574 1663 1650 1696 Virg.
1663 1663 1728 1689 Aen.
1743 1670 1766 1695 5,
1782 1665 1845 1695 406.

1321 1699 1442 1725 recusare
1456 1704 1481 1725 et
1497 1698 1643 1732 deprecari.

1319 885 1411 911 Cornu
1424 894 1564 912 recuruum
1582 885 1655 913 Idem
1668 888 1759 915 Amor.
1780 897 1801 920 3,
1816 896 1851 920 ι3,
1867 895 1905 922 ι7.

1319 919 1398 946 Pedes
1430 921 1504 946 Idem
1517 920 1584 947 ibid.
1602 930 1628 954 2,
1643 931 1690 955 25ι.

1318 955 1413 982 Claud.
1428 956 1457 982 in
1469 957 1578 990 Eutrop.
1595 965 1621 989 2,
1635 966 1690 989 230.

1918 1663 1974 1689 Cic.
1993 1664 2070 1691 Verr.
2090 1672 2113 1695 ς,
2128 1671 2176 1695 140
2203 1662 2323 1691 Seruilius
2333 1672 2360 1693 et

1715 1699 1868 1724 Amicitiam
1883 1698 1997 1725 alicuius
2010 1698 2130 1725 recusare
2144 1699 2214 1725 Caes.
2225 1699 2361 1727 BelLGall.

1476 1734 1556 1760 Arma
1577 1734 1650 1768 Virg.
1666 1734 1731 1759 Aen.
1751 1741 1776 1766 5,
1794 1742 1853 1768 4ι7.
1925 1733 2059 1760 Iudicium
2078 1734 2240 1761 Callistratus
2259 1734 2276 1761 l.
2293 1737 2323 1767 36
2335 1736 2362 1763 fl'.

1322 1768 1355 1794 de
1373 1768 1482 1795 iudiciis
1492 1789 1500 1801 ,
1520 1776 1544 1795 et
1557 1769 1638 1796 Gaius
1651 1769 1668 1795 l.
1683 1778 1716 1802 29
1735 1769 1767 1795 de
1787 1769 1905 1796 noxalib.
1924 1769 2024 1796 aetion.
2095 1770 2160 1796 Iussa
2176 1771 2250 1804 virg.
2265 1771 2325 1797 Aen.
2340 1780 2363 1805 5,

1323 1812 1386 1839 749.
1458 1805 1556 1831 Munus
1568 1804 1707 1838 legationis
1722 1806 1793 1831 Caes.
1808 1805 1869 1831 Beli.
1884 1805 1968 1832 Ciuil.
1987 1814 2006 1838 1,
2020 1814 2053 1837 33.
2125 1805 2274 1832 Periculum
2292 1806 2363 1834 Idem

1323 1839 1389 1866 ibid.
1402 1847 1429 1875 7,
1445 1848 1481 1872 19.
1554 1841 1658 1869 Sortem
1678 1842 1749 1867 Caes.
1762 1841 1825 1867 Bell.
1839 1841 1906 1867 Gall.
1921 1846 1945 1873 8,
1960 1849 1980 1868 1.
2052 1840 2170 1867 Verbera
2184 1841 2291 1868 Tibull.
2305 1850 2325 1875 1,
2337 1851 2363 1875 9,

1323 1884 1362 1910 37.
1436 1877 1534 1902 Vetera
1554 1876 1644 1902 omnia
1664 1876 1815 1903 recusabant
1829 1877 1920 1902 animo
1940 1877 2031 1903 Tacit.
2044 1876 2113 1903 Hist.
2128 1885 2154 1910 2,
2167 1882 2204 1909 78.
2275 1879 2363 1905 Vincla

1324 1911 1413 1938 leones
1426 1912 1572 1938 recusantes
1593 1912 1667 1946 Virg.
1682 1912 1748 1938 Aen.
1761 1919 1788 1946 7,
1800 1914 1837 1939 16.
1907 1913 2026 1939 onrem
2040 1912 2110 1938 filius
2125 1913 2218 1947 grandi
2231 1922 2292 1940 cum
2304 1914 2362 1941 dote

1323 1948 1424 1975 recusat
1436 1948 1504 1974 Hor.
1520 1948 1602 1974 Serm.
1620 1956 1639 1978 ι,
1652 1957 1680 1981 4,
1694 1957 1735 1982 50.
1911 1946 1932 1985 fl
1949 1957 1965 1974 2
1999 1948 2043 1975 Acl
2055 1949 2140 1974 causas
2153 1949 2299 1975 iudiciorum
2308 1957 2361 1984 pro.

1319 1986 1378 2018 prie
1392 1987 1519 2018 pertinere
1536 1983 1582 2010 hoc
1599 1983 1713 2014 verbum,
1734 1981 1782 2016 ζ’]ῗα
1793 1983 1862 2019 finis
1875 1983 2017 2010 declarant:
2053 1984 2119 2010 Cels.
2135 1984 2164 2010 in
2177 1984 2195 2011 i.
2209 1990 2242 2016 48
2251 1985 2282 2011 D.
2297 1994 2359 2012 man·

1323 2018 1396 2051 dati,
1418 2019 1534 2052 Qiintus
1547 2019 1652 2046 Mucius
1664 2019 1787 2046 Scaeuola
1805 2020 1856 2046 ait:
1881 2020 1909 2046 Si
1922 2020 1981 2055 quis
1998 2019 2043 2046 sub
2057 2020 2142 2046 vsuris
2154 2020 2281 2047 creditam
2294 2029 2356 2055 pecii-

253 2062 353 2084 RECV
363 2061 403 2081 PE
413 2056 433 2080 R
444 2060 567 2081 ATORI
578 2060 619 2080 Vs
630 2073 639 2085 ,
658 2063 688 2085 a,
706 2062 760 2081 um.
796 2053 858 2080 Adi.
893 2054 973 2087 Qiod
997 2054 1030 2082 ad
1048 2062 1261 2089 recuperatorem
1323 2054 1396 2080 niam
1411 2054 1581 2086 fideiuffisset‚
1600 2061 1625 2081 et
1639 2064 1699 2082 reus
1713 2055 1742 2081 in
1760 2054 1863 2082 iudicio
1882 2060 2043 2088 conuentus,
2063 2065 2145 2090 quum
2159 2057 2278 2083 recusare
2290 2056 2356 2083 vellet

218 2093 341 2129 pertinet.
395 2091 452 2117 Cic.
466 2090 498 2116 de
513 2090 616 2115 Inuent.
632 2097 654 2121 2,
666 2091 701 2115 60
718 2098 741 2115 c.
755 2097 789 2115 20
824 2089 888 2115 Non
902 2090 975 2115 enim
996 2096 1101 2125 oportet
1118 2092 1146 2116 in
1158 2100 1264 2125 recupe-
1296 2108 1307 2116 .
1324 2088 1372 2114 sub
1390 2090 1475 2116 vsuris
1496 2090 1623 2116 creditam
1639 2092 1686 2117 effe
1701 2092 1853 2125 pecuniam,
1872 2097 1899 2118 et
1910 2091 2042 2118 fideiussor
2060 2091 2187 2118 soluendo
2208 2093 2310 2124 vsuras,
2323 2100 2360 2126 po-

219 2128 324 2156 tatorio
343 2125 446 2153 iudicio
465 2126 523 2152 eius
541 2124 680 2156 maleficii,
700 2123 732 2150 de
747 2132 801 2157 quo
814 2124 884 2150 inter
898 2124 1003 2151 ficarios
1017 2127 1170 2159 quaeritur,
1191 2135 1264 2160 prae·
1294 2119 1306 2134 ³
1325 2124 1443 2150 testatem
1464 2125 1601 2150 recusandi
1616 2134 1658 2151 eas
1676 2135 1724 2152 reo
1739 2127 1891 2159 sustulisset,
1910 2136 1966 2154 eam
1984 2128 2123 2162 pecuniam
2141 2137 2156 2154 a
2169 2137 2216 2155 reo
2238 2137 2290 2154 non
2305 2126 2365 2162 peti·

219 2163 349 2192 iudicium
364 2161 432 2188 fieri.
503 2159 635 2187 Iudicium
652 2159 880 2194 recuperatorium
902 2160 968 2185 Plin.
990 2161 1068 2193 Epist.
1088 2169 1108 2191 3,
1130 2169 1172 2190 20,
1196 2170 1221 2193 9.
1242 2169 1265 2188 et
1325 2165 1425 2185 turum.
1498 2160 1626 2185 Recusare
1646 2160 1793 2190 a&ionem‚
1817 2165 1835 2187 i.
1856 2163 2002 2196 Exceptione
2018 2163 2140 2197 depellere.
2179 2164 2281 2197 leian.
2303 2164 2330 2189 in
2349 2162 2366 2188 l.

219 2201 289 2228 Suet.
302 2199 378 2233 Vesp.
391 2207 413 2224 c.
428 2205 440 2229 3
473 2196 617 2231 Ingenuam
632 2202 658 2222 et
676 2196 762 2222 ciuem
778 2196 856 2221 Rom.
874 2195 1074 2229 recuperatorio
1092 2195 1195 2221 iudicio
1208 2205 1267 2229 pro·
1325 2194 1406 2226 Qiod
1419 2193 1452 2219 ad
1470 2194 1594 2221 heredem
1607 2195 1638 2220 Ι).
1653 2194 1685 2220 de
1703 2195 1844 2228 magistrat.
1859 2204 1971 2221 conuen.
2010 2198 2081 2222 Idem
2096 2199 2113 2224 l.
2126 2207 2145 2230 4
2164 2200 2192 2224 in
2213 2199 2322 2233 princip.
2335 2199 2366 2225 D.

221 2235 377 2262 nuntiatam.
447 2231 506 2259 Val.
519 2231 596 2258 Prob.
617 2241 638 2257 c.
651 2238 682 2263 23
715 2230 817 2263 Qanti
839 2239 869 2256 ea
891 2239 932 2256 res
951 2231 1016 2261 erit,
1034 2235 1121 2257 tantae
1140 2231 1266 2264 pecuniae
1327 2228 1361 2267 de
1376 2237 1405 2254 re
1426 2228 1533 2255 iudicat.
1547 2229 1588 2268 ubi
1607 2233 1680 2256 etiam
1693 2230 1777 2264 paullo
1789 2228 1846 2265 post
1866 2230 1975 2262 dicitur,
1994 2231 2059 2257 Rem
2080 2232 2223 2258 iudicatam
2244 2236 2369 2260 recusare.

221 2271 352 2298 iudicium
365 2267 591 2302 recuperatorium
605 2266 682 2293 dabo.
1284 2273 1320 2298 60
1331 2264 1386 2289 Cic.
1400 2263 1478 2289 Verr.
1490 2271 1511 2294 ι,
1524 2266 1540 2288 6
1561 2265 1607 2289 Sin
1623 2264 1786 2296 absoluhur,
1799 2265 1943 2291 desinemus
1957 2274 2005 2291 nos
2019 2266 2050 2291 de
2064 2266 2171 2293 iudiciis
2183 2270 2370 2295 transferendi·

258 2314 278 2334 R
290 2312 307 2332 E
319 2312 337 2332 C
349 2313 368 2331 V
377 2312 391 2331 P
400 2311 416 2330 E
426 2310 445 2329 R
454 2311 475 2330 A
485 2309 506 2329 T
516 2305 527 2328 ῑ
537 2310 557 2329 V
566 2309 587 2328 V
596 2309 626 2334 s,
649 2311 679 2334 a,
706 2310 760 2327 um,
788 2300 850 2328 Adi,
1328 2298 1456 2337 recusare.
1526 2297 1614 2323 Multo
1628 2299 1717 2331 plures
1731 2300 1788 2330 effe,
1802 2301 1850 2333 qui
1863 2300 2018 2333 dertributis
2032 2303 2149 2328 recusent
2160 2303 2216 2329 Cic.
2225 2305 2295 2330 Fam.
2310 2314 2333 2336 3,
2342 2313 2368 2339 7.

223 2343 322 2377 Aggen.
336 2340 400 2367 Vrb.
414 2339 446 2365 de
458 2339 552 2366 Limit.
567 2347 591 2372 p.
606 2340 646 2369 63.
666 2337 725 2365 edit.
741 2336 810 2372 Goes.
1329 2334 1373 2360 Ne
1389 2334 1478 2363 heret,
1491 2332 1665 2359 vehementer
1681 2334 1798 2360 recusare
1817 2334 1890 2360 Idem
1904 2335 1970 2361 ibid.
1991 2345 2011 2367 1,
2030 2345 2056 2368 9,
2076 2346 2110 2369 35.
2181 2339 2237 2364 Cic.
2251 2340 2304 2366 Att.
2320 2350 2340 2369 2,
2359 2348 2370 2367 ι

259 2384 328 2405 REC
337 2383 357 2400 v
367 2383 382 2402 ι’
392 2382 407 2402 E
418 2382 466 2402 RA
475 2381 509 2401 Βι
518 2382 534 2400 L
544 2381 551 2399 1
561 2381 590 2405 S,
609 2382 631 2399 e.
656 2373 716 2399 Adi.
758 2371 827 2398 Vnde
839 2371 1065 2406 irrecuperabilis.
1329 2369 1426 2402 Neque
1438 2369 1537 2394 recusas
1553 2369 1619 2403 quin
1632 2377 1687 2394 non
1700 2369 1795 2400 modo,
1808 2369 1825 2395 fi
1839 2379 1903 2403 opus
1918 2369 1957 2403 sit,
1971 2371 2013 2396 sed
2027 2372 2106 2397 etiam
2118 2372 2136 2398 fi
2148 2374 2229 2400 velim
2241 2383 2369 2401 accurras.

258 2421 278 2440 R
289 2419 305 2438 E
318 2418 335 2438 c
347 2409 368 2439 ἡ*
378 2416 441 2438 1²10
453 2430 462 2443 ‚
479 2410 535 2440 ini,
554 2413 634 2439 itum,
655 2410 708 2435 ere.
750 2407 907 2443 [ὁπερρροίω]
950 2406 1026 2433 Valde
1039 2413 1133 2442 cupere,
1149 2407 1268 2442 adfatur
1329 2404 1394 2431 Non
1415 2405 1545 2444 possumus
1565 2405 1630 2439 quin
1641 2404 1689 2431 alii
1705 2413 1719 2430 a
1732 2404 1810 2430 nobis
1831 2404 1996 2438 dissentiant,
2008 2407 2125 2433 recusare
2146 2408 2199 2433 Cic.
2213 2410 2289 2435 Acad.
2302 2420 2330 2443 4,
2346 2419 2369 2441 7.

223 2459 253 2477 ex
265 2448 348 2475 Flam.
362 2447 436 2481 Capt.
449 2456 473 2479 4,
486 2454 509 2478 2,
523 2447 554 2477 76
584 2445 658 2477 Qiin
677 2445 714 2470 ita
733 2444 844 2476 faciam,
859 2450 887 2470 vt
899 2443 1017 2476 recnpias
1037 2443 1124 2469 facere
1143 2444 1269 2476 sumtum,
1282 2448 1314 2481 65
1330 2440 1403 2466 Idem
1418 2440 1450 2465 de
1466 2441 1524 2466 Fm.
1538 2449 1558 2472 1,
1572 2448 1589 2474 7
1603 2449 1623 2466 c.
1640 2449 1651 2471 3
1677 2439 1735 2466 Nec
1748 2448 1814 2465 vero
1827 2446 1855 2466 vt
1868 2440 1955 2467 noster
1968 2441 2095 2474 Lucilius,
2110 2443 2245 2474 recusabo,
2253 2452 2306 2476 quo
2319 2445 2368 2470 mi-

222 2484 268 2512 etfi
282 2492 331 2518 ego
344 2489 440 2509 vetem.
476 2480 523 2508 Sed
537 2481 675 2506 Gronouius
686 2486 709 2505 ει
721 2480 831 2505 meliores
850 2481 886 2505 Vt
898 2485 923 2505 te
938 2479 1036 2513 cupias.
1330 2485 1379 2502 nus
1393 2484 1483 2502 omnes
1498 2484 1556 2502 mea
1567 2476 1663 2510 legant.
1735 2475 1791 2501 Cic.
1807 2484 1856 2508 pro
1869 2475 1951 2502 Flacc.
1965 2483 1999 2509 97
2019 2477 2147 2510 Populum
2160 2479 2236 2503 Rom.
2251 2477 2372 2512 discepta.

260 2528 277 2547 R
289 2520 439 2550 ECVRO,
459 2521 512 2543 Ere.
550 2514 726 2550 [οἷνακομίξω]
762 2516 904 2550 Diligenter
923 2522 946 2541 et
964 2518 1055 2540 iterum
1069 2524 1163 2541 curare.
1202 2514 1268 2540 Piin.
1330 2518 1416 2539 torem
1436 2521 1490 2538 non
1509 2511 1591 2537 modo
1610 2519 1664 2537 non
1684 2511 1791 2542 recuso,
1811 2510 1854 2537 sed
1870 2511 1951 2537 etiam
1972 2511 2092 2545 deposco.
2164 2513 2308 2545 Recnsare,
2326 2520 2374 2548 pro

226 2565 262 2589 13,
277 2564 301 2581 12
321 2556 396 2588 Qiae
415 2561 470 2579 non
485 2552 545 2579 esset
565 2552 602 2578 ita
616 2558 752 2583 recurata,
765 2550 793 2576 in
810 2552 857 2576 suo
878 2550 968 2577 mansit
988 2549 1214 2584 amphitheatrica.
1241 2550 1270 2576 de
1329 2547 1518 2583 Accusationem
1530 2546 1660 2581 depellere,
1677 2555 1706 2571 ac
1720 2549 1825 2586 proprie
1839 2546 1914 2579 adeo,
1935 2546 2022 2581 dis-ifle
2040 2547 2137 2574 Batiam
2156 2548 2256 2575 videtur
2270 2549 2325 2575 Cic.
2340 2548 2372 2574 de

226 2593 323 2618 charta.
377 2589 443 2616 Otio
457 2589 482 2614 se
498 2596 620 2614 recurare
634 2586 732 2613 Catuli.
746 2594 793 2619 45,
809 2594 842 2619 ι5.
915 2586 1067 2613 Vulneratis
1081 2586 1155 2612 domi
1169 2585 1270 2612 relictis
1330 2584 1400 2610 Clar.
1413 2584 1488 2610 Orat.
1506 2590 1541 2614 90
1554 2591 1575 2607 c.
1592 2590 1617 2613 23
1646 2581 1724 2607 Tum
1744 2583 1827 2616 igitur
1839 2582 1922 2608 Galba
1943 2584 2061 2609 recusans
2085 2591 2134 2617 pro
2154 2584 2214 2610 sese.
2269 2584 2317 2611 Sed
2329 2593 2373 2609 nec

227 2635 253 2654 et
265 2626 350 2661 plagas
363 2623 545 2652 recusantibus
559 2623 636 2657 Apul.
651 2623 715 2649 Met.
728 2623 744 2647 6
758 2631 782 2656 p.
796 2626 845 2653 183.
1304 2618 1500 2653 oimprobabilis
1519 2616 1551 2650 est
1563 2615 1705 2643 comestura
1718 2618 1835 2650 Gruteri,
1849 2627 1876 2644 ex
1888 2618 1946 2644 Val.
1962 2619 2032 2646 Max.
2046 2623 2069 2651 8,
2082 2627 2102 2651 1,
2115 2628 2130 2645 2
2150 2620 2291 2655 legendum,
2302 2619 2374 2646 nihil

265 2669 284 2688 R
294 2669 310 2688 E
321 2668 337 2688 c
346 2667 365 2686 v
379 2667 398 2686 R
407 2667 426 2686 R
436 2666 455 2686 o
466 2677 474 2689 ‚
493 2659 582 2691 curri,
602 2659 721 2688 cursum,
742 2659 796 2683 ere.
825 2656 969 2693 [ἐνατρέχω
978 2676 986 2689 ,
999 2654 1181 2691 ηαλινδρομέω]
1204 2657 1270 2682 Rur-
1329 2654 1459 2681 recusans.
1530 2653 1657 2679 Recusare
1671 2655 1743 2679 etiam
1751 2652 1896 2689 fignificat,
1910 2654 1973 2689 quod
1989 2654 2102 2680 habucris
2119 2654 2259 2688 dimittere,
2271 2665 2300 2681 ac
2313 2654 2373 2681 nolle

221 2697 278 2734 fiam
297 2698 337 2723 vei
355 2702 421 2722 reiro
440 2704 547 2721 currere.
583 2694 651 2720 Ter.
668 2692 780 2727 Adelph.
794 2702 822 2726 4,
837 2701 856 2723 1,
871 2702 899 2718 ιο
927 2693 1005 2719 Nunc
1025 2692 1073 2718 vbi
1085 2701 1128 2718 me
1146 2692 1202 2718 illic
1215 2700 1271 2717 nou
1331 2690 1436 2724 amplius·
1454 2688 1540 2714 habere
1553 2688 1671 2715 Tertull.
1687 2687 1718 2714 de
1732 2689 1814 2715 Pallio
1828 2698 1850 2715 c.
1863 2698 1875 2720 3
1897 2689 1925 2715 de
1936 2689 2109 2725 serpentibus,
2134 2691 2202 2716 Cum
2220 2691 2334 2724 squamis
2347 2695 2372 2718 et

227 2733 344 2764 videbit,
359 2731 412 2757 iam
427 2730 477 2756 huc
491 2737 622 2760 recurret,
639 2730 674 2755 sat
688 2729 750 2755 scio.
804 2729 860 2755 Cic.
875 2729 947 2754 Fam.
963 2737 1003 2760 14,
1015 2736 1027 2759 3
1064 2727 1186 2761 Dexippo
1205 2736 1270 2761 quo-
1331 2724 1394 2751 anni
1408 2725 1568 2750 recusantur.
1620 2724 1783 2750 Commodus
1804 2726 1831 2750 in
1850 2725 1957 2758 epistola
1971 2725 2037 2761 apud
2048 2726 2175 2759 Spartian.
2191 2727 2219 2752 in
2233 2726 2370 2753 Pescennio

228 2778 280 2803 que
293 2770 329 2794 ita
349 2766 495 2801 imperaui,
511 2765 597 2791 statim
615 2771 643 2792 vt
655 2771 813 2792 recurreret.
885 2764 1030 2790 Recurrere
1048 2764 1152 2789 cursum
1170 2762 1202 2788 ad
1224 2762 1272 2789 ali·
1332 2770 1353 2786 c.
1368 2769 1387 2793 4
1411 2760 1579 2786 Pescennium
1591 2759 1689 2786 fortem
1703 2760 1791 2786 virum
1805 2761 1885 2792 noui,
1905 2766 1930 2787 et
1944 2761 1969 2787 ei
1988 2761 2137 2788 tribunatus
2151 2762 2202 2788 iam
2218 2761 2283 2788 duos
2296 2762 2371 2788 dedi:

227 2813 306 2838 quem
327 2802 409 2829 mam,
424 2801 488 2828 Cjst,
501 2810 527 2833 2²
542 2809 565 2833 3,
579 2809 618 2833 50,
689 2800 745 2826 Cic,
761 2801 814 2826 Ast.
835 2807 861 2832 2,
879 2808 907 2825 12
945 2802 1033 2831 Quare
1048 2807 1199 2832 quanquam
1217 2799 1271 2824 iam
1284 2807 1317 2836 75·
1333 2795 1455 2822 ducatum
1477 2804 1538 2821 mot.v
1552 2794 1637 2828 dabo,
1651 2795 1699 2822 vbi
1718 2804 1764 2830 per
1783 2796 1943 2823 seneffiutem
1963 2797 2054 2823 Aelius
2067 2798 2221 2824 Corduenus
2240 2797 2371 2832 rempubl.

228 2840 340 2874 teipsum
353 2837 487 2871 crispe-sto,
499 2844 586 2863 tamen
599 2835 642 2862 isti
661 2844 753 2870 puero,
767 2843 846 2869 quem
860 2835 891 2860 ad
905 2843 947 2860 me
960 2835 1044 2860 statim
1059 2834 1115 2860 iussi
1128 2842 1273 2863 recurrere,
1331 2831 1509 2861 recusauerit.
1530 2835 1548 2857 i.
1569 2841 1679 2863 munera,
1692 2841 1751 2866 quae
1762 2835 1811 2858 iam
1829 2832 1910 2864 habet,
1923 2832 2093 2868 deprecabitur
2106 2842 2134 2858 ac
2152 2832 2260 2868 deponet.
2297 2834 2373 2860 Plura

229 2877 260 2902 da
274 2874 446 2909 ponderosam
458 2873 574 2906 aliquam
588 2871 734 2906 epistolam.
807 2871 847 2896 Ad
860 2870 918 2895 suos
930 2870 1050 2896 auctores
1064 2879 1214 2902 recurrere,
1228 2872 1271 2905 qui
1332 2866 1408 2903 ipstus
1422 2867 1589 2894 Tertulliani
1610 2867 1677 2892 dedit
1697 2867 1731 2893 ad
1748 2868 1825 2893 locum
1844 2878 1855 2894 e
1875 2868 1953 2894 Pallio
1967 2867 2096 2902 Salmasius
2114 2878 2137 2903 p.
2153 2877 2209 2901 194.
2281 2868 2372 2903 Paffiue

228 2910 360 2938 vendidere
378 2908 496 2942 Papirius
508 2907 592 2934 Iustus
612 2908 640 2933 in
652 2907 669 2932 i.
685 2907 839 2939 Imperator.
853 2903 876 2941 6.
893 2914 901 2931 ι
916 2906 946 2932 D.
967 2905 998 2931 de
1011 2905 1160 2931 administr.
1172 2914 1223 2932 rer.
1238 2904 1271 2932 ad
1333 2903 1394 2930 Liu.
1410 2912 1431 2935 1,
1445 2911 1477 2936 24
1498 2903 1566 2929 Cum
1582 2902 1751 2937 Trigeminis
1770 2910 1850 2938 agunt
1870 2912 1960 2938 reges,
1985 2910 2014 2930 vt
2033 2912 2081 2944 pro
2101 2905 2145 2931 sna
2158 2905 2270 2938 quisque
2288 2904 2372 2939 patria

229 2947 323 2980 Remp.
338 2945 479 2979 pertinent.
548 2943 604 2970 Cic.
614 2942 644 2968 de
656 2942 806 2968 Nat-Deor.
815 2950 839 2972 2,
852 2950 876 2972 51
894 2949 950 2972 c.19
972 2942 1060 2968 Lunae
1074 2942 1169 2975 species
1188 2947 1270 2967 muta-
1335 2939 1462 2965 dimicent
1477 2939 1563 2965 ferro:
1583 2938 1622 2964 ibi
1643 2939 1786 2973 imperium
1806 2940 1875 2972 fore,
1885 2939 1954 2966 vnde
1967 2940 2083 2966 victoria
2096 2939 2192 2966 fuerit:
2218 2939 2286 2966 nihil
2301 2949 2372 2967 recu-

229 2989 274 3009 tur
293 2988 349 3008 tum
363 2979 517 3010 crescendo,
540 2984 596 3005 tum
617 2976 815 3004 defeffionibus
833 2976 865 3003 ad
888 2977 965 3003 initia
979 2977 1158 3009 recurrendo,
1179 2977 1212 3003 acl
1231 2987 1272 3003 no-
1292 2976 1417 3011 gosatur:
1440 2981 1540 3008 teinpus
1561 2982 1586 3001 et
1604 2974 1677 3000 iocus
1692 2975 1826 3002 conuenit.

229 3020 351 3044 vilunsum
371 3014 535 3051 decrescendo.
608 3013 647 3039 Ad
669 3013 800 3040 rationem
817 3021 873 3038 eam
894 3019 1033 3039 recurrunt
1054 3012 1182 3045 Quinctil.
1203 3022 1228 3045 1,
1248 3016 1272 3039 6.
1372 3018 1391 3037 R
1402 3016 1418 3035 E
1430 3010 1558 3037 GVSAN
1570 3017 1599 3043 S,
1619 3011 1695 3036 antis.
1714 3011 1805 3039 Panic,
1844 3009 2027 3046 [ἀναινόμενος]

232 3055 264 3079 In
285 3061 370 3079 arcem
392 3059 529 3078 recurrere
549 3049 609 3076 Liu.
623 3058 650 3082 4,
663 3057 699 3082 55.
752 3049 806 3074 Cic.
821 3048 873 3074 Att.
890 3056 921 3080 13,
935 3056 966 3081 45
981 3049 1047 3083 (47)
1074 3048 1203 3082 Equidem
1217 3048 1273 3075 Cal.
1335 3056 1387 3080 que
1408 3045 1436 3072 fit
1456 3046 1581 3072 omnibus
1600 3046 1777 3072 recusantibus
1791 3052 1817 3073 et
1834 3047 2047 3080 implorantibus.

232 3089 261 3115 in
275 3087 456 3114 Tusculanum
472 3094 614 3113 recurram.
686 3085 715 3110 In
729 3084 892 3110 contrarium
912 3092 1046 3110 recurrere
1059 3084 1184 3111 dicuntur
1198 3093 1273 3118 argu·
1335 3083 1391 3108 sans
1406 3081 1455 3108 hoc
1469 3081 1520 3107 feci
1535 3082 1590 3108 Cic.
1607 3081 1634 3107 in
1650 3082 1723 3108 Orat.
1738 3085 1776 3114 36.
1850 3081 1984 3109 Militibus
1999 3083 2102 3108 nullum
2116 3083 2261 3117 periculum
2276 3091 2324 3117 pro
2337 3083 2372 3109 sa-

233 3130 336 3155 mmua,
357 3131 422 3157 quae
435 3122 579 3148 retrorsum
592 3127 636 3146 aut
649 3121 784 3155 reciproce
799 3120 885 3146 valent
901 3120 1033 3153 Qiinffil.
1048 3128 1071 3152 5,
1085 3129 1108 3152 9.
1175 3121 1274 3146 Rccur-
1335 3118 1389 3144 iute
1404 3118 1520 3144 Caesaris
1540 3118 1718 3144 recusantibus
1738 3118 1809 3144 Caes.
1825 3118 1888 3144 Bell.
1904 3118 1985 3144 Ciuil.
2004 3127 2026 3150 3,
2045 3120 2088 3144 26.
2162 3118 2279 3145 Minissri
2300 3127 2373 3145 recu-

235 3168 291 3185 rerc
307 3158 400 3185 eodem
421 3157 555 3183 Columel.
570 3164 593 3188 8,
610 3164 648 3189 14.
721 3157 795 3190 Aqua
808 3156 881 3181 versa
894 3162 1011 3182 recurret
1024 3155 1056 3182 ad
1071 3157 1172 3182 fontem
1192 3155 1274 3182 Ouid.
1290 3160 1319 3191 85
1336 3154 1418 3180 santes
1431 3153 1511 3180 Ouid.
1526 3153 1589 3179 Fast.
1603 3161 1627 3184 2,
1641 3158 1694 3188 387.
1731 3153 1799 3180 Add.
1816 3152 1853 3179 ib.
1869 3162 1890 3185 3,
1903 3159 1956 3186 859.

235 3194 314 3228 Epist.
328 3202 350 3226 5,
362 3202 404 3226 30,
417 3201 441 3219 2.
493 3193 523 3218 Et
536 3192 640 3223 metuit,
652 3201 684 3217 ne
696 3200 747 3225 qua
760 3192 831 3217 versa
847 3197 963 3218 recurrat
977 3191 1076 3224 hiems,
1095 3192 1123 3217 de
1141 3191 1274 3218 hirundine
1372 3197 1391 3215 R
1400 3196 1417 3215 Ε
1427 3194 1445 3215 c
1457 3196 1477 3215 V
1487 3195 1499 3214 S
1509 3190 1529 3215 Ᾱ
1538 3195 1558 3213 T
1570 3196 1588 3215 V
1599 3196 1627 3221 S,
1648 3198 1678 3221 a,
1697 3198 1751 3215 um.
1777 3188 1856 3215 Aliud
1869 3189 1961 3216 Partic.
1997 3189 2078 3215 Ouid.
2093 3198 2124 3215 ex
2138 3190 2211 3218 Pont.
2227 3200 2249 3221 4,
2262 3197 2295 3221 ι3,
2310 3197 2353 3223 27.

236 3230 317 3256 Ouid.
332 3229 396 3255 Fast.
418 3237 443 3259 2,
457 3233 512 3261 854.
583 3228 657 3253 Luna
676 3226 788 3254 recurrit
806 3226 915 3253 Tibull.
930 3235 955 3259 2,
969 3236 997 3260 4,
1010 3232 1043 3256 ιε.
1114 3228 1187 3261 Opus
1205 3227 1275 3254 ince-
1372 3232 1391 3251 R
1402 3231 1522 3251 ECVSA
1536 3231 1557 3250 T
1569 3230 1623 3257 10,
1642 3225 1706 3250 anis.
1728 3224 1747 3250 f.
1784 3224 1938 3259 [οἶνάνευσις]
1967 3225 2038 3251 Caes.
2055 3225 2118 3251 Bell.
2131 3226 2190 3252 Ciu.
2207 3234 2227 3257 3,
2240 3230 2270 3257 98
2290 3224 2371 3257 Quod

236 3271 308 3299 ptum
328 3266 401 3299 saepe
419 3263 533 3290 recurrit
553 3262 633 3289 Ouid.
648 3262 678 3288 dc
692 3264 754 3289 Arte
768 3263 827 3289 Am.
850 3271 872 3294 3,
890 3266 945 3293 360.
1016 3263 1081 3289 l’iin.
1097 3263 1124 3289 iu
1141 3264 1231 3296 Paneg.
1244 3267 1273 3292 88
1334 3260 1382 3287 vbi
1395 3260 1448 3286 fine
1467 3261 1632 3286 recusatione
1645 3260 1780 3292 fecerunt,
1793 3266 1838 3286 tec.
1871 3260 1939 3286 Adai.
1953 3260 1991 3286 ib.
2005 3266 2027 3290 8,
2039 3270 2057 3286 1.
2093 3262 2147 3287 Cic.
2160 3262 2191 3287 de
2204 3261 2275 3286 Orat.
2289 3268 2313 3289 2,
2327 3262 2371 3286 26.

236 3309 300 3325 extr.
320 3300 422 3326 Etenim
438 3305 466 3326 vt
487 3299 596 3325 nomine
615 3298 723 3332 Augusti
744 3298 916 3324 admonemur
930 3299 1001 3330 cius,
1016 3299 1058 3325 cui
1078 3301 1193 3331 primum
1207 3298 1275 3324 dica·
1337 3297 1408 3323 Nam
1429 3295 1491 3322 haec
1512 3296 1566 3329 ipsa
1581 3296 1710 3323 recusatio
1724 3295 1924 3330 disputationis,
1943 3295 2085 3330 disputatio
2100 3296 2224 3331 quaedam
2236 3295 2288 3321 fuit
2301 3294 2371 3322 mihi

236 3340 293 3361 tum
312 3335 359 3360 cst:
393 3336 429 3361 ita
447 3335 508 3361 haec
528 3334 631 3368 Optimi
649 3333 804 3368 appellatio,
819 3342 953 3367 nunquam
973 3335 1116 3360 memoriae
1134 3334 1274 3361 hominum
1286 3347 1323 3372 90
1335 3331 1443 3366 quidem
1462 3331 1633 3365 periucunda.
1698 3331 1758 3358 Sine
1776 3331 1938 3357 recusatione
1958 3340 1986 3357 ac
2007 3331 2059 3358 sine
2072 3332 2124 3358 vlla
2143 3339 2216 3356 mora
2234 3331 2371 3364 negotium

238 3370 291 3396 sine
307 3376 330 3395 tc
343 3377 466 3396 recurret.
537 3370 682 3396 Recurrere
695 3378 756 3395 rure
774 3370 841 3395 Hor.
855 3369 935 3395 serm.
952 3378 971 3401 1,
985 3378 1009 3400 2,
1024 3377 1078 3404 127.
1337 3369 1501 3401 susceperunt
1522 3367 1577 3393 Cic.
1593 3368 1649 3393 Cat.
1664 3376 1686 3399 3,
1699 3375 1712 3399 5
1731 3376 1752 3393 c.
1768 3375 1792 3393 2.
1863 3367 2016 3399 Recusatio,
2028 3374 2076 3402 pro
2088 3366 2231 3401 quenjione
2243 3366 2287 3402 stu
2307 3375 2372 3393 exce-

277 3411 296 3430 R
311 3411 380 3431 itcv
394 3410 518 3432 RRist
533 3425 540 3436 ‚
567 3405 642 3432 entis.
679 3405 771 3431 Partic.
813 3404 990 3439 [οἰνατρέχων]
1032 3406 1082 3437 Vt,
1113 3405 1158 3431 Sol
1189 3412 1276 3431 recur-
1333 3406 1427 3438 ptione.
1464 3403 1520 3429 Cic.
1533 3403 1564 3429 de
1578 3402 1669 3437 Legib.
1689 3411 1715 3435 2,
1728 3411 1758 3436 41
1787 3403 1871 3428 Poena
1890 3411 1954 3429 vero
1974 3403 2088 3429 violatae
2105 3401 2257 3434 religionis,
2277 3402 2372 3428 iustam

239 3449 300 3467 rens
322 3440 396 3472 Virg.
417 3440 481 3465 Aen.
503 3448 534 3474 7,
556 3450 610 3467 100.
682 3441 729 3466 Per
745 3448 826 3466 annos
852 3447 1016 3467 recurrentes
1041 3447 1144 3475 accepta
1169 3439 1277 3467 libertas
1338 3439 1529 3466 recusationem
1541 3447 1595 3465 non
1609 3438 1696 3465 habet.
1749 3438 1823 3464 Idem
1839 3437 1870 3463 de
1884 3439 1986 3464 Inuent.
2000 3447 2026 3471 2,
2039 3446 2065 3464 12
2079 3446 2098 3462 c.
2112 3444 2125 3469 5
2149 3437 2228 3463 Aliud
2241 3438 2371 3463 accusatio

239 3477 307 3503 Hor.
324 3475 402 3509 Epist.
417 3483 439 3506 2,
453 3483 473 3505 ι,
487 3483 541 3508 147.
558 3480 576 3502 i.
590 3475 700 3513 fingulis
717 3478 799 3501 annis.
1336 3481 1381 3501 aut
1401 3474 1530 3500 recusatio
1548 3474 1677 3500 conficere
1698 3472 1783 3500 debet.
1841 3475 1872 3499 Et
1889 3473 1921 3499 de
1934 3475 2008 3501 Orat.
2026 3482 2048 3506 2,
2065 3474 2114 3504 364
2135 3481 2156 3497 c·
2173 3477 2203 3505 89
2238 3473 2371 3504 Adimere,

277 3518 296 3536 R
310 3518 324 3537 E
334 3518 350 3537 C
360 3517 380 3536 v
390 3516 408 3536 R
421 3516 433 3536 s
445 3515 466 3534 v
478 3516 489 3535 s
499 3529 507 3541 ,
531 3509 569 3537 sis.
593 3521 627 3538 m.
664 3509 819 3547 [α’ναδρομὴ]
856 3511 921 3538 Plin.
946 3512 984 3544 16,
998 3519 1028 3543 25
1056 3511 1165 3537 Natales
1183 3519 1276 3545 pomo-
1292 3522 1327 3549 95
1338 3510 1441 3545 inquit,
1454 3518 1560 3536 omnem
1579 3509 1769 3536 recusationem
1788 3509 1876 3535 Crasso
1896 3509 1982 3536 volui.

240 3555 301 3574 rum
319 3545 436 3573 recursus
453 3553 552 3570 annuos
571 3547 724 3573 versicolori
745 3547 841 3573 nuntio
862 3547 1026 3581 promittunt.
1098 3547 1158 3573 Liu.
1178 3549 1222 3577 26,
1241 3555 1277 3580 42
1334 3544 1461 3573 stomachi
1482 3546 1584 3572 Petron.
1599 3554 1620 3572 c.
1635 3553 1686 3579 141.
1705 3548 1724 3570 i.
1745 3544 1846 3580 nansi-a,
1859 3545 1956 3572 horror.

241 3589 305 3609 exer.
325 3583 359 3607 Vt
378 3579 499 3606 subeunti
518 3581 591 3614 saepe
603 3582 634 3607 ad
650 3582 755 3609 moenia
769 3582 844 3609 vrbis
857 3583 975 3608 recursus
988 3588 1096 3617 pateret.
1167 3582 1234 3608 Cels.
1248 3590 1277 3615 4,
1373 3583 1647 3613 chvsAni'1.1s,
1668 3589 1691 3607 e.
1723 3579 1783 3606 Adi.
1819 3580 1939 3608 Tertuil.
1959 3578 2018 3607 adu.
2033 3577 2115 3604 Marc.
2133 3587 2161 3613 4,
2180 3586 2208 3612 35
2234 3579 2372 3606 Reuelatio

242 3626 262 3649 4
286 3617 312 3643 Si
331 3624 396 3642 vero
417 3615 457 3641 his
470 3615 578 3641 morbus
597 3616 709 3650 leuatus,
727 3619 833 3652 iamque
853 3618 940 3644 fauces
960 3624 985 3644 et
1003 3618 1093 3644 cibum
1111 3623 1136 3644 et
1155 3618 1277 3652 spiritum
1336 3617 1421 3653 prima
1434 3617 1600 3648 recusabilis,
1612 3623 1659 3642 etc.

243 3653 365 3685 capiunt,
384 3650 470 3677 facilis
483 3650 516 3676 ad
531 3649 627 3677 bonam
639 3653 817 3680 valetudinem
828 3654 945 3680 recursus
959 3653 1004 3680 est.
1076 3653 1115 3680 Ad
1136 3653 1277 3688 pristinum
1375 3660 1393 3679 R
1403 3658 1443 3679 Ec
1453 3660 1472 3678 ν
1482 3659 1519 3678 Ti
1531 3659 1566 3685 o,
1587 3654 1641 3678 ere.
1675 3649 1781 3685 August.
1794 3651 1908 3678 Confess.
1921 3655 1945 3683 8,
1957 3657 1981 3676 11
2007 3648 2156 3677 Incutiebat
2168 3649 2318 3682 horrorem,
2328 3648 2371 3676 sed

243 3687 355 3714 militiae
369 3686 491 3713 ordinem
505 3686 621 3712 recursus
634 3688 691 3713 Val.
706 3690 775 3715 Max.
791 3698 811 3719 2,
827 3697 854 3723 7,
869 3696 892 3721 ις
912 3689 941 3715 de
953 3693 995 3720 iis,
1008 3692 1050 3725 qui
1060 3696 1150 3725 poenae
1163 3689 1235 3724 causa
1249 3698 1277 3714 ex
1284 3696 1392 3719 motion
1405 3687 1549 3714 recutiebat
1562 3693 1649 3718 retro,
1661 3695 1708 3712 nec
1725 3686 1870 3714 auertebat.

241 3723 363 3758 equitibus
371 3721 482 3756 pedites,
496 3730 524 3746 cx
537 3721 659 3755 peditibus
666 3722 813 3756 funditores
818 3724 893 3760 fabii
898 3725 1018 3760 szaecram.
1089 3725 1184 3751 Cursus
1200 3730 1226 3751 et
1238 3733 1278 3750 re-
1377 3730 1395 3749 R
1405 3729 1422 3748 Ε
1433 3730 1449 3750 c
1459 3730 1478 3748 V
1489 3729 1502 3749 s
1511 3730 1551 3750 SV
1560 3729 1572 3749 s
1582 3742 1591 3755 ,
1610 3731 1640 3754 a,
1659 3730 1713 3747 um.
1736 3722 1828 3748 Partic.
1864 3718 2031 3755 [oe'rurmSek]
2066 3719 2141 3755 Virg.
2149 3720 2213 3746 Aen.
2227 3729 2252 3751 2,
2265 3728 2291 3753 53
2311 3721 2372 3747 Vte-

243 3758 330 3784 cnrsus
343 3756 454 3783 aduersis
468 3756 553 3790 spatiis
566 3756 636 3782 inire
647 3757 721 3790 Virg.
730 3759 794 3785 Aen.
806 3768 829 3791 ς,
843 3765 893 3792 583.
964 3759 1047 3792 Lydia
1062 3760 1166 3794 perfusa
1173 3761 1277 3786 Maean·
1339 3767 1423 3792 roque
1435 3759 1534 3785 recusso
1567 3758 1710 3784 Insonuere
1724 3766 1802 3784 cauae
1820 3757 1997 3792 gemitumque
2012 3754 2107 3782 dedere
2127 3764 2261 3782 cauernae.
2324 3757 2372 3782 Re-

243 3793 285 3820 dri
298 3792 443 3819 recursibus
456 3792 521 3818 Plin.
537 3800 559 3824 5,
574 3800 612 3824 29.
684 3792 788 3819 Celeres
800 3796 917 3822 recursus
930 3796 1056 3831 spondere
1076 3795 1157 3822 Ouid.
1173 3796 1237 3822 Met.
1251 3798 1279 3828 6,
1339 3795 1408 3820 russo
1429 3802 1477 3828 pro
1496 3795 1623 3820 Concusso
1634 3812 1642 3824 ‚
1666 3795 1750 3827 inquit
1768 3794 1873 3820 Seruius
1886 3812 1895 3824 ‚
1919 3790 2078 3824 Praepositio
2102 3800 2150 3825 pro
2174 3791 2371 3826 Praepositione·

243 3837 302 3862 450.
376 3827 502 3860 Insperati
515 3828 631 3854 recursus
643 3827 734 3853 Claud.
748 3828 774 3853 in
789 3830 857 3855 Rurf.
873 3840 893 3863 1,
908 3839 956 3863 331.
1028 3831 1096 3857 Dant
1117 3830 1170 3858 sata
1189 3839 1277 3858 recur-
1340 3830 1450 3863 Aequor
1461 3830 1587 3855 recusiiim
1600 3827 1690 3854 Valer.
1703 3829 1801 3862 Argon.
1817 3837 1840 3861 5,
1854 3830 1908 3861 ι67.
1979 3826 2100 3853 Recursus
2113 3827 2205 3854 somno
2218 3827 2294 3862 Apul.
2306 3826 2371 3853 Met.

241 3865 299 3891 sum
311 3862 393 3891 Ouid.
405 3861 484 3903 Epist.
497 3864 524 3896 6,
537 3871 575 3896 59.
647 3863 727 3897 Apul.
740 3862 772 3890 de
785 3864 886 3892 Mundo
904 3875 931 3901 p.
949 3874 1007 3901 730,
1022 3874 1053 3898 14
1071 3866 1185 3900 floridi,
1208 3867 1277 3894 Cum
1284 3879 1330 3908 105
1338 3875 1351 3896 ς
1369 3874 1395 3900 p.
1408 3872 1465 3900 170,
1476 3871 1520 3898 27.
1538 3866 1557 3890 i.
1578 3861 1701 3896 excuffux,
1713 3868 1844 3892 excitatus.

891 2300 926 2328 Vt
934 2320 943 2334 ‚
955 2301 1040 2327 Status
1059 2301 1271 2335 recuperatiuus,

2062 3011 2118 3037 Cic.
2127 3012 2205 3038 Verr.
2220 3019 2245 3044 2,
2260 3020 2304 3044 ¹29
2324 3012 2372 3037 Ita-

2069 3508 2215 3542 Metaphm
2232 3508 2370 3535 Recusatio

2261 3901 2369 3924 RECVS-

2120 3048 2235 3080 Rogatus
2256 3053 2280 3073 et
2299 3055 2371 3073 recu·
2414 3057 2415 3060 ¹
