2434 4156
129 177 320 213 qvmqva
331 176 354 199 G
365 176 382 197 r.
394 175 407 197 s
420 177 455 197 τε
465 176 486 196 s.
510 168 578 196 Adu.
650 167 731 194 Plaut.
746 165 817 192 Men.
828 170 859 198 ς,
876 171 900 196 9,
913 171 946 196 99
982 162 1036 189 Vix
1052 161 1133 189 credo

96 213 150 236 tota
161 208 285 234 auc'lione
306 208 390 243 capiet
406 204 607 241 quinquagesies
618 210 719 231 centena
736 200 816 227 millia
836 200 889 228 Hs.
909 207 1009 229 250000
1021 198 1135 235 florenos

141 252 195 270 eru.

91 248 140 280 im?
155 285 311 319 viNQVA
321 284 367 305 GE
377 285 399 305 N
408 284 430 305 Α
439 283 459 304 R
473 283 483 303 1
494 283 516 302 v
525 284 548 310 s,
562 285 587 309 a,
599 283 653 302 um.
680 272 742 299 Adi.
779 267 1005 310 [ceunyxoyraclmds
1018 270 1032 303 ]
1068 270 1134 296 Cato

89 321 114 346 ¹3
176 322 251 341 rnaun
270 314 524 350 quinquagenariam
544 320 638 343 vnam,
664 308 808 335 sextarium
820 305 952 333 olearium
966 315 1055 331 vnum.
1091 305 1134 333 Sic

90 357 157 376 edo.
260 349 490 385 Quinquagenaria
509 350 619 378 cohors,
645 345 715 380 Qcae
733 345 916 379 quinquaginta
933 341 1057 380 militibus
1078 350 1134 366 con-

80 383 148 418 stat,
167 386 227 412 male
241 388 362 413 tribuitur
399 385 496 412 Curtio
505 392 556 418 ;,2,
567 391 589 415 3.
612 379 645 414 est
659 382 723 406 enim
730 379 976 412 Quinquagcnarua.
1049 376 1136 410 Quin-

82 422 262 455 quagenarius
279 430 356 456 grex,
391 421 416 447 h.
430 430 450 448 e.
472 420 661 456 ,Quinquaginta
684 418 795 451 capitum
832 414 908 440 Varr.
923 412 956 438 de
968 413 1000 439 R.
1009 413 1041 439 R.
1055 421 1079 444 2,
1098 421 1135 438 ιο.

88 456 187 484 Fistula
221 457 325 484 Vitruu.
340 462 364 489 8,
378 463 404 491 7.

159 498 343 531 vmqvno
356 497 373 518 ε
383 498 396 518 s
407 491 420 519 ἴ
429 499 510 526 atvs,
519 499 544 522 a,
556 496 611 515 um.
646 486 706 513 Adi.
727 484 843 512 Ordinis.
881 484 894 518 [
907 482 1046 513 πεντηκσςός
1060 486 1070 517 ]
1097 489 1135 514 ut,
1151 491 1180 509 10

90 526 157 554 Plin·
170 534 197 560 7,
213 534 226 556 8
240 528 286 554 s.6
321 526 547 564 Quinquagesimo
566 532 621 550 vno
643 529 731 557 raptus
750 529 829 547 anno-
945 519 1135 553 Quinquagefi-

89 570 143 590 mas
163 563 283 597 exigere,
301 573 328 590 ea
341 564 440 599 forma,
453 571 498 599 qua
509 567 532 587 ct
550 559 678 586 Decumas
699 559 796 594 exigere
811 555 907 582 dicitur
943 556 1001 582 Cic.
1017 556 1094 583 Verr.
1113 562 1136 587 3,

91 599 133 626 116
153 606 174 624 c.
183 606 230 632 49.
347 600 461 626 Martial.
476 605 520 628 ιο,
539 604 575 628 24

284 634 393 661 Natales
412 632 478 661 milui
498 631 610 658 Martiae
629 628 777 662 Calendae,

284 670 343 697 Lux
364 668 502 698 formosior
523 667 648 693 omnibus
668 663 803 695 Calendis,

287 708 348 740 Qua
369 707 473 733 mittunt
492 702 561 729 mihi
580 709 675 728 numus
695 706 721 726 et
740 698 843 734 puellae

285 739 502 778 Quinquagcsima
523 738 593 770 liba,
627 736 820 771 septimamque

284 778 381 805 Vestris
399 775 518 803 addimus
534 773 599 800 hanc
615 773 684 799 focis
705 779 833 798 acerram.

85 807 192 836 Indicae
201 808 232 846 fi’
250 811 337 840 babere
353 821 428 839 annos
447 812 468 837 L
480 811 554 837 1711.

124 851 193 882 qvi
208 852 228 871 N
242 853 432 887 QVATRES,
452 848 783 886 QviNQVATRMu,

89 885 141 918 QV
151 887 159 906 1
169 888 190 907 N
199 888 247 918 (Qv
257 892 279 911 Α
290 890 310 910 Τ
320 890 338 910 R
348 890 367 909 v
377 891 400 915 s,
418 889 455 909 tot
469 885 531 908 enim
538 881 640 917 formae
655 879 728 906 buius
740 880 848 904 nominis
861 876 932 903 hodie
941 872 1047 907 exstant.
1065 874 1138 904 [Παι-

93 915 211 945 ’κθηναΐα
225 920 238 953 ]
281 920 380 947 Samum
401 919 546 949 Mineruae,
582 919 609 942 in
633 923 679 951 quo
701 914 854 941 vehementer
877 910 977 938 iai-‘iant
995 909 1026 945 fi
1051 909 1139 935 Gram-

88 954 184 979 matici.
237 956 352 981 Portemus
370 957 453 990 primo
477 951 640 979 aubioritates
665 949 819 986 diuersarum
838 948 984 984 formarum
994 955 1005 975 ‚·
1040 944 1136 984 deinde,

90 995 151 1021 9¹¹³?
165 987 194 1014 de
207 993 301 1026 origine
313 993 418 1016 nominis
428 999 458 1015 ac
470 989 499 1015 de
511 997 608 1015 numero
622 987 715 1013 dierum
728 985 826 1012 tradita
831 985 902 1021 sunt.
958 983 1044 1017 Igitur
1053 981 1139 1014 Qun-

90 1030 212 1057 quatra,
226 1026 388 1057 ηαναθηναῖοι,
410 1028 477 1052 inter
491 1024 612 1058 Quirites
637 1029 659 1049 et
676 1022 764 1048 Sentes
779 1022 894 1056 pluralia
907 1017 1050 1058 masculina
1062 1018 1139 1051 ponit
1152 1029 1183 1056 23

92 1058 172 1093 8ΟῘῙΡ-
192 1060 307 1088 Chai-issi
327 1071 350 1095 p.
366 1070 405 1093 20,
419 1066 441 1091 8.
514 1062 556 1089 Sic
571 1066 594 1086 et
606 1058 726 1085 Priscian.
741 1067 754 1089 7
774 1066 799 1091 p.
813 1064 872 1091 773,
886 1057 903 1081 6
938 1054 975 1080 Hi
997 1053 1137 1087 Quinqua-

91 1099 154 1132 (ξοδ,
171 1094 264 1124 horum
278 1097 497 1132 Quinquatruum.
589 1094 687 1130 Rursus
722 1093 785 1128 Id.7
802 1101 826 1127 p.
836 1099 898 1125 744,
913 1098 936 1122 13
964 1088 998 1115 ad
1016 1089 1137 1114 Saturna-

91 1128 138 1161 lia,
157 1131 283 1165 Fici-alia,
304 1133 476 1167 Compitalia,
500 1130 687 1162 Terminalia,
705 1128 823 1164 adiungit
837 1124 1035 1161 Quinquatria,
1075 1131 1136 1186 que

1127 1164 1138 1184 t

89 93 140 136 45

84 1164 199 1200 formare
209 1167 273 1195 iubet
286 1169 496 1204 Quinquatrium
509 1174 535 1194 et
548 1165 801 1202 Quinquatriorum‚
818 1160 1046 1197 Quinquatribus.

88 1200 248 1229 Diomeden
269 1213 292 1238 p.
304 1213 351 1238 3¹5,
365 1212 378 1237 ς
403 1206 474 1231 Inter
491 1203 626 1240 masculina
638 1202 737 1238 fimper
750 1201 873 1236 pluralia,
893 1201 960 1224 inter
973 1195 1095 1229 Quirites
1115 1199 1140 1221 et
1153 1210 1185 1235 30

90 1235 177 1263 Sentes
189 1242 265 1273 ponit
281 1240 484 1276 Quinquatriae.
556 1240 598 1266 Sic
616 1237 755 1274 aPutschio
770 1235 862 1262 editum
882 1241 904 1260 et
916 1239 973 1260 ante
987 1231 1017 1259 ab
1031 1233 1066 1258 Io.
1081 1231 1138 1257 Cae-

81 1271 162 1306 sario.
233 1276 345 1312 Denique
363 1275 497 1302 Charisius
515 1284 541 1309 p.
557 1277 586 1301 61
599 1281 664 1301 extr.
703 1273 890 1307 Quinquatrus
909 1268 1064 1304 pluraliter,
1083 1275 1139 1293 non

88 1307 266 1344 qninquatria.
335 1312 400 1339 Non
419 1312 492 1338 enim
511 1310 597 1337 dietae
612 1311 670 1336 sunt
689 1312 795 1344 quinque
813 1306 869 1333 dies
888 1311 975 1339 atras,
1002 1302 1046 1330 sed
1064 1300 1139 1338 quod

107 1344 154 1372 uin
176 1353 209 1371 ue
226 1345 279 1373 dies
294 1346 404 1380 Iduum,
422 1356 487 1383 quas
499 1353 582 1373 atrum
594 1346 701 1380 antiqui
713 1343 851 1373 dicebant3
888 1341 941 1367 siue
957 1348 972 1366 a
988 1339 1139 1379 quinquan-

108 1386 132 1409 0,
147 1380 155 1406 i
185 1380 221 1407 est
232 1382 380 1415 lustrando,
398 1383 472 1418 quod
484 1390 517 1408 eo
532 1381 576 1407 die
589 1389 662 1407 arma
674 1379 770 1406 ancilia
782 1377 885 1404 lustrari
898 1375 946 1402 fint
963 1375 1050 1402 solita.

88 1415 229 1450 Putschtus.
302 1419 348 1445 Sed
371 1419 498 1444 Fabricius
516 1419 543 1442 in
566 1415 718 1442 Frobeniana
736 1414 844 1440 editione
860 1420 912 1445 1551
923 1410 963 1445 fic
977 1411 1046 1437 dedit
1065 1419 1089 1445 p.
1105 1417 1142 1444 77

91 1449 158 1476 Non
169 1452 241 1477 enim
256 1452 342 1479 dietae
357 1453 415 1479 sunt
434 1453 553 1487 quinque
567 1451 622 1477 dies
636 1450 702 1481 atri,
726 1449 769 1476 sed
788 1448 862 1484 quod
881 1448 1058 1483 quinquatrus
1072 1445 1140 1471 anti-

627 1487 668 1513 Sic
687 1489 770 1554 impu?
782 1484 816 1510 ad
828 1487 951 1511 rationem
966 1481 1142 1517 appellationis

92 1485 140 1520 qui
155 1485 276 1514 dicebant
294 1497 309 1514 a
326 1487 497 1523 quinquando
511 1493 555 1513 etc.
1046 1516 1052 1521 ·

735 1524 753 1547 ι’.
774 1523 801 1546 in
814 1528 910 1544 nomme
922 1517 1142 1552 Septentriones)

92 1521 244 1556 accqffimus,
269 1523 297 1549 de
316 1533 364 1559 qua
401 1523 469 1550 Gen.
485 1532 507 1555 2,
519 1531 547 1549 21
571 1523 694 1553 Trimes,

91 1564 139 1594 per
153 1557 204 1582 sese
217 1559 284 1585 nihil
299 1558 441 1594 significare
454 1560 539 1588 aiunt,
560 1557 609 1583 Sed
622 1556 747 1583 vocabuli

90 1598 119 1616 ¹¹¹
133 1600 176 1622 (Ὀ,
195 1594 266 1625 quod
276 1596 447 1630 Qainquaerus
460 1594 585 1626 dicimus,
605 1592 677 1627 quod
691 1592 811 1626 quinque
824 1590 857 1616 ab
872 1588 962 1614 idibus
977 1589 1082 1613 dierum
1094 1593 1141 1610 nu·

89 1633 178 1652 ¹¹¹er¹¹³
191 1626 229 1658 fit,
249 1636 320 1654 otrus
335 1631 403 1657 nihil
419 1630 554 1665 significet.
624 1628 763 1654 Audiamus
775 1629 847 1651 etiam
861 1623 965 1649 Festum
974 1642 983 1654 ,
1002 1622 1142 1654 Quinqua-

90 1667 146 1687 trus
160 1663 285 1696 appellari
298 1665 407 1698 quidam
424 1671 516 1698 putant
529 1673 544 1691 a
558 1671 671 1688 numero
684 1661 799 1692 dierum,
816 1659 864 1693 qui
880 1659 937 1684 sere
950 1658 991 1684 his
1006 1656 1140 1683 celebran-

90 1702 142 1723 (ΗΥ.
212 1698 367 1735 (Intemgo,
393 1700 441 1734 qui
461 1700 517 1726 dies
538 1697 706 1724 celebrantur
724 1694 949 1731 quinquatribus,
973 1699 1003 1719 vt
1024 1692 1140 1723 dicimur,

90 1731 160 1759 diem
175 1733 305 1761 celebrare
316 1735 462 1770 religione:
498 1743 541 1760 nec
556 1740 614 1759 υτον
628 1732 804 1764 emendatione,
821 1739 892 1767 quam
906 1731 970 1756 libro
984 1738 1034 1755 meo
1046 1728 1080 1755 ad
1092 1731 1141 1755 cri·
1154 1738 1188 1765 45
1199 1730 1325 1767 foliorum
1339 1737 1424 1754 nomen
1436 1728 1536 1755 habens.

86 1768 137 1804 plit
153 1770 358 1803 Almeloueenius,
383 1771 471 1806 quinis
493 1770 548 1796 fere
568 1769 590 1795 ii
610 1767 784 1794 celebrantur.
857 1765 903 1793 Sed
920 1768 1008 1801 pergit
1030 1765 1061 1791 Fe
1086 1765 1142 1798 us)

90 1804 145 1837 Qui
159 1805 255 1832 scilicet
269 1813 366 1839 errant,
384 1813 436 1833 tam
450 1806 574 1836 Hercule,
592 1812 671 1839 quam
686 1804 734 1838 qui
751 1802 843 1830 triduo
856 1802 1017 1833 Saturnalia,
1037 1806 1063 1827 et
1076 1800 1139 1827 toti-

90 1839 150 1866 dem
163 1840 255 1868 dicbus
264 1842 435 1877 Compitalia:
472 1842 541 1869 Nam
554 1840 681 1867 omnibus
695 1840 736 1866 his
750 1838 856 1873 singulis
870 1837 963 1864 diebus
976 1836 1045 1863 fiunt
1061 1837 1141 1863 sacra.

89 1876 185 1903 Forma
201 1883 288 1904 autem
299 1876 423 1905 vocabuli
437 1878 494 1904 eius
506 1877 628 1911 exemplo
642 1876 789 1902 multorum
808 1874 971 1909 populorum
984 1873 1141 1900 Italicorum

91 1914 227 1939 enuntiata
247 1914 299 1947 cst,
323 1913 394 1949 quod
415 1914 471 1948 post
485 1913 555 1940 diem
569 1913 692 1947 quintum
710 1911 806 1938 Iduum
819 1910 856 1936 est
869 1910 891 1936 is
904 1909 959 1936 dies
972 1908 1052 1935 festus
1068 1919 1074 1935 :
1111 1914 1141 1936 vt
1159 1921 1191 1948 50
1208 1916 1234 1937 et
1248 1909 1372 1945 angulosa
1387 1908 1424 1935 tit.

89 1947 158 1981 apud
173 1949 338 1976 Tusculanos
356 1951 477 1976 Triatrus
493 1956 519 1975 et
539 1950 673 1980 Sexatrus,
693 1953 719 1974 et
732 1948 903 1988 Septenatrus‚
923 1951 949 1972 et
965 1944 1078 1972 Faliscos
1092 1947 1142 1972 De-

89 1986 215 2022 cimatrus.
289 1986 425 2013 Mineruae
439 1991 526 2012 autem
539 1985 656 2011 dicatum
669 1992 730 2010 eum
744 1983 817 2012 diem
829 1982 982 2010 existimant
991 2003 999 2016 ,
1019 1981 1091 2018 quod
1105 1990 1139 2010 eo

93 2019 136 2046 die
158 2020 227 2047 aedis
247 2021 303 2048 eius
325 2022 352 2047 in
371 2021 505 2048 Auentino
525 2021 673 2047 consecrata
691 2019 737 2046 est.
846 2021 903 2047 Huc
920 2019 1046 2055 refl‘ruaui
1064 2019 1144 2046 Iocum

91 2055 230 2087 Varronis,
247 2057 376 2093 abrupnem
385 2077 392 2089 ,
411 2064 434 2084 et
452 2067 499 2083 non
513 2057 569 2083 bene
582 2054 766 2091 interpunflum
779 2055 876 2089 adhuc,
893 2058 966 2082 cuius
977 2063 1059 2082 tamen
1072 2055 1145 2082 inte!-

90 2090 179 2118 lefium
198 2092 284 2119 Festus
305 2096 410 2129 aperiat.
495 2094 587 2128 Nempe
606 2091 638 2118 de
651 2092 719 2118 L.L.
734 2099 762 2125 ς,
781 2100 793 2124 3
814 2101 838 2126 p.
854 2094 890 2126 46
903 2098 968 2118 extr.
1004 2092 1144 2126 Quinqua-

95 2131 164 2154 trus:
199 2127 242 2154 hic
256 2127 310 2155 dicuu
326 2138 391 2155 vnus
411 2138 426 2155 a
439 2128 557 2155 nominis
569 2136 660 2155 errore
673 2127 830 2155 obseruator
844 2127 958 2162 proinde
971 2132 1001 2154 vt
1035 2127 1089 2164 (f.
1106 2130 1145 2154 in-

88 2162 142 2199 ser.
157 2162 192 2195 si)
229 2163 276 2191 sint
296 2165 430 2200 quinquc3
468 2164 553 2191 ἀίἐὶιιε
572 2173 586 2190 a
608 2163 785 2190 Tusculanis:
821 2164 878 2198 post
898 2164 970 2190 diem
985 2164 1087 2189 sextum
1105 2163 1147 2188 Ei-

94 2198 142 2238 dus
162 2198 283 2227 similiter
300 2206 405 2228 vocatus
423 2201 557 2233 Sexatrus,
587 2204 612 2227 et
629 2200 687 2235 post
704 2199 776 2226 diem
796 2199 943 2234 Septimum
962 2199 1144 2232 Septimatrus.

92 2234 133 2260 Suc
146 2233 189 2261 hic
202 2236 273 2270 quod
287 2243 342 2263 erat
355 2237 412 2271 post
426 2237 498 2264 diem
512 2237 635 2272 quintum
650 2236 741 2268 Eidus,
761 2236 956 2268 Quinquatrus.
1018 2231 1092 2265 Quid
1105 2239 1144 2254 ne-

91 2278 154 2305 gant
168 2271 195 2297 hi
208 2274 261 2298 viri
273 2273 390 2307 quinque
404 2273 511 2300 dierunn
523 2274 571 2299 effe
585 2271 765 2305 Quinquatria
775 2288 782 2300 ,
803 2268 866 2293 illud
874 2270 1002 2301 pertinet,
1013 2271 1092 2299 puto,
1111 2264 1145 2290 ad
1158 2268 1194 2292 60

85 2308 197 2341 primam
211 2311 341 2344 originem,
361 2316 384 2335 et
392 2313 572 2344 proprietatem
584 2307 654 2332 verbi
662 2316 671 2332 ,·
707 2313 756 2328 non
769 2307 876 2336 negant,
892 2301 979 2335 plures
991 2299 1045 2325 dies
1057 2305 1086 2324 vt
1101 2299 1145 2325 Sa-

90 2343 241 2376 turnalibus,
255 2345 439 2379 Compitalibus,
451 2347 488 2368 ita
504 2338 712 2374 Quique-teribus,
725 2337 871 2372 procedente
882 2340 988 2368 tempore
1001 2331 1143 2371 adiunfl’os.

90 2377 160 2404 Certe
172 2388 219 2405 non
234 2379 334 2405 uidetur
346 2383 463 2412 ignorare
472 2373 576 2409 potuisti}
590 2372 712 2402 Ouidius,
729 2377 787 2405 quot
798 2370 847 2404 suo
866 2378 923 2395 acuo
937 2368 990 2393 dies
1004 2369 1144 2401 Quinqua-

90 2419 145 2439 trus
158 2420 315 2440 vocarentur.
387 2410 431 2437 Ille
443 2416 522 2436 autem
533 2408 569 2440 lic
582 2407 646 2434 Fast.
655 2414 678 2437 3,
693 2411 742 2437 809
760 2413 848 2431 errans
854 2404 928 2440 forte
939 2406 968 2428 in
982 2405 1091 2429 nominis
1102 2411 1144 2430 ra·

89 2451 167 2479 tione,
181 2448 228 2482 sed
241 2456 287 2472 non
300 2449 327 2471 in
341 2454 437 2471 numero
449 2444 552 2475 dierum,

197 2483 256 2508 Vna
276 2480 330 2506 dieu
350 2479 436 2505 media
455 2478 501 2509 est,
538 2481 564 2504 et
583 2475 650 2502 fiunt
671 2475 740 2502 sacra
761 2474 912 2506 Mineruae,
1086 2490 1100 2501 .

246 2515 417 2550 Nominaque
441 2513 537 2549 (sorte
549 2513 596 2548 leg.
611 2512 731 2538 Nomina
749 2514 833 2546 quae)
865 2519 880 2537 a
900 2509 999 2537 iunffls
1018 2510 1141 2546 quinque

801 2545 895 2573 diebus
915 2545 1024 2573 habent.

193 2586 322 2621 Sanguine
342 2585 426 2620 prima
445 2590 533 2612 vacat:
569 2592 618 2610 nec
636 2583 675 2610 fas
694 2591 853 2610 concurrere
872 2582 963 2615 ferro,

246 2622 346 2654 Causa,
381 2620 455 2656 quod
474 2621 509 2647 cst
527 2619 576 2647 illa
594 2625 654 2646 nata
675 2619 801 2646 Minerua
819 2618 873 2644 die.

197 2657 302 2688 Altera,
337 2663 443 2692 tresque
462 2657 553 2691 super,
591 2655 667 2682 strata
686 2654 854 2683 celebrantur
873 2662 966 2681 arena:

247 2693 353 2720 Ensibus
375 2693 483 2719 exsertis
503 2692 598 2719 bellica
619 2691 686 2717 laeta
707 2691 761 2717 Dea
778 2690 823 2717 est.

93 2729 162 2756 Hinc
175 2730 340 2765 intelligitur,
362 2729 423 2764 quid
432 2727 484 2762 fibi
501 2730 562 2755 velit
575 2728 663 2758 Naso,
684 2736 737 2753 cum
750 2727 824 2762 suum
839 2732 862 2752 et
868 2725 912 2762 sui
919 2725 1022 2761 fratris
1036 2724 1144 2751 natalem

87 2764 127 2799 fic
145 2764 262 2800 describit
287 2765 373 2791 Trist.
381 2774 409 2798 4,
424 2773 460 2797 ιο,
473 2772 497 2796 13
524 2764 595 2790 Haec
614 2762 650 2789 est
665 2763 806 2790 armiferae
824 2762 896 2788 sestis
911 2763 943 2788 de
957 2761 1076 2796 quinque
1089 2760 1143 2786 Mi-

92 2809 198 2833 neruae,
218 2802 294 2832 Quae
307 2800 363 2827 fieri
379 2809 464 2835 pugna
485 2800 569 2834 prima
584 2804 690 2825 cruenta
706 2798 780 2825 solet.

93 2836 188 2863 Ouidii
203 2837 282 2863 Fastis
300 2840 418 2871 praeponi
425 2837 491 2872 solet
504 2835 538 2861 ad
552 2842 570 2861 x
580 2842 587 2861 ι
599 2842 619 2860 ν
638 2834 693 2861 Kal.
708 2835 804 2860 Martii
813 2834 976 2870 adscriptum,
991 2831 1039 2866 eli,
1058 2832 1143 2866 Quin-

93 2872 197 2907 quatria
211 2872 321 2899 Palladis
335 2878 435 2907 captae:
471 2870 567 2898 Deinde
578 2870 612 2896 ad
625 2877 652 2897 Χ.
669 2869 775 2897 Kalend.
789 2870 943 2906 adscriptum
958 2869 1072 2895 Vltimus
1087 2867 1144 2894 dies

92 2908 316 2942 Quinquatruum.
377 2907 450 2943 Quod
466 2907 561 2933 dicitur
581 2906 691 2933 Palladis
704 2906 802 2941 Captae
821 2905 848 2932 de
862 2915 887 2932 eo
900 2905 954 2932 vid.
969 2904 1144 2931 inMineruae

94 2943 113 2970 E
135 2943 232 2972 iuberis.
303 2944 427 2970 Caeterum
441 2943 505 2969 illud
520 2942 666 2975 adficimur,
685 2943 772 2969 ultimo
786 2942 1005 2977 Quinquatruum
1018 2939 1143 2976 diefutffe

127 2979 307 3012 tubilustrium,
319 2979 348 3005 de
377 2989 404 3006 uo
418 2979 463 3006 s.l.

94 3014 267 3041 indicabimus.
340 3015 356 3041 Ρ
369 3021 421 3042 aut.
440 3014 499 3041 Mil.
513 3023 536 3047 3,
555 3023 574 3045 t,
593 3019 624 3046 98
661 3015 715 3046 Da,
746 3014 819 3049 quod
846 3014 906 3040 dem
925 3012 1142 3047 Quinquatribus

96 3049 310 3081 Praecantatrici,
335 3051 507 3083 conicetrici,
534 3049 667 3084 hariolae,
686 3056 767 3084 atque
786 3050 929 3084 aruspicae.
1004 3049 1076 3075 Forte
1097 3048 1142 3074 hoc

97 3094 172 3121 genus
190 3087 385 3113 muliercularum
403 3089 429 3112 in
443 3087 575 3113 [Mineruae
592 3087 670 3112 tutela
683 3084 726 3119 effe
739 3085 824 3112 videri
835 3086 947 3117 uolebat,
971 3091 1001 3111 vt
1015 3084 1145 3111 Minerua!

93 3119 218 3155 postulare
229 3120 311 3156 poffet.
382 3123 451 3149 Certe
463 3121 620 3155 Medicosfic:
634 3122 680 3148 allo
698 3124 767 3148 uitur
780 3121 912 3154 Ouidius,
932 3120 961 3147 de
975 3121 1142 3155 Quinquatri-

96 3156 142 3182 bus
155 3165 170 3183 a
189 3165 230 3182 ens
244 3157 287 3183 l.c.
302 3156 395 3190 Fast.3,
407 3164 456 3192 827
481 3159 534 3184 Vos
548 3167 655 3192 quoque
666 3131 702 3184 Pb

95 3198 135 3223 te,
184 3199 264 3218 unera
280 3190 311 3218 de
325 3193 415 3220 vestris
434 3202 514 3229 pauca
532 3194 629 3220 referte
644 3194 724 3221 Deae.
826 3193 961 3229 Subiungit
974 3193 1060 3225 Poeta,
1098 3191 1144 3217 uod

95 3227 130 3253 ad
148 3229 277 3268 literarum
292 3227 418 3268 magistros
425 3232 545 3265 pertinet,
583 3229 639 3256 Nec
657 3238 705 3256 vos
724 3228 814 3262 turba,
832 3229 896 3261 feri,
916 3229 993 3255 censu
1012 3227 1071 3255 frau
1091 3234 1142 3259 ata,

97 3262 233 3303 Magistri,
253 3265 378 3296 apernite.
445 3265 595 3300 Discipulos
614 3265 722 3292 attrahit
742 3265 788 3292 illa
807 3274 902 3291 notior.
937 3268 955 3290 i.
977 3264 1026 3290 Vos
1043 3263 1101 3299 feri
1118 3269 1143 3290 et

95 3302 178 3333 aJperi
189 3300 304 3334 magistri
315 3298 422 3326 ludorum
435 3302 612 3334 literatiorum,
630 3304 672 3337 qul
684 3301 755 3336 censu
760 3301 835 3336 saepe
848 3310 863 3327 a
873 3303 962 3336 pueris
969 3299 1143 3336 fraudamini,

97 3335 225 3361 Miner-uod
236 3344 263 3359 ιη
277 3343 350 3360 rxuccs
362 3336 557 3370 impendentibus,
575 3347 605 3363 ne
612 3338 725 3373 spernite
730 3336 800 3373 festo
806 3337 853 3374 suo
866 3338 1009 3364 Mineruam
1018 3354 1026 3367 ,
1040 3335 1087 3371 sed
1093 3334 1143 3368 sti·
1156 3347 1193 3371 90
1208 3339 1288 3365 essent
1325 3337 1385 3363 Liu.
1393 3346 1415 3369 3,
1428 3345 1467 3369 30.

95 3377 151 3406 pem
163 3370 200 3395 illi
213 3369 270 3395 date
283 3370 382 3409 publice
394 3377 438 3396 ete.
507 3375 628 3408 Apprime
644 3373 691 3399 huc
705 3373 819 3399 laudauit
836 3371 951 3405 Heinsius
978 3371 1099 3398 Tertull.
1111 3371 1143 3398 de

97 3405 196 3446 Idolol-
211 3414 233 3439 p.
242 3414 285 3438 43¹
321 3407 388 3438 Qus
400 3405 585 3446 ludimagister,
604 3408 622 3434 fi
634 3417 689 3435 non
702 3408 832 3435 tabularia
846 3408 991 3439 idolorum,
1005 3407 1143 3440 Quinqua-

100 3448 152 3468 trla
166 3448 252 3467 tamen
267 3440 465 3475 frequentabit}
497 3444 581 3478 Ipsam
593 3445 706 3478 primam
717 3444 784 3471 noui
799 3444 920 3478 discipuli
937 3444 1028 3477 stipem
1043 3443 1143 3470 Miner-

97 3485 146 3503 vae
168 3482 194 3503 et
210 3476 307 3503 honori
326 3484 350 3503 et
370 3476 474 3503 nomini
486 3480 613 3506 consecrat
632 3487 678 3507 etc.
732 3479 800 3507 Add.
815 3480 910 3506 Horat.
924 3479 1002 3514 Epist.
1011 3487 1035 3509 2,
1054 3486 1079 3509 2,
1099 3481 1145 3511 196

98 3513 165 3540 Puer
183 3518 211 3539 vt
229 3512 301 3539 festis
317 3512 526 3546 Quinquatribus
545 3515 611 3542 olim
635 3516 738 3550 Exiguo
757 3522 885 3551 gratoque
905 3515 1003 3542 fruaris
1022 3520 1142 3549 tempore
1160 3522 1192 3549 95
1207 3516 1471 3551 Quinquepertitam.

98 3547 204 3589 raptim.
312 3550 396 3576 Feriae
410 3555 492 3588 nempe
505 3557 573 3577 erant
586 3551 764 3588 scholasticae,
787 3555 815 3578 in
835 3561 938 3587 quarum
955 3552 1034 3578 Iocum
1053 3550 1144 3586 Grego-

100 3593 175 3610 riana
194 3583 321 3611 celebratio
335 3583 468 3620 fiecceſjtjfl·
486 3584 590 3612 videtur.
642 3588 806 3619 quenal.10‚
822 3596 858 3619 115

206 3619 349 3660 Eloquium
373 3627 418 3647 aut
441 3620 540 3660 faunam¹
562 3621 742 3650 Demosthenis
765 3630 809 3650 aut
832 3622 972 3650 Ciceronis

205 3655 303 3694 Incipit
324 3662 426 3691 optare,
445 3662 471 3681 et
491 3662 554 3682 totus
571 3658 781 3693 Quinquatribus
800 3665 883 3693 optat,

203 3691 331 3725 Quisquis
347 3691 431 3718 adhuc
451 3700 505 3718 vno
523 3697 622 3726 partam
639 3695 703 3721 colit
722 3696 771 3722 asse
793 3696 952 3725 Mineruam,

205 3727 292 3759 Quem
311 3728 428 3761 sequitur
446 3728 529 3754 custos
551 3729 668 3762 angustae
687 3730 797 3757 vernula
817 3731 916 3765 capsae.

100 3758 230 3795 Eleganter
282 3762 337 3803 Cic.
350 3764 464 3803 Faunae,
478 3772 507 3795 23
516 3770 558 3798 pr.
591 3764 798 3800 Quinquatribus
824 3765 959 3800 frequenti
977 3764 1073 3791 Senatu
1091 3771 1148 3789 cau-

103 3794 156 3820 sam
170 3799 239 3823 tuam
253 3806 306 3831 egi,
324 3807 377 3825 non
397 3800 481 3826 inuita
496 3800 626 3826 Minerua.
693 3803 798 3828 Etenim
813 3811 847 3829 eo
859 3802 915 3836 ipso
929 3801 974 3827 die
984 3801 1090 3827 Senatus
1104 3798 1148 3824 de-

101 3830 251 3893 ἶὲἓῑτὶέξῦῐνῑ
263 3833 385 3861 Minerua
397 3835 495 3867 nostra,
516 3835 609 3861 Custos
622 3835 703 3866 vrbis,
722 3847 799 3871 quam
813 3838 893 3864 turbo
907 3837 1052 3866 deiecerat,
1073 3834 1146 3862 resti-

1170 670 1181 677 -
1198 660 1277 687 niunt
1290 658 1322 685 ad
1336 658 1428 685 aedem
1442 660 1590 685 Mineruae.

799 842 1186 880 QVINQVATRIAE,20

1162 2099 1191 2126 ⁵5

1155 2445 1188 2476 65
1208 2448 1234 2472 2,
1249 2447 1290 2473 57.
1327 2441 1354 2464 in
1368 2439 1531 2474 descriptione
1543 2441 1617 2466 auari
1629 2437 1775 2474 [sordidi.

1154 2631 1191 2660 70
1206 2620 1289 2646 riatus
1304 2618 1355 2652 cst,
1374 2625 1421 2645 etc.

838 2800 869 2825 In
885 2797 1061 2827 Kalendario,
1079 2795 1145 2831 quod
1162 2807 1195 2836 73

1153 3708 1202 3729 100

341 3870 448 3897 Sueten.
462 3871 567 3906 August.
577 3880 597 3897 c.
606 3879 640 3906 72
676 3871 743 3906 Nos,
760 3874 800 3901 mi
817 3874 930 3907 Tiberi,
962 3872 1199 3917 Quisuquuatrusm⁵
1212 3874 1320 3911 vilegus
1338 3882 1445 3904 eorum,
1462 3878 1509 3906 qui
1531 3871 1561 3897 in
1580 3871 1653 3899 sacro
1676 3870 1777 3906 palatio
1802 3869 1936 3903 milita-nt,

1551 157 1672 184 Lusimus
1686 157 1757 182 enim
1771 164 1818 189 per
1831 164 1924 182 omnes
1938 157 1993 183 dics
2006 164 2050 184 etc.
2153 157 2185 183 Et
2197 156 2254 183 Ne-

1829 193 1858 218 ·it
1879 192 1899 225 (
1911 193 1977 218 Nero
1999 193 2130 227 matrem)
2150 191 2182 219 ad
2203 192 2255 218 sol·

1913 229 1944 253 Ει
1958 228 2104 255 Domitian.
2123 238 2167 259 c.4
2202 228 2254 254 Ce-

2133 264 2192 291 Cic.
2209 265 2254 290 At-

1198 160 1259 187 satis
1273 158 1386 186 iucunde
1397 158 1508 191 egimus.

1198 206 1257 223 ron.
1267 204 1298 229 34
1333 194 1522 221 Iucundissimis
1542 193 1629 220 literis
1641 193 1716 219 Baias
1737 201 1813 217 eu=·:=..÷

1200 232 1298 258 lcnmia
1312 231 1528 264 Quinquatruum
1542 229 1616 255 sixuul
1631 228 1795 255 celebranda.

1201 268 1286 294 lebrat
1300 274 1325 294 et
1344 267 1373 293 in
1392 266 1495 292 Albano
1523 265 1664 299 quotannis
1684 263 1863 297 Quinquatria
1882 262 2026 288 Mineruae.

1164 313 1177 340 ς
1200 304 1278 335 tic.9‚
1292 312 1317 334 13
1355 302 1415 329 Fuit
1429 302 1500 328 enim
1515 301 1603 335 pridie
1616 300 1798 333 Qiinquatrus
1812 297 1917 332 egregia
1936 298 2080 331 tempestas.
2191 300 2254 327 Liu.

1203 341 1241 369 26,
1257 346 1290 372 27
1326 338 1414 365 Noufte
1428 346 1494 371 quae
1509 336 1595 370 pridie
1608 336 1791 369 Quinquatrus
1805 333 1864 360 suit.
1973 334 2028 359 Cic.
2038 333 2142 367 Fama,
2155 344 2177 362 it
2212 337 2254 362 lta

1199 374 1374 402 tumultuosae
1387 373 1538 405 conciones,
1552 372 1589 398 ita
1603 371 1727 397 molestae
1740 370 1923 403 Quinquatrus
1937 367 2123 395 afferebantur.
2193 371 2255 397 Liu.

1199 418 1247 443 44,
1269 418 1300 435 20
1337 409 1428 444 Legati
1446 416 1478 434 ex
1498 407 1654 434 Macedonia
1673 405 1888 440 Quinquatribus
1907 405 2009 431 vltimis
2030 403 2095 430 adeo
2114 406 2256 438 exspebhni

1198 452 1340 477 venerunt,
1377 449 1396 472 i.
1416 445 1504 471 vltimo
1516 444 1556 469 die
1570 446 1780 479 Quinquatruum.
2001 437 2022 476 ff
2043 447 2055 465 2
2094 441 2171 465 Erant
2183 446 2258 468 etiam

1199 481 1383 514 Quinquatrus
1397 481 1524 511 minores,
1545 479 1573 505 dc
1585 480 1673 514 quibus
1684 478 1770 504 dedita
1788 482 1861 511 opera
1877 481 1902 501 et
1915 476 2009 510 copiose
2064 475 2144 501 Ouid.
2158 476 2259 510 fastus,

1201 520 1245 549 65¹
1281 517 1312 542 Et
1325 517 1377 542 iam
1392 517 1573 550 Quinquatrus
1590 515 1687 541 iubeor
1699 521 1806 540 narrare
1821 512 1947 537 minores-
1985 511 2064 537 Nunc
2083 511 2144 536 ades
2162 520 2179 537 o
2191 513 2258 539 Coe-

1199 553 1268 587 ptis‚
1303 552 1369 577 flaua
1388 554 1510 578 Minerua
1532 551 1608 577 meis.
1767 549 1882 575 Breuitcr
1919 547 2007 572 Varro
2038 546 2070 572 de
2089 546 2118 573 L.
2139 546 2168 572 L.
2189 556 2218 579 ς,
2244 557 2256 580 3

1199 596 1280 622 p.74,
1295 595 1331 620 24
1368 588 1549 622 Quinquatrus
1565 584 1727 612 minusculae
1741 583 1828 610 dietae
1842 582 1933 608 Iuniae
1946 581 2025 608 Eidus
2039 581 2071 608 ab
2085 581 2259 610 similitudine

1199 624 1340 653 maiorum,
1365 624 1434 655 quod
1457 623 1582 650 tibicines
1603 627 1661 648 tum
1674 620 1766 646 feriati
1788 627 1834 653 per
1848 617 1941 644 vrbem
1955 624 2092 652 vagantur,
2118 624 2144 644 et
2165 627 2260 645 conue-

1684 657 1785 691 Repetit
1806 654 1893 680 Festus
1907 653 1934 678 in
1950 653 2111 680 Minusculae
2124 653 2262 688 Qiinqua-

1576 693 1713 730 Legebatur
1728 693 1785 718 olim
1800 690 1867 725 apud
1892 689 1974 715 Ouid.
1989 690 2049 716 Am.
2064 698 2082 720 1,
2096 694 2119 721 8,
2135 692 2166 722 65
2183 696 2207 716 et
2219 691 2262 716 ho.

1201 702 1266 722 trus.
1485 693 1505 731 Ἴ
1529 703 1538 726 3
2138 724 2186 754 scd
2203 727 2263 752 Olim

1198 731 1238 758 die
1255 732 1357 766 legitur,
1394 729 1452 755 Nec
1466 734 1490 755 te
1512 730 1645 764 decipiant
1661 733 1764 754 veteres
1780 724 1977 759 Quinquatria:
1994 733 2076 751 cerae.

1199 766 1320 794 viderunt
1334 763 1404 791 dofli
1417 765 1535 797 hominu,
1552 764 1679 806 legendum
1695 763 1764 790 circa
1778 763 1845 789 atria
1854 781 1862 793 ‚
1886 760 1951 796 quod
1964 764 2056 786 vitium
2070 761 2129 786 olim
2141 764 2210 787 inter
2222 761 2262 787 di-

1198 801 1318 829 flandum
1325 803 1410 836 primo
1422 808 1511 831 ortum,
1530 799 1715 835 Quirquatria,
1730 798 1810 835 sacili
1825 796 1910 823 deinde
1928 797 1997 832 lapsu
2010 796 2044 822 ad
2055 796 2245 830 Quinquatria.

1237 844 1287 877 ἦν
1299 845 1307 863 1
1320 844 1342 863 N
1352 842 1401 875 qv
1411 842 1437 862 E.
1472 837 1485 870 [
1498 838 1566 862 πέντε
1580 840 1589 869 ]
1628 839 1722 863 Nomen
1737 835 1867 860 numerale.
1941 833 2053 859 Formae
2090 832 2146 858 Cic.
2158 831 2189 858 de
2197 833 2262 862 Nat.

1202 875 1283 901 Deor.
1300 882 1309 899 1
1333 882 1355 899 c.
1370 878 1391 902 8.
1499 872 1626 905 Quinque
1649 876 1739 898 tenent
1753 870 1853 897 caelum
1870 876 1953 894 zonae
1990 868 2087 902 Virgil.
2102 868 2200 902 Georg.
2211 877 2231 901 1,
2241 877 2263 901 3.

1204 910 1331 943 Quinque
1345 913 1386 934 ter
1400 907 1529 941 implebat
1543 907 1627 939 vlnas,
1648 907 1794 942 Quindecim
1830 903 1912 932 Ouid.
1924 904 2083 938 Met.8,742.
2177 905 2265 938 Quin-

1202 955 1254 980 que
1268 945 1364 980 pedum
1377 943 1518 977 vtae-apio,
1546 943 1701 969 Prouerbiali
1719 944 1787 968 velut
1806 944 1859 967 ioco
1882 938 1916 972 cst
1972 940 2030 966 Cic.
2043 941 2074 966 de
2086 939 2179 974 Legib.
2197 949 2217 969 ι,
2235 948 2264 972 55

1204 984 1239 1009 Ex
1255 981 1303 1008 hae
1316 989 1370 1007 non
1384 988 1485 1011 rerum⁷
1508 979 1551 1005 sed
1565 978 1709 1005 verborum
1724 977 1856 1004 discordia
1871 975 2050 1002 controuersia
2065 982 2123 1002 nata
2137 976 2173 1002 est
2187 975 2221 1002 de
2234 975 2266 1002 fi.

1204 1018 1292 1050 nibus,
1318 1017 1348 1042 in
1360 1024 1412 1050 qua
1432 1016 1579 1048 (quoniam
1595 1015 1783 1048 vsucapionem
1793 1033 1801 1046 ,
1821 1019 1866 1039 x11
1886 1011 1991 1038 tabulae
2005 1012 2075 1038 intra
2090 1012 2210 1046 quinque
2223 1020 2268 1046 pe-

1206 1054 1250 1080 des
1272 1053 1321 1079 csse
1340 1052 1502 1082 noluerunt)
1529 1051 1631 1084 depasci
1651 1055 1771 1075 veterem
1791 1047 1968 1082 possessionem
1981 1047 2141 1074 Academiae
2157 1048 2193 1074 ab
2213 1047 2266 1074 hoc

1205 1095 1282 1117 acuto
1297 1088 1407 1115 homine
1420 1095 1474 1112 non
1488 1087 1617 1118 sinemus,
1638 1093 1685 1111 nec
1701 1084 1812 1110 Manilia
1832 1083 1887 1117 lege
1904 1083 2015 1117 singuli,
2035 1083 2078 1109 sed
2093 1089 2118 1110 et
2133 1083 2191 1116 his,
2213 1089 2268 1110 tres

1204 1125 1302 1153 arbitri
1321 1123 1386 1149 fines
1404 1131 1535 1156 regemus.
1617 1122 1678 1147 Eum
1695 1122 1773 1147 locum
1785 1118 1826 1153 Jic
1843 1120 1951 1154 explicat
1974 1120 2144 1145 Hotomanus:
2185 1120 2220 1146 Vt
2238 1123 2267 1146 in

1202 1159 1370 1194 controuersia
1385 1162 1526 1185 vicinorum
1541 1157 1569 1184 de
1579 1155 1696 1192 finibus,
1722 1157 1826 1182 termini
1839 1157 2020 1190 requiruntur,
2049 1155 2136 1190 quibus
2150 1158 2269 1190 repertis,

1203 1201 1311 1234 quinque
1330 1205 1362 1232 qu
1396 1204 1427 1220 ua
1445 1194 1532 1230 versus
1547 1193 1624 1229 pedes
1643 1191 1812 1227 definiuntur,
1835 1194 1878 1225 qui
1896 1194 2010 1225 quamuis
2027 1191 2101 1225 longo
2114 1197 2221 1225 tempore
2237 1191 2269 1217 ab

1202 1235 1326 1261 alterutro
1337 1238 1380 1267 ,pov
1393 1229 1434 1265 effi
1448 1229 1521 1264 sint,
1539 1229 1637 1265 finibus
1651 1234 1733 1255 tamen
1754 1225 1902 1254 dirimendis
1915 1226 2089 1261 restruantur:
2119 1226 2159 1260 Jic
2171 1230 2198 1252 in
2211 1236 2269 1253 con-

1203 1267 1325 1302 trouerfia
1337 1268 1366 1293 de
1378 1266 1477 1302 finibus
1489 1266 1605 1292 bonorum
1621 1272 1644 1290 et
1656 1265 1791 1297 malorum,
1809 1272 1869 1298 quae
1879 1261 2040 1297 philofhphos
2054 1269 2165 1294 exercet,
2184 1266 2271 1288 termi-

1203 1307 1232 1331 ni
1247 1304 1411 1331 Academicae
1424 1302 1574 1338 disciplinae
1586 1310 1601 1327 a
1615 1301 1715 1328 Socrate
1725 1299 1812 1335 positi,
1813 1295 2018 1360 dperuestrgandi
2024 1297 2098 1334 fient,
2117 1298 2272 1325 eeAnnocht

1203 1342 1355 1377 arrogantia
1369 1338 1438 1365 illius
1449 1339 1557 1374 gloriam
1569 1336 1723 1372 depost-entis
1738 1344 1811 1371 regen
1830 1344 1845 1360 a
1858 1341 1882 1359 et
1894 1333 2027 1360 coercenda
2039 1332 2082 1365 est.
2126 1334 2177 1359 Lex
2190 1341 2272 1360 autem

1098 1375 1140 1401 Sic
1159 1385 1187 1412 35
1205 1377 1325 1404 Mamilia
1343 1378 1443 1402 unicum
1463 1374 1537 1409 adigi
1555 1373 1681 1400 arbitrum
1694 1372 1791 1397 volebat
1801 1369 1901 1404 finibus
1921 1377 2039 1403 agrorum
2057 1368 2193 1404 regundis:
2221 1368 2272 1406 sed

1222 1422 1276 1438 uum
1296 1418 1348 1437 tres
1361 1417 1414 1436 tum
1429 1407 1518 1442 essent,
1538 1409 1626 1444 facete
1638 1407 1738 1438 intulit,
1776 1405 1833 1431 Nec
1848 1404 1961 1430 Manilia
1974 1404 2033 1437 lege
2047 1403 2155 1438 singuli:
2176 1404 2219 1430 scd
2235 1412 2270 1431 ex

1204 1422 1249 1474 liiis
1270 1453 1321 1472 tres
1345 1445 1443 1472 arbitri
1472 1444 1535 1470 sines
1560 1451 1690 1477 regemus.
1831 1441 1954 1472 Aggenns
1970 1439 2084 1465 Vrbicus
2110 1448 2135 1472 p.
2149 1448 2176 1471 53
2197 1439 2270 1476 Goefi

1206 1483 1246 1509 De
1265 1481 1318 1508 fine
1338 1482 1411 1507 enim
1432 1480 1474 1506 lex
1487 1479 1609 1505 Mamilia
1630 1478 1750 1511 quinque
1768 1481 1813 1501 aut
1829 1476 1872 1500 sex
1897 1473 1994 1508 pedum
2009 1473 2179 1501 latitudinem
2197 1483 2274 1509 prae.

1206 1517 1315 1548 scribit,
1353 1516 1483 1549 quoniam
1506 1514 1572 1540 hanc
1588 1512 1758 1539 latitudinem
1779 1510 1822 1537 vel
1843 1510 1895 1536 iter
1914 1510 1946 1536 ad
1962 1509 2078 1537 culturas
2090 1510 2214 1537 accedens
2225 1519 2271 1537 oc-

761 1555 811 1582 csse
825 1554 1050 1587 supplementum:
1075 1551 1140 1577 ficut
1152 1565 1190 1589 40
1205 1557 1299 1586 cupat,
1340 1551 1384 1577 vel
1400 1549 1576 1576 circumactus
1595 1548 1680 1575 aratri.
1702 1546 1774 1581 quod
1796 1545 1903 1580 vsucapi
1927 1554 1982 1572 non
2001 1545 2094 1580 potest.
2142 1546 2202 1573 add.
2222 1546 2240 1572 l.
2253 1555 2274 1581 4

1206 1587 1324 1659 enge-1
1340 1627 1364 1647 N
1381 1626 1440 1660 qv
1455 1626 1471 1646 E
1489 1625 1506 1646 F
1519 1625 1542 1647 ο
1558 1626 1574 1645 L
1590 1626 1600 1645 1
1614 1625 1661 1646 ΑΕ
1679 1617 1787 1645 Herbae
1802 1617 1877 1644 radix
1914 1616 2036 1644 Scribon.
2056 1625 2093 1651 53.
2189 1618 2274 1645 Rosae

1206 1659 1273 1686 Plin.
1290 1666 1335 1690 zu,
1358 1665 1386 1689 4.

1242 1700 1292 1733 “xv
1305 1700 1312 1719 i
1325 1699 1347 1718 N
1359 1698 1411 1731 qv
1423 1698 1439 1718 E
1449 1698 1465 1718 F
1475 1698 1494 1718 0
1504 1697 1521 1717 L
1531 1698 1571 1718 iv
1581 1697 1618 1722 Μ,
1637 1689 1657 1716 i.
1678 1699 1706 1717 n.
1742 1688 1965 1724 [πεντάφυλλην]

1600 1725 1719 1759 1’1in.25,
1734 1729 1751 1752 6
1788 1725 1872 1752 Foliis
1892 1733 1939 1760 per
1952 1724 2094 1752 interualla
2113 1725 2274 1759 quinquefo-

1212 1766 1251 1797 lii,
1272 1771 1317 1792 aut
1330 1764 1465 1796 cannabis,
1475 1772 1521 1798 per
1534 1762 1667 1790 ambitum
1682 1762 1769 1789 incisis
1784 1761 2015 1796 quinquepartito,
2111 1760 2173 1793 1d.9
2186 1761 2275 1794 Quin-

1209 1801 1361 1836 quefolium
1374 1800 1444 1826 nulli
1458 1800 1579 1834 ignotum
1594 1798 1647 1831 est,
1673 1807 1756 1833 quum
1769 1799 1851 1824 etiam
1872 1798 1945 1832 fraga
1960 1796 2094 1832 gignendo
2108 1798 2276 1824 commende-

1207 1845 1258 1865 tur.
1316 1837 1413 1863 Graeci
1426 1842 1522 1862 vocant
1537 1841 1705 1870 pentapetes,
1722 1834 1775 1861 siue
1789 1833 1987 1867 chamaezelon,
2007 1833 2060 1859 siue
2075 1833 2275 1867 pentaphyllon.

1206 1875 1297 1907 Quum
1319 1872 1463 1905 effoditur,
1484 1871 1593 1898 rubram
1608 1870 1687 1898 habet
1700 1871 1828 1898 radicem.
1885 1871 1957 1896 Haec
1976 1869 2123 1896 inarescens
2142 1869 2277 1904 nigrescit,

1479 1908 1587 1935 Nomen
1601 1916 1616 1934 a
1632 1916 1747 1934 numero
1760 1907 1891 1934 foliorum
1906 1905 2000 1932 habet:
2027 1911 2055 1932 et
2067 1905 2121 1939 ipsa
2135 1904 2217 1932 herba
2234 1906 2277 1933 in-

1207 1947 1273 1982 cipit
1286 1952 1312 1973 et
1328 1944 1422 1972 desinit
1437 1953 1496 1971 cum
1519 1944 1585 1970 vite.
1623 1943 1682 1970 add.
1695 1943 1733 1970 Id.
1743 1951 1807 1975 c.13.
1865 1942 1948 1968 Marc.
1963 1941 2065 1976 Empir.
2079 1950 2100 1967 c.
2110 1950 2144 1969 η’.

1243 1990 1295 2024 qv
1304 1990 1314 2010 1
1323 1988 1345 2008 N
1357 1988 1408 2022 qv
1416 1988 1432 2009 E
1441 1989 1457 2008 L
1467 1988 1475 2006 1
1486 1987 1502 2008 Β
1511 1985 1530 2008 R
1541 1982 1564 2008 Ᾱ
1574 1987 1589 2007 L
1598 1986 1608 2006 1
1622 1986 1678 2012 s‚e.
1686 1979 1748 2005 Adi.
1757 1977 1977 2012 [πεπαλιτραῖος]
1986 1976 2069 2003 Pontio
2083 1980 2190 2012 quinque
2200 1976 2276 2003 libra·

1207 2030 1271 2048 rum.
1326 2018 1458 2045 Columel.
1477 2026 1500 2049 3,
1521 2026 1545 2050 ις
1569 2015 1709 2050 Dispositis
1723 2014 1856 2049 lapidibus
1869 2013 1972 2047 paucis,
1992 2013 2039 2045 qui
2053 2011 2150 2045 singuli
2163 2020 2219 2038 non
2232 2020 2276 2038 ex-

1210 2056 1304 2083 cedant
1320 2053 1538 2089 quinquelibrale
1554 2053 1667 2086 pondus.
1793 2083 1798 2087 η
1853 2082 1859 2086 Ι

1245 2098 1299 2131 Qv
1313 2098 1322 2116 1
1334 2098 1356 2117 N
1365 2097 1414 2129 qv
1423 2097 1439 2116 E
1450 2097 1465 2116 L
1476 2096 1484 2114 1
1495 2095 1510 2115 Β
1521 2096 1538 2114 u
1550 2095 1557 2112 1
1569 2096 1582 2114 s
1604 2093 1693 2120 patera
1730 2083 1835 2116 Vopisc.
1851 2090 1880 2107 in
1893 2080 1982 2108 Probo
2003 2090 2023 2107 c.
2033 2088 2056 2114 ς.

1247 2133 1298 2165 Qv
1309 2133 1318 2151 1
1330 2132 1351 2152 N
1364 2132 1415 2161 (ὲν
1425 2131 1442 2150 E
1452 2131 1475 2148 M
1488 2130 1503 2148 F,
1514 2130 1525 2148 s
1536 2128 1556 2146 T
1567 2128 1585 2146 R
1595 2128 1603 2145 t
1614 2128 1626 2146 s
1635 2139 1643 2150 ‚
1662 2128 1685 2144 e.
1707 2117 1767 2144 Adi.
1784 2118 1796 2151 [
1807 2118 2014 2156 nsueoeffimmros]
2051 2117 2165 2152 Quinque
2182 2117 2275 2154 mensss

1209 2168 1304 2187 natum.
1349 2161 1436 2184 Varro
1445 2157 1476 2182 dc
1485 2156 1615 2188 R.R.2,7
1650 2151 1919 2186 Quinquemestribus
1932 2151 2011 2186 pullis
2025 2151 2202 2186 fafiis,quum
2217 2154 2276 2180 red-

1210 2195 1264 2221 ac'ti
1279 2195 1337 2219 sunt
1359 2195 1387 2218 in
1403 2192 1544 2222 stabulum,
1564 2188 1760 2219 obiiciendum,
1779 2195 1825 2214 etc.
1935 2186 2001 2212 Ptin.
2017 2192 2040 2219 8,
2054 2194 2087 2222 48
2104 2195 2171 2215 extr.
2223 2190 2276 2217 Ca-

1211 2229 1288 2255 strari
1303 2237 1385 2262 agnos
1399 2226 1447 2252 nisi
1462 2224 1700 2259 quinquemestres,
1723 2228 1922 2257 praematurum
1935 2222 2095 2250 existimant.

1247 2269 1316 2300 QVI
1327 2270 1348 2288 N
1358 2268 1406 2299 Qv
1415 2268 1432 2287 E
1443 2267 1463 2285 N
1474 2267 1495 2284 Ν
1507 2266 1514 2284 1
1526 2267 1549 2288 s,
1558 2268 1580 2284 e.
1600 2258 1662 2284 Adi.
1683 2257 1853 2292 [πενταετὴς]
1868 2259 1984 2293 Qcinque
1995 2268 2073 2285 annos
2086 2265 2167 2286 viatus.
2192 2261 2276 2288 Plaut.

1208 2299 1287 2324 Poen.
1303 2297 1370 2330 prol.
1387 2301 1415 2328 8)-
1451 2295 1524 2321 Duae
1545 2294 1620 2321 fuere
1640 2293 1726 2326 filiae,
1752 2294 1834 2320 altera
1856 2294 2050 2328 quinquennis,
2082 2295 2165 2322 altera
2187 2302 2276 2323 autem

1210 2331 1388 2365 quadrimula.
1496 2329 1668 2365 Columel.7‚
1681 2332 1698 2356 6
1735 2330 1823 2364 Caper
1845 2329 2027 2364 quinquennis
2045 2340 2138 2365 parum
2153 2331 2274 2360 idoneus.

1208 2367 1290 2394 Ouid.
1304 2376 1335 2393 ex
1351 2368 1436 2394 Ponto
1451 2375 1479 2399 4,
1494 2370 1519 2399 6,
1534 2375 1547 2399 5
1582 2367 1614 2392 In
1631 2365 1736 2398 Scythia
1757 2365 1836 2392 nobis
1856 2366 2036 2400 quinquennis
2056 2367 2194 2402 Olympias
2213 2368 2272 2396 abia

1208 2403 1253 2430 est.
1362 2403 1555 2436 Quinquennes
1569 2402 1641 2429 olcas
1660 2402 1713 2431 cst,
1735 2407 1761 2427 et
1779 2401 1904 2428 siluestria
1927 2411 2008 2428 corna
2045 2404 2141 2430 Horat.
2162 2404 2245 2431 Serm.
2259 2413 2276 2431 2

1892 2437 1994 2465 Vinum
2013 2439 2184 2473 quinquenne
2219 2441 2277 2468 Ho-

2015 1688 2115 1722 Herba,
2134 1698 2151 1715 a
2171 1699 2272 1716 numero

1207 2481 1258 2503 rat.
1273 2475 1356 2501 Serm.
1367 2484 1389 2508 2,
1410 2479 1434 2507 8,
1448 2483 1491 2509 47.

1244 2517 1295 2550 qv
1304 2518 1313 2537 1
1323 2518 1345 2537 N
1355 2517 1406 2550 Qv
1418 2517 1434 2536 F.
1444 2517 1465 2536 N
1479 2517 1501 2536 N
1511 2511 1531 2536 Ᾰ
1540 2517 1554 2536 L
1564 2518 1573 2537 1
1583 2517 1607 2543 s,
1616 2519 1639 2536 e.
1661 2509 1720 2536 Adi.
1733 2509 1747 2544 [
1753 2508 1936 2544 πεντετηρικᾶς]
1954 2509 2191 2548 Qodfitfingulis
2202 2515 2276 2548 quin-

1204 2556 1249 2582 que
1263 2551 1347 2573 annis.
1403 2546 1459 2572 Cic.
1474 2545 1506 2572 de
1520 2546 1626 2578 Orat.3,
1642 2553 1682 2579 125
1703 2555 1724 2572 c.
1734 2553 1761 2577 32
1799 2546 1835 2571 Ex
1855 2546 1954 2579 quibus
1968 2546 2043 2572 Eleus
2061 2547 2182 2581 Hippias,
2191 2557 2274 2582 quum

1205 2583 1361 2617 Olympiam
1373 2582 1494 2615 venisset,
1507 2582 1624 2609 maxima
1636 2582 1682 2608 illa
1696 2581 1890 2615 quinquennali
1909 2581 2062 2609 celebritate
2078 2582 2202 2610 ludorum
2218 2584 2275 2619 glo-

1542 2618 1761 2652 Quinquennales
1787 2618 1891 2652 Agones
1928 2617 1996 2645 Plin.
2015 2618 2095 2653 Epist.
2112 2628 2154 2650 10,
2175 2627 2224 2654 79,
2253 2628 2275 2647 ε.

1207 2654 1410 2689 (Quinquennali
1424 2653 1514 2680 Exilio
1529 2654 1639 2681 multari
1680 2652 1812 2687 anetil.
1828 2661 1856 2687 7,
1872 2662 1890 2685 4
1904 2661 1970 2680 extr.
2078 2655 2271 2689 Qinqtienna.

1207 2692 1245 2718 les
1260 2690 1329 2717 Ludi
1366 2690 1432 2717 Plin.
1441 2699 1467 2722 4,
1482 2698 1503 2722 ς.
1557 2689 1628 2716 Flor.
1643 2698 1666 2722 2,
1686 2697 1713 2724 7,
1728 2698 1761 2720 ω.
1870 2689 2082 2723 Quinquennalis
2096 2691 2277 2725 Magistratus,

1208 2727 1263 2761 Qui
1283 2727 1403 2761 quinque
1422 2726 1496 2752 anuis
1517 2725 1652 2752 coutinuis
1668 2726 1774 2760 geritur
1811 2724 1872 2750 Liu.
1889 2735 1917 2758 4,
1931 2734 1976 2758 24.
2082 2727 2275 2761 Quinquenna.

1208 2764 1245 2791 les
1260 2763 1420 2793 Duumuiri,
1450 2763 1491 2788 vel
1508 2761 1725 2796 Quinquennalcs
1742 2760 1904 2795 simpliciter,
1925 2765 1951 2787 in
1971 2766 2135 2789 monumentis
2154 2764 2275 2790 dicuntur

1207 2799 1323 2835 Censores
1336 2799 1501 2825 Coloniarum.
1537 2800 1575 2824 De
1587 2801 1668 2824 numis
1680 2797 1733 2824 vid.
1748 2797 1876 2832 Spanhem.
1891 2796 1993 2830 Diffi’rt.
2010 2806 2041 2823 10
2060 2806 2085 2831 p.
2101 2807 2147 2826 102
2162 2800 2213 2833 seq.
2235 2802 2274 2826 De

1205 2834 1413 2872 inscriptionibus
1421 2833 1498 2860 Index
1508 2834 1673 2860 Gruterianus
1686 2837 1797 2869 quintus.
1869 2833 1972 2867 Apulei.
1985 2834 2049 2859 Met.
2059 2842 2082 2859 ιι
2105 2842 2171 2860 extr.
2181 2835 2209 2861 de
2219 2834 2274 2869 Ost·

1207 2871 1273 2903 ride,
1309 2872 1339 2897 In
1354 2870 1496 2904 collegium
1511 2878 1553 2896 me
1562 2869 1788 2904 Pastophororuun
1803 2869 2014 2901 suorum,immo
2029 2869 2100 2896 inter
2113 2870 2183 2905 ipsos
2196 2869 2273 2897 decu-

1209 2909 1319 2935 rionum
1337 2906 1549 2941 quinquennales
1563 2906 1654 2939 elegit.
1764 2905 1887 2939 Tempus
1901 2905 2100 2939 quinquennale
2138 2907 2225 2933 Varro
2240 2906 2273 2933 de

1206 2944 1236 2970 L.
1245 2944 1275 2970 L.
1286 2950 1307 2975 ς.
1425 2942 1653 2976 Quinquennalia,
1661 2940 1734 2972 Ludi,
1742 2944 1785 2976 qui
1793 2943 1880 2975 quinto
1894 2950 1985 2976 quoque
1999 2950 2063 2967 anno
2069 2940 2174 2976 fiebant.
2211 2942 2271 2969 Liu.

536 2980 590 3005 Iam
603 2979 698 3014 reliqua
711 2978 824 3010 loca‚vbi
836 2977 988 3013 huius-sacri
1002 2975 1144 3011 mentmfit,
1159 2986 1191 3011 80
1207 2988 1244 3012 31,
1259 2988 1274 3012 9
1312 2978 1398 3004 Vouit
1412 2977 1439 3003 in
1453 2978 1544 3005 eadem
1562 2977 1645 3004 verba
1661 2982 1678 3003 C
1689 2983 1708 3003 O
1719 2984 1740 3002 s.
1759 2983 1901 3010 praeeunte
1914 2977 1983 3003 Max.
1998 2976 2140 3003 Pontifice:
2175 2977 2273 3012 quibus

1206 3022 1267 3042 ante
1282 3014 1491 3049 quinquennalia
1505 3020 1568 3040 vota
1582 3013 1677 3047 suscipi
1696 3012 1774 3039 solita
1787 3021 1874 3039 erant:
1911 3018 2096 3046 praeterquam
2113 3014 2185 3047 quod
2199 3019 2271 3041 tanta

1207 3052 1319 3086 pecunia
1332 3056 1456 3084 quantam
1473 3056 1539 3081 tum,
1557 3058 1638 3083 quuum
1656 3048 1815 3079 solueretur,
1836 3049 1944 3074 Senatus
1959 3049 2103 3074 censuisset.
2183 3049 2273 3082 Quin.

1208 3086 1349 3121 quei-unalia
1368 3085 1497 3120 Augustus
1516 3087 1569 3111 iam
1588 3085 1674 3111 edidit
1709 3084 1889 3113 Aminiamzi,
1906 3093 1923 3109 1.
2042 3084 2067 3110 Ν
2080 3085 2100 3110 Ε
2115 3084 2138 3111 R
2151 3085 2176 3111 0
2190 3085 2216 3111 N
2231 3086 2241 3111 1
2255 3086 2271 3112 S

1208 3124 1270 3157 Qv
1287 3124 1297 3149 1
1314 3122 1341 3149 N
1354 3122 1415 3154 Qv
1430 3123 1449 3148 Ε
1463 3122 1490 3148 N
1505 3122 1531 3148 N
1545 3122 1568 3148 A
1581 3121 1627 3147 LI
1641 3121 1670 3148 B.
1690 3120 1811 3154 inscript.
1831 3119 1938 3146 Gruter.
1957 3128 1983 3154 p.
2000 3121 2049 3150 κισ,
2068 3127 2090 3152 3.
2126 3120 2197 3157 conf.
2211 3114 2271 3148 Sue'-

703 3157 786 3184 oebea
800 3157 910 3184 morbos
931 3157 978 3191 qui
993 3155 1092 3190 pellitis
1105 3165 1144 3182 ar·
1161 3162 1190 3192 ες
1208 3166 1264 3186 ton,
1275 3159 1343 3186 Ner.
1369 3166 1390 3183 c.
1404 3166 1440 3184 12.

1246 3201 1302 3232 qv
1314 3201 1323 3220 1
1334 3199 1356 3218 N
1366 3199 1417 3231 ἦν
1426 3200 1443 3220 Ε
1454 3199 1474 3219 N
1485 3200 1507 3220 Ν
1517 3199 1525 3218 1
1536 3199 1557 3219 v
1568 3198 1606 3225 M,
1619 3191 1638 3218 i.
1660 3200 1687 3218 n.
1730 3190 1744 3224 [
1755 3191 1884 3216 πενταετία
1897 3193 1908 3224 ]
1948 3189 2062 3226 Spatium
2073 3193 2179 3226 quinque
2192 3201 2271 3218 amm-

1206 3241 1271 3258 rum.
1343 3229 1400 3255 Cic.
1415 3228 1448 3255 de
1462 3228 1555 3263 Legib.
1571 3236 1593 3259 3,
1607 3235 1624 3262 7
1644 3236 1687 3260 c.3
1724 3227 1786 3253 Bini
1806 3227 1900 3258 sunto,
1926 3226 2106 3260 magistratum
2123 3227 2273 3262 quinquen-

1208 3267 1283 3293 nium
1308 3265 1434 3292 habento.
1478 3265 1507 3291 de
1531 3263 1684 3300 Censoribus.
1814 3263 2036 3295 Qiinquennium
2060 3263 2271 3297 prorogabamus

1208 3303 1264 3330 Cic.
1279 3301 1359 3328 Attic.
1376 3309 1403 3335 7,
1421 3302 1438 3327 6
1456 3301 1494 3336 sc.
1510 3300 1619 3336 Caesari.
1747 3298 1882 3331 Quoniam
1905 3297 1951 3331 ipsi
1972 3298 2186 3331 quinquennium
2205 3299 2269 3326 clusi

1573 3336 1597 3362 Is
1615 3335 1667 3361 tria
1681 3343 1740 3360 cuum
1755 3334 1872 3367 priunum
1886 3333 1949 3359 fecit
1964 3333 2148 3367 quinquennia
2183 3335 2268 3362 Ouid.

1207 3376 1310 3407 Met.4,
1323 3381 1384 3405 292.
1502 3371 1563 3398 Duo
1575 3371 1775 3405 quinquennia,
1796 3372 1884 3395 Decem
1898 3371 1960 3394 anni
1998 3368 2037 3395 Id.
2047 3369 2114 3396 ibid.
2124 3379 2159 3401 12,
2174 3376 2232 3404 584.

1244 3417 1296 3446 Qv
1306 3416 1313 3434 1
1324 3416 1347 3435 N
1359 3415 1407 3447 qv
1420 3413 1436 3434 Ε
1446 3414 1462 3433 P
1471 3414 1493 3434 Α
1502 3414 1519 3433 n
1530 3414 1550 3432 T
1561 3409 1574 3433 1'
1584 3413 1605 3433 T
1616 3414 1666 3438 vs,
1679 3416 1702 3437 a,
1717 3415 1773 3431 um.
1796 3405 1856 3431 Adi.
1900 3404 2099 3441 [πενταμερῆε]
2153 3406 2227 3441 ,Quod
2238 3408 2268 3433 in

1207 3449 1315 3486 quinque
1325 3452 1414 3480 partes
1427 3443 1534 3479 diuificm
1545 3441 1588 3476 est.
1660 3443 1717 3469 Cic.
1734 3441 1766 3467 de
1780 3441 1914 3472 [nuent.t,
1931 3449 1962 3474 59
1982 3450 2003 3467 c.
2013 3449 2045 3474 34
2082 3442 2269 3476 Quinquepar-

1207 3483 1284 3509 titani
1304 3482 1387 3515 igitur
1408 3480 1458 3506 hoc
1478 3479 1555 3514 paeto
1568 3483 1661 3513 putant
1683 3478 1731 3504 ess'e:
1747 3476 2015 3509 argumentationem.
2069 3478 2175 3513 Legitur
2192 3481 2269 3504 etiam

1588 3514 1677 3541 Habet
1698 3513 1753 3539 vita
1775 3512 1876 3545 pecoris
1890 3513 1991 3539 sensum
2010 3512 2269 3547 quinquepertitum,

1209 3553 1253 3580 sed
1267 3552 1432 3579 intelueoum
1448 3550 1526 3577 habet
1540 3550 1644 3576 nullum
1681 3547 1818 3582 Augustin.
1832 3547 1864 3573 de
1871 3547 1954 3575 Trin.
1970 3556 2004 3580 ις,
2018 3556 2039 3581 ς.

1244 3595 1296 3628 qv
1306 3596 1315 3614 1
1325 3596 1347 3615 N
1357 3594 1408 3628 qv
1418 3594 1433 3613 Ε
1447 3592 1461 3612 t’
1472 3593 1493 3613 Α
1504 3593 1522 3612 R
1534 3590 1556 3612 'r
1569 3588 1579 3611 ῑ
1591 3592 1612 3611 Τ
1622 3592 1652 3612 o.
1681 3584 1750 3611 Adu.
1793 3584 1994 3619 [κενταμερῶς]
2030 3583 2097 3610 Plin.
2107 3592 2145 3616 ες,
2164 3586 2182 3610 6
2217 3585 2269 3611 Fo-

1209 3625 1254 3651 liis
1271 3634 1319 3659 per
1339 3623 1482 3651 interualla
1502 3621 1699 3656 quinquefolii,
1728 3624 1773 3646 aut
1797 3619 1938 3652 cannabis,
1963 3628 2011 3654 per
2031 3619 2163 3646 ambitum
2181 3619 2270 3649 incilia

1210 3660 1442 3696 quinquepartito,
1462 3658 1546 3692 nigris
1561 3664 1586 3683 et
1601 3657 1671 3691 ipsis,
1688 3654 1876 3690 plumosisque.

1249 3702 1300 3734 ἦν
1313 3704 1319 3721 1
1330 3703 1353 3723 N
1363 3702 1413 3734 qv
1424 3701 1439 3720 E
1450 3701 1464 3720 Ρ
1476 3700 1490 3720 Ε
1502 3700 1520 3719 D
1531 3700 1552 3719 A
1563 3699 1631 3724 Lis,
1650 3701 1673 3717 e.
1696 3691 1756 3718 Adi.
1777 3690 1926 3718 Terminus
1939 3691 2062 3726 egregius
2075 3690 2177 3719 dicitur
2191 3691 2270 3726 quin-

1212 3731 1366 3767 quepedalis
1402 3729 1500 3764 Hygin.
1517 3729 1550 3754 de
1562 3728 1655 3754 Limit.
1671 3735 1696 3761 p.
1704 3735 1755 3753 212.

1249 3772 1415 3805 ermqv
1428 3772 1468 3791 ΕΡ
1481 3772 1495 3790 L
1509 3771 1524 3791 ε
1535 3772 1563 3794 x,
1583 3763 1640 3790 icis.
1675 3762 1819 3789 πεποέπλκς
1843 3762 1924 3789 Glosl'.
1932 3763 1994 3789 Vct.
2011 3768 2232 3802 QINCVPLEx.

1282 3809 1301 3828 v
1312 3810 1320 3829 1
1332 3811 1352 3829 N
1363 3807 1417 3842 Qv
1428 3807 1443 3827 E
1455 3806 1470 3825 ι’
1482 3807 1498 3825 L
1511 3806 1530 3825 v
1543 3806 1579 3831 M,
1615 3799 1755 3825 πεντάπλκν
1775 3799 1855 3825 Gloff.

1249 3845 1320 3876 <Uri
1331 3844 1413 3874 NQV
1424 3842 1440 3862 r.
1453 3842 1494 3862 PR
1506 3837 1551 3861 1‘M
1563 3842 1588 3866 1,
1614 3839 1656 3870 qut·
1670 3836 1762 3861 Graece
1781 3834 1958 3868 πιντοέπρωτω,
1979 3833 2041 3860 vnde
2060 3833 2102 3860 1.2
2123 3834 2153 3860 C.
2169 3832 2202 3859 de
2216 3832 2270 3867 pri·

1288 3874 1305 3879 ··
1502 3871 1505 3875 ’
1972 3869 2067 3897 dicitur
2092 3869 2269 3905 Pentaprotia.

1409 3909 1429 3936 F
1448 3914 1463 3934 2
2210 3904 2267 3932 Cic.
