2434 4156
60 107 103 148 ⁵3
375 83 715 146 ,Q‘Vn

61 184 156 214 molem
178 172 242 208 hanc
259 179 381 208 immania
393 178 455 214 equi
468 177 579 204 statuere
591 177 602 203 ζ
664 187 667 191 ·
701 172 775 214 Ideni
789 171 840 199 Ecl.
853 174 879 203 6,
892 180 921 204 23
957 173 1020 206 Quo
1032 170 1091 212 vin·

61 220 116 248 cula
127 216 253 244 11οὲ1111εέ
276 226 280 230 ·
366 215 422 241 Cic.
441 215 516 241 Verr.
531 222 557 247 2,
571 217 609 243 183
634 211 695 244 Qio
713 209 765 236 tibi
789 214 889 236 tantum
909 216 974 242 opus
998 208 1090 240 fuerit,

60 254 88 283 id
100 261 205 288 quaero.
237 252 241 258 ’
275 263 277 265 ·
312 252 343 278 Et
355 251 430 278 ram.
446 258 470 280 2,
485 258 508 281 23
529 247 619 276 Martis
639 254 704 272 vero
722 245 823 280 signum
844 253 897 278 quo
918 244 1011 284 mihi„
1022 244 1091 277 pacis

57 288 159 316 auctori
174 289 183 314 Ξ
217 287 290 324 Cous.
305 287 399 319 Laber,
415 293 460 321 ap:
470 286 572 311 Petron.
587 291 608 309 e.
621 288 648 315 53
661 281 707 307 hir.
798 282 861 313 Quo
874 279 940 321 tibi,
961 279 1092 313 Paiipha'e‚

57 323 182 360 pretiosas
203 324 305 351 sumere
323 321 403 348 vestes
419 322 429 348 3
464 319 544 348 Ouid.
563 319 618 346 Ari.
647 325 667 349 1,
686 325 740 350 303.
756 351 762 356 .
775 317 827 342 vid.
843 315 928 351 Hems.
942 315 1051 354 Phaedr.
1069 323 1092 346 3,

58 369 96 394 14,
108 362 125 387 6
144 358 242 396 quidam
253 360 344 395 legunt,
365 358 452 389 Heus,
471 355 573 391 inquit,
592 352 696 387 expedi,
710 353 824 393 sapienti,
841 359 894 385 quo
908 351 1034 376 fecerim?
1047 352 1091 376 Ad.

57 395 132 430 quid.
239 395 311 420 Hanc
324 395 414 419 Datiui
424 396 542 419 notionem
548 389 660 425 sbquitur
672 387 739 414 haud
747 387 817 413 dubie
825 387 950 422 formula,
970 388 1032 420 Quo
1047 386 1093 412 bo-

58 440 121 458 mini
135 429 189 456 est?
220 436 268 465 pro
279 430 358 454 (luam
371 428 404 454 ad
415 439 465 455 rem
478 427 537 454 vtile
546 423 579 457 cst
593 426 606 449 ?
633 423 759 459 frequens
771 423 838 458 apud
846 421 1005 457 [rareconfidt.
1042 422 1092 447 Ga-

58 467 99 494 ius
114 466 141 492 in
153 465 169 490 Ι.
182 455 321 499 aliquando
337 467 360 496 ¹3
374 464 460 498 infime
470 461 500 490 ad
517 459 688 487 Venetam-in
700 458 779 485 Pand.
807 459 869 498 Qio
885 458 984 484 bonum
998 456 1033 498 esi
1048 466 1091 497 cr.

55 501 171 537 *speetare
185 499 365 526 conditionem
381 501 422 527 vel
437 499 518 527 diem,
539 504 616 527 cum,
637 500 681 521 etc.
797 495 901 528 leian.
916 493 953 532 ¹13
967 491 1092 529 §.liquis

58 546 90 564 ex
106 535 195 562 liberis
208 535 239 562 de
252 535 314 562 bon.
329 537 388 570 poss.
402 541 488 562 contra
500 530 551 558 tab.
566 531 593 557 iri
607 531 632 557 Ρ.
676 530 738 563 Qio
753 529 854 555 bouum
867 529 903 555 est
916 536 1040 555 eicontra
1057 536 1093 555 ta-

58 572 131 600 bulas
146 571 203 598 dari
217 572 226 598 3
328 572 402 598 Idem
413 572 440 598 in
452 567 499 595 [fi
513 566 568 602 post
580 570 693 592 mortem
709 573 737 591 10
751 563 867 601 §.liberi
883 563 943 591 eod.
969 566 1031 598 Qiu
1047 564 1092 590 bo-

58 617 122 635 num
136 607 172 634 est
184 607 221 633 eis
233 607 346 634 fauere?
410 631 413 634 ,
439 602 570 631 'Scaeuola
583 602 611 628 in
628 601 646 628 l.
662 601 679 627 fi
694 600 747 627 duo
765 609 794 633 93
817 601 848 627 de
868 600 991 628 solution.
1031 602 1092 633 Qio

57 644 159 671 bonum
173 642 207 669 est
223 642 271 669 hoe
288 643 374 669 dicere
388 643 398 668 3
464 638 522 666 Vid.
538 637 629 664 Duker.
642 638 671 663 (le
685 638 792 663 Lati'nie.
813 637 878 663 Vm.
900 637 982 663 ICtor.
998 642 1027 671 p.
1036 644 1093 674 399.

58 677 87 718 ff
105 687 122 712 4
159 678 367 714 Causam-finalem
374 675 474 704 indicat.
509 673 637 700 Pliniun.
675 692 682 699 .
718 691 725 698 .
762 691 769 698 .
805 672 901 707 Neque
914 672 984 698 enim
997 671 1094 711 idefeei,

58 723 114 750 quo
128 713 179 742 tibi
195 714 315 740 molestus
331 714 411 740 effem-
526 709 607 736 Plaut.
628 709 706 735 Poen.
722 708 790 734 Prol.
803 716 834 740 39
871 709 933 741 Qio
949 708 1093 746 deteriores

59 756 249 784 anteponantur
263 750 348 776 bonis.
450 745 576 772 Interdum
589 744 653 771 idem
661 744 723 779 fere
735 742 784 777 est,
804 743 870 779 quod
888 742 964 779 quali.
1035 743 1093 768 Cic.

60 794 109 821 pro
122 786 214 818 Quint.
252 806 258 812 .
296 805 302 812 .
336 803 343 811 .
377 782 440 810 Non
453 790 486 808 eo
498 781 572 812 dieo,
593 789 648 816 quo
662 779 729 806 mihi
743 780 831 806 veniat
844 780 871 805 in
887 780 996 806 dubium
1010 784 1054 804 tua
1067 777 1096 803 fi-

61 820 121 853 des,
141 828 184 847 aut
200 830 253 855 quo
265 828 310 848 ccc.
399 818 467 845 Ter.
481 817 545 844 Eun.
560 825 581 850 1,
590 825 614 849 2,
623 818 652 842 16
670 816 732 842 Non
746 816 790 850 pol
804 825 858 850 quo
874 823 1020 849 quenquam
1037 813 1093 853 plus

60 860 144 884 a'mem
154 876 162 890 ,
182 864 226 882 aut
240 857 294 891 plui
307 853 412 888 diligam
425 862 458 880 eo
470 853 530 879 feci.
646 852 702 878 Cic.
717 852 792 879 Verr.
807 862 836 885 4,
851 854 886 885 64
900 866 904 869 -
917 851 987 878 Nam
1001 858 1048 876 rex
1064 849 1092 875 id

61 892 173 919 celatum
187 893 318 923 voluerat,
336 898 389 917 nori
401 897 454 924 quo
467 888 612 924 quidquam
630 893 760 914 metueret
776 895 822 913 aut
836 887 1025 922 suspicaretur,
1049 885 1092 911 sed

59 934 90 955 vt
102 937 134 954 ne
150 927 240 960 multi,
258 933 301 953 etc.
414 924 479 952 Non
495 932 549 960 quo
562 923 676 950 libenter
689 922 757 949 male
770 923 890 953 audiam,
900 930 945 948 etc.
965 922 1006 947 sed
1021 921 1094 956 quia,

60 971 106 990 uc.
144 964 198 990 Cic.
212 963 243 990 de
256 959 328 989 Orat.
343 968 367 992 2,
381 959 435 993 32³3.
538 960 570 986 Se
584 959 667 986 adhuc
685 959 803 993 reperire
822 957 995 993 discipulum,
1014 966 1094 991 quem

61 999 169 1034 quidem
192 998 328 1034 probaret,
346 997 455 1030 potuisse
477 995 633 1027 neminem,
668 1003 735 1026 non,
757 1004 811 1030 quo
830 1003 883 1021 nou
897 994 974 1020 essent
987 993 1095 1027 quidam

62 1034 213 1070 probabiles
220 1043 235 1067 ,1
247 1032 288 1060 sed
303 1032 374 1066 quia,
389 1039 435 1058 etc.
454 1032 511 1058 Cic.
523 1031 556 1058 de
568 1032 643 1058 Orat.
657 1039 666 1057 1
681 1039 701 1057 c.
717 1036 756 1061 28.

63 1076 137 1097 turae
148 1068 345 1104 magnitudinis,
365 1077 443 1102 quani
457 1076 511 1102 quo
531 1067 600 1094 Tac.
614 1067 647 1093 H.
662 1076 681 1098 3,
694 1074 738 1101 72,
753 1075 774 1099 3.
970 1063 991 1102 ff
1008 1065 1097 1105 {Coni-

61 1108 183 1142 paratinis
187 1105 334 1140 frequenter
347 1105 470 1138 iungitim.
541 1103 609 1130 Ter.
621 1103 716 1129 Heaut.
729 1109 751 1135 3,
763 1110 787 1132 2,
801 1109 826 1133 31
864 1099 945 1127 Addit
957 1100 1026 1127 mihi
1041 1108 1096 1126 ani-

61 1149 132 1167 muin
145 1148 198 1174 quo
212 1139 292 1166 libeat
303 1134 402 1173 magis:
492 1140 554 1172 Qio
567 1139 654 1165 minus
668 1139 766 1164 mirum
780 1137 826 1169 est,
846 1136 862 1163 fi
877 1137 1042 1163 audientium
1058 1135 1097 1161 iri-

59 1173 143 1202 centio
158 1175 300 1209 languescat
319 1175 385 1201 Plin.
400 1174 555 1209 Epist.2,19.
661 1174 716 1200 Cic.
732 1182 780 1208 pro
795 1173 890 1206 Qiint.
905 1181 923 1206 4
937 1181 957 1198 c.
974 1181 989 1200 2
1027 1172 1097 1198 Nam

60 1219 113 1246 quo
146 1211 231 1237 miuus
248 1216 250 1219 ’
265 1211 372 1244 ingenio
403 1211 503 1245 poffiiin
523 1209 638 1237 subfidio
659 1209 728 1236 inihi
746 1208 912 1242 diligentiam
934 1207 1095 1241 comparaui.
1111 1218 1143 1242 30
1161 1213 1310 1240 competere
1326 1204 1507 1231 interdictum.

58 1246 124 1274 Add.
142 1246 219 1281 Plaut.
235 1246 329 1281 Amph.
342 1254 364 1278 3,
377 1254 398 1278 2,
412 1255 447 1272 22.
517 1246 584 1272 Gell.
600 1253 622 1278 ς,
637 1254 671 1273 21.
777 1244 950 1278 Interpellent
963 1254 1021 1275 nie,
1041 1251 1096 1278 quo

58 1282 149 1308 minus
171 1281 311 1309 honoratus
328 1281 389 1314 fini,
408 1282 472 1309 dum
490 1291 522 1308 ne
541 1281 709 1314 interpellent
724 1281 878 1315 quominus
893 1279 1040 1313 Respubl.'a
1055 1287 1095 1304 me

58 1317 198 1344 commode
211 1317 388 1344 administrari
407 1317 480 1352 poffit
496 1318 551 1344 Cic.
565 1317 636 1343 Fam.
652 1325 682 1347 ii,
697 1325 733 1342 ιο.
839 1316 901 1348 Quo
922 1316 1008 1341 miuus
1021 1314 1098 1341 fami-

60 1353 134 1380 liaris
150 1354 220 1386 siun,
240 1353 290 1380 hoc
303 1354 359 1380 sum
372 1352 402 1378 ad
419 1352 626 1386 inuestigandum
639 1351 770 1377 curiosior
786 1349 842 1378 Cic.
857 1351 928 1377 Fam.
944 1360 971 1384 4,
985 1360 1016 1384 ¹3·
1061 1349 1098 1376 Id.

58 1432 111 1449 ·i·1ee
142 1423 169 1449 in
201 1422 329 1449 discordia
355 1422 522 1449 dominorum
541 1422 654 1448 domus:
689 1431 743 1456 quo
756 1423 843 1448 minus
857 1431 959 1449 aurnuns
974 1432 988 1449 a
1003 1423 1028 1448 se
1044 1422 1099 1455 ipse

65 1458 198 1491 diflidens,
219 1459 352 1493 secumque
373 1457 537 1490 discordans,
555 1457 655 1492 gustare
669 1464 770 1491 partein
784 1458 865 1484 vllam
887 1458 1005 1492 liquidae
1025 1457 1100 1483 volu-

66 1496 143 1528 ptatis
175 1501 200 1520 ct
220 1493 324 1520 liberae
342 1493 423 1528 potest
438 1494 446 1520 3
481 1497 498 1520 i.
519 1500 609 1529 quanto
627 1496 714 1519 minut.
821 1493 890 1518 Ter.
906 1493 987 1520 Andr.
1001 1502 1024 1525 ε,
1038 1501 1060 1524 ς,
1075 1497 1100 1521 18

64 1529 159 1555 Forma
175 1529 243 1556 bona
257 1529 364 1556 memini
378 1529 468 1556 videre
482 1539 488 1555 ε
524 1537 576 1563 quo
588 1529 698 1562 aequior
713 1528 769 1554 sum
783 1527 935 1561 Pamphilo,
957 1529 973 1555 ii
988 1529 1013 1554 se
1028 1527 1101 1554 illam

59 1563 92 1590 in
107 1563 220 1595 somnis,
240 1573 317 1597 quani
332 1565 406 1591 illum
420 1564 539 1598 amplec‘ti
555 1564 658 1590 maluit.

61 1598 142 1625 etiam
163 1599 213 1624 feci
240 1599 381 1632 libentius,
401 1607 429 1627 vt
448 1609 510 1627 euin
525 1601 684 1629 sermonem,
698 1607 777 1632 quem
789 1597 831 1623 illi
844 1597 978 1631 quondam
993 1597 1062 1623 inter
1075 1596 1101 1621 se

63 1633 96 1660 de
121 1633 161 1660 his
181 1633 258 1660 rebus
278 1634 436 1665 habuissent,
452 1635 601 1661 mandarem
618 1633 712 1659 literis.
827 1633 891 1667 Qio
911 1633 998 1659 minus
1012 1638 1035 1658 et
1047 1639 1102 1667 quo

61 1670 146 1703 magis
159 1669 280 1695 interdum
293 1669 421 1707 confundi,
438 1670 594 1703 obstruatur,
612 1667 661 1700 line
674 1668 705 1694 ab
718 1666 777 1702 ipsis
792 1667 877 1700 Icus,
890 1667 945 1701 ¹siue
963 1675 1027 1695 certe
1043 1677 1058 1694 a
1072 1668 1104 1693 11·-

63 1705 165 1732 brarists.
201 1706 344 1739 Imperator
358 1705 384 1730 in
398 1705 415 1730 l.
430 1714 439 1735 ς
454 1705 484 1730 C.
499 1704 530 1730 de
544 1704 626 1731 iiidie.
662 1703 742 1730 Nihil
772 1703 913 1738 prohibet,
947 1713 1000 1739 quo
1020 1704 1102 1737 inagis

65 1740 134 1775 'apud
163 1749 223 1766 eum
253 1749 358 1775 quoque
368 1740 531 1774 :disceptatio
551 1739 718 1767 terminetur.

67 1775 129 1803 dare
141 1782 224 1802 tutor.
260 1776 323 1803 Non
349 1775 408 1802 ideo
434 1776 552 1810 oportuit
572 1775 717 1810 impediri,
735 1783 791 1810 quo
811 1776 894 1811 magis
908 1775 1016 1802 liberali
1029 1776 1104 1801 causa

66 1811 187 1839 ordimita
201 1818 306 1838 curator
317 1811 367 1838 tibi
381 1812 494 1838 daretur.
537 1814 557 1838 i.
594 1821 621 1838 uo
641 1814 730 1838 minus.
928 1809 949 1849 q
975 1813 992 1838 6
1027 1811 1105 1838 Abla-

65 1851 132 1874 u'uus
145 1849 245 1874 relatiui
256 1857 271 1874 a
282 1848 454 1883 Comparatiuo
466 1845 549 1874 refhis
563 1821 597 1880 eth
610 1847 701 1874 inillis
737 1847 911 1883 Cic.Fa1u.7,
926 1856 942 1874 z
960 1846 1008 1874 Sed
1023 1846 1105 1874 horno

64 1889 153 1910 acutus
166 1883 189 1909 ei
204 1883 328 1910 mandasti
343 1883 516 1918 potissimum,
538 1884 581 1910 cui
594 1883 728 1917 expediret
742 1883 807 1910 illud
826 1884 919 1910 venire
942 1882 1107 1918 quampluri-

1109 497 1138 516 10

1109 854 1144 873 20

853 1030 901 1065 Spe
934 1037 1016 1061 magis
1025 1049 1032 1061 ,
1055 1028 1096 1054 fu-
1108 1028 1149 1057 '25
1159 1026 1289 1053 Addcndis
1304 1027 1410 1052 Gronau.

761 1563 817 1589 Cic.
829 1562 863 1588 de
876 1564 950 1590 Orat.
964 1572 989 1595 2,
998 1571 1024 1591 52
1038 1563 1102 1593 Qio
1115 1571 1152 1595 40
1165 1565 1213 1585 ret.

1143 169 1263 206 'exsequi
1274 175 1300 198 et
1312 170 1384 197 tueri
1402 170 1475 205 possis
1494 171 1549 198 Cic.
1563 171 1595 197 de
1608 171 1708 197 Senec'l.
1722 180 1758 198 21.

1152 954 1296 991 Jiijpicatur
1311 955 1450 981 Rhenanus.

1158 1629 1239 1666 porcis!
1253 1631 1330 1657 aliud.

1558 81 1831 140 Q-VO
2146 102 2196 141 54

1218 209 1221 212 .
1358 208 1361 210 -
1468 207 1471 210 ¹
1873 171 1946 211 Iden-i
1959 175 2033 204 Verr.
2044 187 2066 212 ς,
2082 180 2117 214 76
2129 189 2151 206 c.
2160 187 2194 213 29

1158 208 1278 241 Demque
1292 206 1364 233 domi
1377 213 1434 232 tuae
1449 213 1562 240 piratae,
1582 216 1594 232 a
1607 216 1659 240 quo
1673 214 1793 241 ternpore
1813 215 1880 240 capti
1899 210 1969 240 sunt,
1987 216 2069 245 quoad
2089 224 2135 249 per
2152 224 2194 242 me

1157 243 1259 269 licitum
1269 242 1304 269 est
1315 263 1324 275 ‚
1341 242 1457 268 fuerunt.
1549 242 1606 268 Cic.
1623 244 1700 269 Verr.
1716 251 1738 276 3,
1752 250 1794 276 173
1830 243 1912 270 Tulit
1928 244 1990 271 haec
2004 249 2094 276 ciuitas
2108 251 2195 284 quoad

1157 279 1259 312 potuit,
1279 278 1364 313 quoad
1384 278 1479 304 neceil'e
1506 278 1575 309 fuit,
1596 286 1695 312 regiam
1722 278 1807 311 istaut,
1819 278 1928 305 vestram
1943 281 2150 312 do.iii'natiurieni
2166 288 2196 313 iri

1159 314 1280 346 iudiciis,
1301 322 1326 340 et
1351 314 1378 340 in
1398 313 1472 339 omni
1487 313 1598 347 Republ.
1616 314 1687 340 tulit.
1791 313 1886 346 Qioad
1899 317 1956 341 eius
1971 316 2029 343 lic-ri
2044 322 2123 351 potest
2143 325 2195 348 Au.

1158 349 1216 376 6101·
1229 349 1260 374 ad
1277 351 1374 376 Heren.
1390 358 1410 381 1,
1425 358 1440 375 2
1455 360 1460 374 :
1498 350 1546 383 Qu
1569 350 1700 375 Grni'tiuus
1717 349 1779 375 Eius
1790 349 1880 384 pendet
1895 351 1924 376 ab
1937 351 2019 385 omiflo
2031 354 2131 388 aliquid
2141 377 2146 386 ,
2166 366 2195 384 vt

1157 391 1236 411 monet
1252 386 1366 412 Pei-mon.
1378 385 1412 411 ad
1425 383 1510 411 Sana.
1525 394 1548 416 3,
1563 388 1615 420 op.
1629 393 1687 419 4²4·
1760 386 1801 411 Sic
1813 386 1868 411 Cic.
1883 387 1936 412 Att.
1950 396 1981 418 ii,
1995 396 2022 414 12
2049 389 2095 415 Tu
2111 397 2196 418 tamen

1157 420 1239 446 veliin
1259 429 1291 445 iie
1317 421 1489 452 intermittas,
1508 423 1595 454 quoad
1620 422 1675 447 eius
1706 419 1791 446 facere
1818 422 1931 454 poteris,
1957 423 2073 450 seribere
2094 426 2125 450 ad
2146 436 2196 453 me.

1157 455 1252 488 Quoad
1267 456 1323 482 eius
1339 457 1435 491 poteris
1451 456 1518 481 Cato
1533 465 1555 481 c.
1570 464 1605 487 32.
1679 457 1719 482 Sic
1733 456 1788 481 Cic.
1801 455 1834 481 dc
1848 458 1906 483 Inu.
1920 467 1935 484 2
1951 467 1971 483 c.
1983 460 2009 485 6.
2046 466 2068 485 rt
2090 460 2158 487 Fam.
2174 471 2185 493 ς

1156 499 1180 517 2.
1215 498 1238 517 et
1252 500 1273 523 5,
1289 496 1310 520 8.
1380 490 1475 526 Qioad
1491 492 1547 517 eius
1562 491 1644 525 potest
1669 492 1728 517 Liu.
1743 501 1778 524 3⁸),
1817 512 1823 517 .
1861 512 1867 517 .
2064 494 2085 532 ἢ
2107 504 2118 520 2
2142 483 2197 522 1,-ιηῖ

1155 533 1249 562 guntur
1262 527 1385 554 „iserdum
1400 526 1494 562 Qioad
1509 534 1531 553 et
1545 536 1628 562 usque.
1671 528 1701 553 V.
1717 536 1741 562 g.
1764 527 1822 552 Liu.
1841 529 1866 560 6,
1880 533 1908 560 33
1921 535 1985 555 extr.
2007 529 2101 562 Quoad
2117 540 2199 566 vsque

1158 564 1189 588 ad
1216 563 1372 588 memoriam
1392 563 1504 590 nostram
1523 562 1675 589 tribuniciis
1694 561 1929 597 consularibusque
1948 571 2073 592 certatum
2096 567 2200 593 viribus

1159 597 1204 623 est.
1297 598 1486 633 Hicji'purari,
1498 605 1577 634 puto,
1597 598 1697 630 debent,
1716 598 1814 631 Qioad
1827 606 1953 625 certatum
1966 600 2020 632 est,
2039 608 2061 627 rt
2074 611 2156 636 vaque
2167 603 2200 628 ad

1158 633 1315 659 memoriam
1330 634 1453 660 nostram.
1548 634 1594 662 Sed
1615 635 1700 660 Varro
1720 634 1752 660 de
1768 636 1794 660 L.
1810 634 1837 659 L.
1852 644 1881 668 4,
1896 644 1910 660 z
1925 644 1949 669 p.
1962 640 1983 666 8,
1996 645 2026 668 23
2055 638 2095 663 Ab
2110 647 2143 664 eo
2161 639 2200 665 di-

1159 669 1228 695 citur
1246 677 1340 703 praeco
1354 670 1439 694 locare
1452 669 1539 704 quoad
1554 679 1635 705 vsque
1651 670 1676 695 id
1691 671 1805 699 emitur,
1824 670 1912 704 quoad
1927 672 1954 696 in
1974 672 2066 706 aliquo
2086 673 2201 700 consistit

1157 705 1273 739 pretium
1289 715 1294 730 :
1330 705 1431 730 videtui·
1446 706 1601 741 pleonasmus
1613 704 1665 739 estc,
1680 713 1708 731 ur
1724 706 1788 741 quod
1805 706 1923 733 laudatur
1936 707 2014 742 nescio
2034 709 2096 734 unde
2116 710 2203 742 Accii,

1158 741 1235 767 Nini!
1253 747 1278 766 te
1294 740 1425 774 impedio:
1461 742 1547 774 quoad
1557 750 1639 776 vsque
1653 750 1709 768 rein
1724 749 1839 776 peragas.
1944 742 2132 771 Suetoncaes.
2141 754 2161 771 c.
2174 755 2202 778 ¹4

1157 777 1194 803 Ac
1208 785 1241 802 ne
1254 775 1286 802 fic
1302 776 1409 811 quidem
1425 775 1553 809 impedire
1570 786 1625 804 rein
1639 777 1754 809 destitit,
1771 776 1859 811 quoad
1874 786 1957 811 Vsque
1969 788 2059 805 nimius
2080 781 2204 814 equitum

1158 813 1357 844 Romanorum,
1377 820 1444 846 quae
1465 819 1564 838 armata
1583 812 1704 847 praesidii
1723 813 1797 839 causa
1824 813 2023 846 circumstabat,
2044 816 2205 843 imiiiodera-

1159 849 1211 875 tius
1237 848 1413 882 perseueranti
1432 856 1521 873 necem
1540 850 1698 875 comminata
1717 849 1763 875 cst.
1835 848 1882 876 Sed
1900 858 1953 874 cum
1965 852 2037 876 mulii
2048 853 2108 878 libri
2121 861 2204 886 vsque

1159 887 1292 915 omittant,
1305 882 1428 919 poffiimus
1436 883 1576 918 fistucam,
1595 885 1656 910 illud
1669 884 1710 918 effe
1723 883 1823 920 gloffiim
1836 886 1877 910 τῖς
1892 885 1986 919 quoad.
2058 887 2126 914 Tac.
2135 890 2205 914 Aiin.

1159 928 1198 954 14,
1213 924 1239 952 58
1252 927 1316 946 extr.
1338 918 1422 945 Multa
1442 919 1576 950 secutur-a,
1597 922 1684 953 quoad
1705 930 1786 955 vique
1805 920 1905 946 bellum
1926 922 2090 949 eualesceret.
2161 925 2206 951 Sic

1525 955 1566 981 Sic
1581 956 1636 982 MS.
1656 958 1736 983 Oxou.
1810 955 1856 983 Sed
1878 956 1962 983 editur
1983 967 2051 992 quae
2069 958 2101 984 ad
2120 968 2206 994 vsque

1160 992 1260 1018 bellum
1277 991 1463 1022 eualescerent‚
1475 993 1548 1015 etiam
1559 1000 1573 1016 a
1583 991 1685 1025 Ryckio.
1757 992 1849 1018 Probat
1860 997 1940 1018 tamen
1954 991 2025 1025 istam
2035 993 2162 1021 lectionem
2178 997 2208 1021 ι’1ι

1482 1027 1522 1051 Ac
1535 1028 1712 1052 recentioribus
1720 1027 1838 1061 placuisti·
1849 1036 1900 1053 eum
1914 1032 2044 1062 rationem,
2057 1037 2150 1056 certum
2164 1029 2208 1064 est.

1160 1062 1278 1089 Laetam.
1293 1073 1320 1096 4,
1336 1069 1415 1096 12,17
1441 1062 1622 1096 Qioadusque
1642 1062 1774 1097 (lutei-pr.
1795 1064 1842 1087 lsul
1881 1063 1981 1096 donec)
2001 1074 2096 1099 ponam
2116 1066 2207 1092 inimi-

1161 1108 1204 1125 cos
1218 1105 1276 1124 tuos
1290 1097 1484 1132 suppedaneum
1499 1096 1593 1131 pedum
1610 1104 1728 1123 tuorum.
1797 1071 2072 1133 Aufforimtesjimiler
2093 1102 2208 1128 liudwit

1161 1135 1296 1162 Biiiicmon.
1309 1135 1342 1160 od
1353 1135 1378 1160 h.
1391 1135 1410 1159 l.
1518 1133 1585 1159 Add.
1605 1134 1710 1167 leiaii.
1733 1133 1760 1158 in
1781 1132 1798 1159 l.
1812 1135 1830 1167 j.
1855 1131 2012 1170 §.Iulianus
2024 1136 2056 1162 D:
2069 1136 2101 1162 de
2118 1137 2209 1164 itiner-

1162 1169 1276 1204 actuque
1290 1175 1403 1204 priuato.
1439 1168 1556 1196 Iulianus
1577 1169 1630 1204 ait,
1649 1168 1821 1204 quoadusque
1840 1169 1965 1203 ingrefl'us
1984 1171 2033 1202 est,
2053 1181 2168 1207 eousque
2183 1173 2211 1200 ei

1328 1205 1332 1209 ·
1706 1202 1725 1241 ‘fl
1744 1213 1755 1237 3
1776 1205 1872 1237 Qioad
1881 1213 1929 1240 pro
1937 1207 2016 1240 Quod
2032 1207 2062 1233 ad
2077 1210 2116 1234 vel
2129 1217 2212 1242 quan-

1161 1247 1218 1268 tum
1234 1241 1266 1267 ad
1279 1244 1323 1267 uix
1338 1243 1416 1267 veteri
1429 1242 1513 1276 aliqua
1527 1247 1549 1266 et
1562 1239 1666 1266 indubia
1679 1240 1830 1267 autiernus
1843 1244 1946 1271 tuearis.
2006 1242 2134 1270 Lauduur
2149 1245 2212 1270 Var-

1161 1285 1194 1304 ro
1207 1276 1239 1303 de
1252 1278 1282 1304 L.
1298 1277 1327 1303 L.
1343 1286 1366 1309 7,
1383 1285 1407 1308 ²3
1423 1286 1447 1311 p.
1464 1285 1503 1308 93,
1521 1285 1548 1308 19
1569 1277 1640 1302 Haec
1654 1275 1788 1311 sigillatim
1803 1277 1919 1311 triplicia
1933 1278 1981 1303 effe
1996 1277 2107 1310 debent,
2121 1279 2212 1314 quoad

1162 1313 1268 1345 sexum,
1288 1312 1505 1345 multitudinem,
1527 1313 1622 1338 casum.
1699 1312 1743 1337 §ed
1773 1313 1888 1338 librariis
1911 1319 1982 1338 tiviro
1998 1314 2109 1348 fat-ilius
2130 1316 2211 1341 tribui

1157 1349 1254 1385 potest,
1275 1359 1327 1375 ‚um
1335 1348 1418 1384 paullo
1433 1356 1490 1374 ante
1503 1357 1526 1382 p.
1542 1356 1581 1379 93,
1596 1355 1604 1374 1
1639 1348 1722 1381 Qiod
1733 1347 1765 1372 ad
1787 1352 1872 1380 partes
1887 1347 1996 1380 singulas
2010 1350 2141 1377 orationis
2156 1351 2212 1377 ecla-

61 1388 94 1414 de
108 1389 165 1415 Fin.
180 1398 199 1421 i,
212 1394 238 1417 58
251 1398 273 1414 c.
291 1392 315 1417 18
352 1388 448 1427 Neque
467 1387 537 1414 enim
556 1387 648 1413 ciuitas
667 1386 695 1412 in
714 1386 941 1427 seditione⁴potelt
954 1388 1001 1414 eise
1014 1387 1099 1415 beata,
1116 1395 1144 1420 35
1162 1392 1214 1410 tur.

1286 1385 1372 1410 Varro
1387 1384 1418 1409 de
1432 1384 1462 1409 R.
1476 1384 1506 1409 R.
1526 1391 1544 1414 1,
1559 1392 1585 1414 9,
1601 1389 1613 1414 ς
1633 1383 1674 1408 Sic
1688 1390 1780 1416 magna
1793 1383 1844 1408 tria
1858 1382 2010 1409 discrimina
2022 1390 2124 1417 tei-rac,
2138 1386 2213 1420 quod

1163 1419 1262 1451 refert,
1281 1425 1371 1445 vtruiii
1387 1419 1415 1444 sit
1430 1427 1530 1450 iiiacra,
1552 1427 1584 1443 an
1597 1417 1703 1452 pinguis
1713 1437 1721 1449 ,
1739 1425 1772 1443 an
1785 1417 1935 1443 mediocris.
2007 1420 2069 1453 Qio
2084 1420 2115 1446 ad
2130 1421 2170 1446 cul

1163 1463 1237 1485 rain,
1256 1454 1359 1488 pinguis
1373 1454 1515 1480 fecundior
1529 1460 1574 1479 etc.
1648 1453 1694 1480 >ccl
1719 1454 1756 1478 vel
1793 1461 1827 1478 110
1840 1453 1979 1487 separatim
1998 1457 2108 1490 inteiligi
2125 1463 2177 1491 por.
2204 1475 2214 1487 „

1164 1489 1325 1524 inscribitur
1335 1508 1343 1521 ,
1357 1497 1407 1523 pro
1428 1489 1490 1523 quia
1504 1500 1510 1515 z
1536 1490 1574 1513 uel
1587 1497 1639 1513 cum
1652 1490 1744 1522 primis
1756 1496 1767 1512 e
1786 1489 1905 1514 itionibus
1916 1490 1982 1524 trgi,
1999 1490 2071 1524 quod
2083 1490 2114 1516 ad
2130 1491 2216 1517 cultu-

1165 1532 1230 1550 ram.
1328 1525 1388 1550 Liu.
1410 1532 1444 1555 12,
1459 1531 1481 1556 ς,
1494 1531 1511 1557 7
1549 1521 1629 1555 Qiod
1650 1523 1807 1557 stipendium
1822 1523 1903 1549 serius
1918 1525 2005 1559 quoad
2019 1526 2088 1553 diem
2102 1527 2213 1561 praesta·

1286 1559 1339 1584 Iam
1362 1558 1480 1585 viderunt
1505 1562 1557 1584 vii-i
1583 1556 1669 1590 docti,
1683 1558 1708 1592 Ji
1730 1559 1818 1593 quoad
1833 1560 1903 1586 diem
1913 1560 1951 1594 stt
1965 1568 2081 1596 quantum
2095 1563 2129 1589 ad
2140 1564 2215 1596 diem,

1166 1594 1209 1628 ifle
1243 1593 1373 1630 indignam
1397 1595 1468 1620 Liuio
1489 1596 1657 1626 ταυτολογιάν·
1695 1604 1769 1630 neque
1791 1598 1870 1628 mim,
1891 1595 1994 1632 qmdstt
2007 1597 2090 1623 serius
2103 1601 2216 1635 intelligi

1403 1631 1434 1656 Et
1455 1632 1549 1657 monuit
1569 1635 1625 1655 ollm
1645 1628 1768 1662 l'orstium
1788 1633 1944 1665 Gronom‘m,
1960 1634 2046 1659 melius
2066 1636 2115 1670 legi
2133 1643 2215 1669 quam

1165 1665 1198 1692 ad
1211 1667 1282 1692 diem
1298 1677 1303 1692 :
1338 1667 1396 1692 licet
1408 1668 1534 1702 vulgatam
1548 1667 1666 1691 librorum
1681 1665 1809 1692 tasilonem
1824 1674 1847 1693 et
1860 1668 1924 1702 ipse,
1943 1675 1967 1694 et
1979 1678 2043 1695 nunc
2056 1670 2216 1697 Drakenbor-

1166 1702 1253 1734 chffls,
1266 1702 1433 1737 seruauerint.
1507 1701 1588 1728 Gaius
1604 1702 1677 1728 lCtus
1692 1701 1709 1728 l.
1722 1711 1734 1734 3
1748 1700 1770 1739 ᾗ.
1787 1711 1796 1728 1
1817 1704 1847 1728 D.
1863 1705 1894 1729 de
1910 1704 2010 1739 adquir.
2025 1713 2076 1732 rer.
2091 1707 2216 1733 domnio

812 1739 886 1766 Ideni
904 1741 932 1766 in
949 1741 964 1766 l.
978 1742 994 1774 j.
1008 1741 1040 1766 C.
1053 1740 1100 1774 qui
1120 1744 1154 1770 45
1168 1738 1225 1764 Nec
1246 1737 1352 1763 interest
1372 1736 1460 1771 quoad
1480 1737 1548 1764 feras
1569 1738 1661 1764 bestias
1686 1744 1711 1764 et
1732 1739 1870 1772 volut-res,
1889 1746 1978 1766 vtrum
2004 1741 2034 1767 in
2059 1743 2103 1767 suo
2129 1742 2216 1768 fundo

1167 1774 1279 1812 quisque
1292 1775 1391 1808 capiat,
1412 1782 1444 1799 311
1459 1774 1487 1800 111
1500 1774 1598 1800 alieno.
1673 1773 1719 1800 Sed
1738 1775 1885 1809 Gothofred.
1905 1774 1972 1802 reHe
1985 1777 2058 1811 quod
2072 1777 2113 1803 ad.
2184 1779 2218 1805 Ec

1158 1811 1201 1843 ⁴1¹⁶
1215 1815 1287 1845 Jeepe
1300 1815 1443 1845 peccatum,
1465 1813 1505 1836 vti
1518 1808 1667 1844 posteriores
1685 1810 1785 1836 librarii
1806 1810 1892 1845 quoad
1902 1811 1973 1847 sicum
1987 1814 2217 1849 mculcarent‚pro

1169 1848 1248 1871 veteri
1263 1846 1333 1880 quod
1348 1845 1389 1871 ad.
1462 1847 1543 1872 Etiam
1577 1844 1650 1879 quod
1676 1853 1725 1881 pro
1754 1845 1840 1880 quoad
1856 1847 1929 1882 Jiiepe
1951 1851 2021 1874 imru
2035 1849 2115 1875 erunt.

1170 1882 1260 1907 Gracia.
1283 1881 1316 1908 ud
1337 1881 1393 1907 Cic.
1417 1882 1468 1907 Att.
1494 1890 1519 1913 2,
1539 1889 1556 1916 7
1572 1891 1596 1915 p.
1611 1884 1659 1907 216.
1735 1882 1808 1917 Cous.
1829 1883 1956 1910 Drakenb.
1970 1884 2003 1909 ad
2159 1849 2218 1876 'Ald-

2039 1885 2074 1910 iu.
2089 1887 2114 1915 6,
2128 1890 2165 1918 38,
2183 1893 2218 1917 13.

67 1928 121 1946 mo.
156 1918 204 1945 Sed
218 1927 250 1946 co
264 1917 351 1946 vidisti
366 1919 491 1950 inultum,
508 1921 581 1954 quod
596 1919 754 1954 praefinisti,
769 1928 858 1954 quoue
877 1920 961 1954 pluris
980 1927 1104 1945 emerem.
1124 1926 1156 1952 50
1170 1918 1312 1943 Particulas
1332 1919 1395 1950 Qio
1414 1924 1436 1942 et
1457 1917 1487 1943 ad
1500 1919 1666 1953 4ΙηιςιιΙανίιεν
1689 1918 1818 1952 usurpauit
1855 1918 1924 1945 Gell.
1941 1928 1960 1952 1,
1980 1928 2004 1952 1,-
2029 1921 2143 1952 Viyii'em
2162 1922 2220 1946 Ho-

67 1955 181 1982 Cautum
195 1960 265 1986 crat,
284 1964 338 1989 quo
358 1964 392 1982 ne
415 1955 472 1989 plus
493 1956 554 1983 auri
573 1962 599 1982 et
613 1955 716 1990 argenti
728 1956 809 1986 faeti,
827 1965 881 1990 quo
895 1965 928 1982 ne
942 1955 998 1988 plus
1014 1954 1105 1989 signati

67 1991 168 2025 argenti
182 1997 207 2017 ct
224 1990 292 2016 aeris
305 1990 379 2017 dorni
391 1990 547 2018 haberemus
577 1992 638 2018 Liu.
650 1999 690 2024 34,
705 1993 730 2017 6.
759 1987 763 1998 ““
836 1991 969 2018 Ablatiiaeus
984 1994 1056 2017 ctiam
1072 1990 1106 2023 est

67 2029 95 2052 in
109 2025 164 2059 Istis
177 2023 397 2059 corfiruc‘isonibus
410 2037 418 2052 :
454 2027 508 2054 Cic.
522 2036 569 2062 pro
583 2027 676 2060 Qiint.
692 2034 704 2059 ς
732 2027 806 2060 Qiae
821 2035 875 2061 quo
889 2027 963 2061 plura
978 2027 1052 2059 suut,
1074 2027 1105 2053 C.

69 2062 176 2095 Aquili,
194 2070 227 2088 co
240 2067 265 2088 te
277 2068 302 2088 et
315 2061 425 2098 hos,qui
438 2063 489 2090 tibi
504 2063 532 2090 in
544 2063 653 2089 confluo
666 2062 774 2094 adsunt,
791 2063 897 2089 meliori
912 2068 999 2089 meiite
1016 2062 1105 2089 nostra

69 2096 150 2123 vei-ba
170 2097 261 2123 audire
284 2099 429 2131 oportebit.

70 2133 139 2165 erit,
158 2132 206 2160 hoc
218 2133 301 2160 rarius
313 2134 457 2169 castigabit.
494 2133 522 2160 de
540 2132 628 2168 officiis
635 2137 812 2169 praeceptoris.
918 2135 974 2161 Cic.
991 2133 1067 2160 Acad.
1082 2143 1109 2166 4,

71 2176 88 2195 2
105 2169 168 2201 Quo
192 2168 246 2202 plus
271 2170 298 2195 in
321 2170 434 2203 negotiis
456 2169 576 2203 gerendis
594 2178 639 2196 res*
654 2178 732 2204 quani
746 2168 827 2196 verba
842 2171 966 2202 prosunt,
988 2170 1037 2194 hoc
1053 2173 1108 2205 erat

67 2203 200 2230 memoria
231 2202 276 2230 illa
309 2204 488 2238 praestantior.
603 2206 743 2232 Relaiinum
761 2204 884 2230 interdum
905 2206 1038 2228 omittitur.
1074 2201 1109 2225 ha

69 2248 127 2274 pars
141 2248 262 2272 morum,
283 2249 337 2274 quo
352 2240 494 2274 suspeetior
507 2240 632 2272 solicitis,
649 2239 784 2272 adoptanti
799 2237 915 2268 placebat
949 2236 1018 2260 Tac.
1034 2235 1069 2259 H.
1089 2241 1109 2265 1,

71 2283 111 2308 14,
126 2284 148 2306 4.
183 2277 202 2300 ἱ.
223 2284 247 2302 eo
261 2279 341 2312 magii·
353 2278 418 2309 plac.
612 2307 617 2311 ι
693 2306 696 2309 ⁴
805 2305 810 2309 ,
945 2305 950 2309 ,
1058 2302 1062 2307 .

69 2320 113 2338 nie
127 2311 298 2344 cognatione,
319 2309 453 2340 affinitate,
470 2307 653 2334 ncceffitudirie
665 2305 753 2338 aliqua
765 2305 924 2337 attingebat,
942 2309 980 2329 ita
993 2310 1109 2328 maxime

69 2354 162 2373 manus
181 2352 224 2372 tua
240 2347 387 2380 putabatur.
455 2343 496 2368 Sic
513 2339 611 2367 issaar.
647 2341 688 2366 Al.
709 2336 743 2364 Vt
756 2339 877 2372 quisque.

69 2382 149 2415 Quo,
161 2389 208 2416 pro
228 2382 301 2409 hinc,
319 2388 364 2412 quii
378 2377 407 2403 de
419 2377 493 2412 ιαμβι·
503 2382 548 2402 etc.
583 2375 646 2407 Q¹⁰
658 2373 756 2399 saelum
769 2373 805 2398 est
821 2373 890 2406 Nep.
905 2381 930 2403 2,
942 2373 968 2403 6,
981 2373 1005 2398 6.
1043 2372 1107 2404 Qio

68 2417 149 2443 facile
184 2414 241 2439 fieri
285 2413 355 2439 Idem
369 2421 407 2445 14,
421 2419 453 2442 ις,
466 2421 492 2443 4.
658 2442 664 2447 ⁸
687 2405 707 2444 ff
727 2413 740 2437 8
776 2408 826 2435 Pro
837 2414 964 2469 quatenus.
999 2406 1110 2439 Myrrha

71 2458 188 2484 patrem,
208 2447 250 2474 sed
264 2456 316 2473 non
327 2454 386 2480 ⁴quo
399 2445 454 2471 filia
469 2443 560 2476 debet,
578 2448 677 2470 amauit
696 2442 776 2469 Ouid.
792 2444 823 2469 A.
863 2463 868 2469 .
885 2451 904 2475 1,
916 2448 970 2476 283.

71 2485 190 2513 inionem
202 2481 319 2514 Pyladea,
339 2489 392 2516 qni-o
406 2478 656 2514 Pallada—Phoebus,
672 2478 775 2505 amabat
798 2478 867 2505 Ibid.
882 2488 906 2505 v.
922 2486 982 2513 745.

109 2524 215 2558 QvoA
225 2523 252 2543 D.
288 2517 347 2550 [ἕως
365 2516 393 2549 ἑ,
413 2517 492 2550 μέχρι
504 2515 538 2549 ἑ]
574 2515 640 2542 Idem
653 2514 718 2549 quod
737 2524 872 2550 quousque,
887 2517 914 2541 in
933 2517 1065 2550 temporis,
1085 2520 1109 2540 ee

70 2561 210 2590 quocunque
222 2554 270 2578 alio
283 2550 565 2588 termniofigvnjicando.
601 2550 670 2577 Ter.
685 2549 791 2577 Phorm.
805 2558 825 2583 1,
839 2559 864 2583 2,
881 2555 913 2583 98
937 2550 1028 2577 Senem
1042 2558 1108 2584 quo-

70 2589 104 2616 ad
117 2588 267 2623 exspcoaus
280 2588 392 2614 vestrum
408 2588 416 2613 3
523 2586 577 2613 Cic.
592 2586 622 2612 de
638 2586 743 2613 Amicii.
757 2595 767 2613 1
790 2587 844 2621 Ego
858 2593 946 2613 autem
960 2595 974 2613 a
987 2592 1059 2621 patre
1073 2586 1108 2612 ita

521 2098 652 2132 Qiinftil.
666 2106 687 2128 2,
702 2107 718 2124 2
749 2098 819 2133 Nam
832 2107 885 2133 quo
899 2099 999 2132 saepius
1013 2105 1107 2125 monu-
1127 2103 1154 2130 55
1171 2104 1220 2122 rem
1235 2097 1359 2134 ultaque.
1396 2095 1451 2120 Cic.
1467 2097 1497 2118 ne
1512 2093 1612 2118 Seueri.
1629 2100 1656 2124 41
1673 2101 1694 2117 c.
1708 2100 1735 2117 12

522 2276 579 2300 Cic.
594 2276 670 2299 Verr.
683 2282 704 2301 2,
720 2279 753 2303 27
778 2271 840 2301 Qio
862 2270 974 2304 quisque
988 2276 1013 2294 te
1027 2268 1109 2293 maxi·
1119 2271 1154 2296 60
1173 2273 1224 2299 qne
1239 2265 1405 2298 pestiferum,
1426 2274 1505 2299 quain
1519 2266 1691 2300 voluptatem.

1041 2444 1109 2470 Her·
1126 2444 1157 2476 65
1172 2441 1253 2468 video
1266 2443 1315 2469 effe
1327 2443 1515 2470 ambulandum
1539 2446 1611 2472 [dem
1625 2448 1677 2472 Att.
1692 2455 1719 2479 4,
1733 2455 1757 2478 9.

1171 1961 1257 1979 merus
1270 1961 1358 1980 Virum
1373 1954 1484 1987 sapienti
1499 1952 1622 1979 facundia
1635 1954 1799 1987 praeditum,
1821 1962 1912 1980 vocem
1931 1955 2037 1981 mittere
2055 1957 2092 1981 ait
2112 1964 2167 1980 non
2185 1963 2218 1981 et

1169 1997 1226 2021 ore,
1235 1989 1277 2014 sed
1285 1998 1315 2015 ex
1324 1988 1439 2023 peftorc,
1454 1998 1507 2023 quo
1522 1989 1620 2015 scilicet
1630 1997 1683 2014 non
1697 1989 1728 2014 ad
1743 1990 1835 2014 sonum
1850 1990 1942 2022 magis,
1950 1989 2124 2024 habitumque
2137 1991 2221 2023 vocis,

1169 2033 1247 2060 quam
1256 2025 1286 2050 ad
1302 2025 1487 2050 sententiarum
1504 2031 1605 2058 penitus
1619 2030 1803 2056 conceptarum
1816 2023 1985 2049 altitudinem
2001 2026 2152 2058 pertineret.

1206 2067 1257 2096 QV
1266 2068 1284 2086 o
1295 2066 1311 2085 C
1324 2068 1332 2086 1
1344 2067 1361 2086 R
1372 2066 1388 2085 C
1400 2067 1430 2085 Λ.
1467 2060 1632 2085 (Σοηίυηὸῐίο
1646 2058 1791 2083 rationalis.
1828 2057 1989 2093 [roiyoe'erm]
2030 2061 2079 2090 Vt,
2099 2060 2221 2094 Quamob,

1759 2092 1839 2123 Qiod
1854 2101 1908 2126 quo
1926 2102 2008 2127 magis
2027 2093 2141 2129 intelligi
2162 2097 2222 2130 pos-

1172 2131 1222 2158 set,
1242 2132 1340 2162 niigere
1354 2129 1445 2153 animo
1457 2127 1573 2161 aliquem
1587 2126 1697 2152 iubebat
1710 2131 1777 2152 tanta
1793 2128 1930 2153 incitatum
1946 2129 2079 2163 voluptate
2093 2132 2223 2166 corporiS,

1173 2168 1269 2195 quanta
1295 2163 1395 2196 percipi
1421 2163 1500 2195 posl'et
1519 2161 1648 2191 maxima,
1667 2162 1769 2186 nemini
1788 2162 1907 2188 censebat
1926 2163 1985 2190 fore
2005 2165 2135 2200 dubium,
2153 2168 2222 2202 quin

1173 2196 1274 2223 taiiidiu
1295 2197 1357 2222 dum
1377 2197 1413 2222 ita
1436 2196 1576 2229 gauderet,
1597 2195 1666 2221 nihil
1687 2196 1786 2229 agitare
1801 2205 1902 2230 niente,
1923 2200 1991 2225 nihil
2007 2203 2126 2234 ratione,
2145 2203 2220 2230 nihil

1172 2232 1334 2264 cogitatione
1347 2231 1470 2264 consequi
1483 2231 1562 2264 posset
1576 2241 1581 2256 :
1619 2231 1744 2265 quocirca
1757 2231 1826 2257 nihil
1841 2234 1889 2259 effe
1903 2239 1957 2261 tam
1975 2234 2142 2271 detestabile,
2156 2246 2222 2266 tam·

1296 2300 1304 2306 .
1511 2302 1516 2306 .
1673 2302 1677 2307 .
1795 2269 1933 2308 ¹Quocirca
1947 2271 2013 2298 bene
2025 2274 2093 2308 apud
2107 2275 2222 2302 maiores

1172 2299 1276 2325 nostros
1290 2302 1396 2326 Senatus
1410 2299 1545 2330 decreuit,
1565 2309 1610 2328 etc.
1647 2303 1703 2329 Cic.
1722 2302 1754 2329 de
1767 2303 1860 2331 Dium.
1876 2314 1896 2339 1,
1911 2315 1943 2338 92
1958 2316 1980 2333 c.
1994 2317 2034 2340 41.

1198 2341 1257 2375 ,ἢν
1269 2341 1288 2360 0
1302 2341 1319 2361 C
1332 2342 1352 2376 Y
1363 2343 1396 2362 M.
1434 2336 1514 2370 [μεθ’
1529 2333 1563 2371 if]
1599 2338 1747 2372 Ablatiuus,
1763 2347 1812 2374 pro
1832 2350 1879 2376 quo
1899 2349 1973 2368 ctiam
1986 2343 2080 2371 dicitnr
2095 2345 2222 2379 Quicum.

1172 2371 1229 2411 Cic.
1243 2370 1274 2396 de
1288 2372 1380 2405 Legib.
1396 2380 1415 2405 1,
1431 2381 1463 2405 54
1499 2373 1568 2408 Ergo
1594 2375 1722 2400 assentiris
1747 2376 1882 2404 Antiocho
1905 2378 2132 2407 familiari‘meo:
2168 2391 2222 2408 nia·

1174 2406 1257 2440 gistro
1270 2408 1340 2433 enim
1355 2417 1408 2433 non
1423 2408 1507 2434 audeo
1522 2410 1625 2442 dicere,
1645 2419 1762 2444 quocum
1777 2412 1843 2439 vixi.
1945 2415 2015 2442 Cum
2041 2425 2089 2450 eo,
2105 2426 2222 2452 quocum

1209 2484 1341 2516 Qvocv
1353 2486 1375 2505 N
1387 2485 1469 2519 QVE.
1505 2480 1632 2515 [fii-miv]
1669 2484 1755 2523 Alilais.
1786 2492 1802 2509 a
1833 2479 2004 2521 Qi'icunque.
2039 2487 2104 2515 Ptin.
2125 2497 2173 2524 27,
2193 2498 2223 2518 12

1172 2515 1340 2551 Qiocunque
1356 2515 1418 2541 haec
1432 2515 1512 2542 niodo
1526 2517 1552 2542 se
1566 2517 1692 2550 habeant,
1713 2528 1753 2544 Vis
1767 2528 1858 2546 earum
1871 2521 1907 2547 est
1922 2523 2039 2556 spissare,
2061 2533 2089 2550 ac
2110 2525 2222 2560 refrige-

1172 2558 1240 2576 rare.
1347 2550 1396 2577 Sed
1411 2560 1570 2587 quocunque
1591 2559 1712 2586 tempore
1725 2554 1792 2581 mihi
1809 2556 1919 2591 potestas
1931 2559 1972 2585 tui
1986 2561 2126 2593 praesentis
2139 2561 2223 2588 fuerit

1174 2586 1231 2612 Cic.
1266 2586 1338 2613 Fani.
1368 2596 1388 2618 1,
1419 2596 1444 2620 9.
1642 2587 1662 2626 ‘ff
1686 2599 1697 2615 2
1735 2591 1910 2626 Qiocunque.
1933 2594 2002 2621 Adu.
2039 2597 2222 2632 [πανταχόσε]

67 2633 145 2652 eram
158 2623 280 2650 deductus
292 2623 321 2650 ad
339 2622 504 2654 Scaeuolam,
523 2622 603 2648 sumta
618 2621 692 2648 virili
705 2627 781 2657 toga,
801 2628 829 2650 vt
842 2622 930 2657 quoad
949 2623 1060 2656 poffem,
1082 2627 1108 2648 et
1123 2633 1159 2660 70
1172 2622 1239 2648 Pliu.
1252 2629 1274 2662 5,
1290 2630 1324 2657 27
1338 2623 1356 2649 s.
1371 2631 1402 2658 27
1425 2625 1526 2650 Taurus
1537 2634 1616 2657 mons,
1637 2626 1792 2653 Numerofis
1807 2629 1961 2657 nominibus
1973 2636 1999 2657 et
2012 2633 2092 2658 „ouis
2106 2642 2224 2667 quocun-

69 2661 179 2691 liceret,
199 2669 213 2686 a
234 2660 299 2686 fenis
319 2659 398 2686 latere
419 2667 552 2693 nunquam
571 2657 738 2684 discederem.
846 2659 881 2685 Vt
894 2659 953 2685 esses
968 2659 995 2684 in
1009 2658 1108 2689 Sicilia,

73 2696 159 2731 quoad
175 2695 252 2722 velles
287 2695 342 2722 Cic.
355 2696 425 2722 Fam.
441 2697 466 2727 6,
479 2699 502 2724 8.
597 2693 693 2726 Qioad
708 2693 755 2720 ille
768 2693 872 2720 viueret
899 2694 968 2728 Nep.
983 2698 1016 2726 18,
1030 2702 1066 2726 12,
1081 2702 1106 2720 2..

75 2731 170 2766 Quoad
184 2731 251 2758 vixit
282 2731 349 2758 Suet.
363 2730 473 2757 deClar.
485 2730 602 2756 Gramm.
611 2739 632 2755 c.
647 2738 685 2756 20.
723 2729 792 2765 conf.
804 2730 873 2765 Nep.
890 2738 926 2763 25,
940 2738 972 2762 11,
989 2738 1011 2763 5.
1048 2731 1112 2756 Cae-

71 2768 116 2794 *sai*
128 2767 190 2793 Bell.
205 2766 273 2794 Gall.
286 2774 307 2800 ς,
322 2774 349 2801 17
368 2767 462 2800 Neque
475 2765 553 2792 finem
565 2765 719 2800 insequendi
732 2765 867 2798 fecerunt,
887 2766 974 2800 quoad
993 2765 1108 2793 subfidio

76 2802 164 2830 confisi
185 2803 301 2838 equites,
325 2802 477 2837 praecipites
496 2801 582 2828 hostes
601 2807 718 2836 egerunt.

75 2838 169 2865 fecerit
182 2838 232 2865 iter
245 2838 359 2872 apertius
371 2847 448 2872 quam
461 2842 536 2864 antea
574 2837 629 2864 Cic.
641 2836 673 2864 de
686 2838 756 2871 Lege
771 2837 833 2872 Agr.
847 2846 867 2871 1,
883 2845 904 2870 ς.
999 2838 1053 2872 Ego
1066 2846 1109 2863 me

75 2874 168 2901 duceni
192 2873 218 2900 in
241 2873 315 2900 ciuili
334 2873 420 2906 bello,
441 2872 528 2908 quoad
548 2873 580 2899 de
591 2881 653 2907 pace
666 2878 801 2907 ageretur,
820 2873 898 2900 nolui
916 2873 964 2900 effe
983 2873 1038 2900 Cic.
1057 2875 1110 2899 Att.

76 2917 105 2945 7,
120 2919 140 2936 2.
210 2909 302 2944 Qioad
329 2910 397 2936 vixit
416 2910 484 2936 Suet.
511 2907 544 2934 de
565 2908 635 2935 Clar.
656 2909 774 2936 Graium.
794 2918 838 2936 20.
946 2909 1040 2942 Qioad
1059 2909 1110 2936 t‘bi

77 2952 190 2979 aequum
203 2952 227 2972 et
240 2945 340 2972 retium
352 2944 489 2972 videbitur
508 2945 563 2971 Cic.
576 2945 646 2971 Fam.
661 2953 695 2977 13,
709 2953 747 2978 ¹4-
815 2945 918 2979 leian.
934 2943 961 2970 in
976 2945 992 2970 Ι.
1006 2946 1022 2979 j.
1039 2919 1110 2971 θὴς

98 2981 195 3007 erie.'et
207 2983 272 3008 com.
285 2981 323 3007 rei
339 2980 415 3007 vend.

92 3025 135 3042 um
151 3016 271 3042 sustinere
282 3015 376 3049 debet,
393 3016 478 3051 quoad
491 3016 639 3050 degustetur
651 3018 751 3043 vinum.
845 3016 913 3043 Gell.
927 3024 954 3050 7,
970 3025 994 3042 21
1024 3016 1112 3051 Quoad

81 3054 150 3077 uiuet
175 3059 231 3077 cum
248 3051 357 3085 dicitur,
378 3053 441 3078 item
466 3051 545 3087 quoad
562 3054 694 3083 morietur,
714 3051 840 3079 videntur
859 3051 967 3087 quidem
986 3051 1052 3078 duae
1071 3060 1112 3078 res

82 3085 139 3112 dici
154 3087 296 3113 contrariae
312 3097 318 3113 z
351 3088 392 3114 sed
406 3086 476 3113 idem
488 3093 566 3123 atque
578 3096 660 3114 vnum
672 3095 774 3122 tempus
787 3093 898 3122 vtraque
911 3088 991 3115 verba
1005 3088 1112 3114 demon-

82 3121 172 3148 strant.
248 3132 249 3135 ¹
263 3122 329 3148 Item
340 3130 401 3150 >curn
415 3122 527 3156 dicitur,
543 3123 631 3158 Qi'oad
644 3124 746 3150 Senatus
758 3123 900 3153 habebitur,
921 3130 946 3149 et
962 3122 1050 3158 Quoad
1074 3123 1112 3151 Se-

826 2802 921 2828 Videte
940 2810 1009 2828 nunc
1023 2801 1110 2836 quoad
1130 2803 1162 2832 75
1176 2802 1252 2836 pedes
1271 2811 1430 2837 quocunque
1448 2803 1534 2830 ferent
1555 2804 1622 2831 Hor.
1637 2805 1718 2840 Epod.
1735 2809 1772 2838 16,
1787 2815 1825 2833 21.

435 2980 515 3014 Quod
528 2988 580 3006 non
595 2979 737 3014 designauit
749 2987 867 3016 tempus,
885 2986 990 3006 eatenus
1012 2981 1111 3016 pericu-
1122 2978 1154 3004 80
1174 2989 1206 3013 2,
1233 2989 1280 3014 149
1306 2990 1328 3008 c.
1354 2991 1397 3017 72.

1174 2666 1224 2692 que
1257 2658 1356 2684 incedit
1385 2658 1501 2693 insigni&
1573 2660 1621 2688 Sed
1645 2664 1740 2698 legitur
1765 2663 1937 2700 Qiacunque.

1175 2694 1265 2720 oculos
1279 2695 1427 2721 circumtuli
1450 2696 1556 2722 Eumen.
1574 2705 1622 2731 pro
1637 2698 1754 2725 Restaur.
1770 2698 1855 2726 Schol.
1871 2710 1892 2727 c.
1908 2703 1947 2728 16.

1175 2729 1221 2755 ille
1241 2730 1334 2765 sugere
1354 2731 1491 2765 potuisset,
1511 2732 1596 2766 ipsum
1612 2734 1685 2768 sequi
1699 2734 1768 2768 posse
1789 2735 1862 2762 Curt.
1876 2747 1904 2769 4,
1919 2745 1940 2770 ς,
1957 2742 1980 2768 8.

1176 2775 1227 2800 que
1260 2775 1301 2792 nie
1329 2773 1406 2793 verto
1433 2767 1490 2793 Seri.
1504 2768 1582 2802 Epist.
1598 2777 1630 2795 12.
1702 2770 1769 2796 Add.
1784 2772 1865 2799 I'acat.
1878 2772 1971 2808 I'aneg.
1986 2782 2008 2799 c.
2022 2782 2061 2809 37.

2055 2670 2223 2703 Quocunque

2052 2705 2221 2740 Quocunque

2098 2742 2223 2774 Qiocun-

2168 2778 2222 2809 Ire,

1250 2841 1254 2844 η
1289 2841 1292 2844 ¹
1326 2842 1328 2844 Ι
1941 2811 2072 2844 Eleganter
2085 2814 2224 2846 interponi-

1172 2844 1214 2863 tur
1228 2837 1306 2864 duffio
1319 2846 1385 2865 inter
1400 2840 1462 2872 Qio
1475 2849 1497 2865 et
1513 2841 1642 2874 eurique,
1655 2850 1700 2876 per
1718 2851 1769 2867 eom
1781 2842 1910 2880 figuram,
1942 2853 1983 2870 uae
2007 2845 2100 2879 Tmtfii·
2118 2847 2224 2875 dicitur.

1174 2874 1236 2907 Qio
1251 2882 1291 2900 res
1305 2883 1407 2909 cunque
1420 2874 1512 2901 cadent
1532 2875 1606 2909 Virg.
1622 2878 1686 2904 Aen.
1700 2886 1722 2909 2,
1737 2885 1798 2911 709.
1870 2853 1940 2906 Addq
1951 2881 2020 2907 Hor.
2034 2883 2087 2908 Od.
2101 2891 2126 2913 1,
2139 2891 2171 2917 7,
2185 2891 2223 2916 ἒς.

1175 2909 1222 2936 Sed
1233 2912 1306 2936 etiam
1339 2911 1395 2937 Cic.
1411 2910 1493 2937 Tufc.
1509 2920 1534 2943 2,
1549 2920 1572 2943 ις
1586 2921 1606 2937 c.
1621 2921 1633 2946 ς
1659 2914 1695 2939 Vt
1706 2914 1778 2939 enim
1792 2914 1851 2941 heri
1865 2915 1933 2948 feci,
1956 2916 1988 2942 lic
2001 2926 2068 2943 nuuc
2082 2919 2222 2952 rationem,

1175 2954 1229 2979 quo
1260 2954 1290 2972 ea
1322 2956 1365 2973 nie
1396 2955 1500 2981 cunque
1532 2948 1626 2981 ducet,
1653 2950 1755 2983 sequar.
1863 2951 1938 2987 Conf.
1970 2953 2043 2979 Ideni
2071 2953 2102 2979 de
2126 2955 2222 2981 Diuin-

1211 3023 1260 3056 qv
1271 3024 1289 3043 O
1299 3024 1318 3044 D
1327 3037 1333 3048 ,
1352 3019 1440 3049 cuius,
1465 3018 1518 3044 cui.
1558 3019 1618 3045 Adi.
1655 3019 1668 3053 [
1676 3020 1704 3045 τί
1714 3019 1791 3054 ποῖον]
1829 3021 2040 3058 Iiiterrogatizcura
2053 3029 2077 3050 et
2090 3025 2224 3052 relatiuam

1176 3049 1218 3085 est.
1257 3053 1409 3086 Substantiue
1418 3057 1524 3089 ponitur
1536 3057 1563 3080 in
1575 3053 1640 3087 iliis.
1711 3056 1759 3082 Cn.
1773 3056 1861 3090 Magn.
1878 3058 1991 3084 Lentulo
2000 3059 2048 3094 Jiib
2060 3059 2116 3086 cic.
2130 3062 2183 3087 Att.
2199 3067 2223 3094 8,

1177 3096 1202 3127 12
1219 3089 1273 3123 Ego
1286 3088 1317 3115 ad
1330 3090 1354 3116 P.
1370 3090 1474 3123 Lupum
1489 3096 1514 3116 et
1527 3091 1558 3117 C.
1572 3091 1724 3125 Coponium
1740 3092 1875 3118 Praetores
1890 3093 1963 3124 miii,
1984 3103 2012 3121 vt
2031 3095 2055 3120 se
2071 3096 2146 3122 vobis
2159 3106 2224 3123 con-

1176 3132 1332 3158 iungerent,
1353 3133 1378 3151 et
1393 3126 1514 3152 Militum
1530 3127 1602 3160 quod
1617 3126 1760 3159 haberent,
1780 3127 1810 3153 ad
1826 3137 1874 3154 vos
1893 3128 2059 3157 deducerent.
2166 3133 2224 3159 Ta-

83 3164 158 3182 natus
173 3155 331 3187 dimi-netum
366 3158 463 3185 tametsi
477 3159 560 3185 haberi
576 3165 655 3194 atque
669 3159 765 3185 dimitti
776 3160 908 3187 contraria
922 3160 978 3185 sunt
988 3164 1012 3189 3'
1031 3167 1111 3185 vnum
1133 3159 1162 3188 85
1177 3159 1222 3186 cit.
1238 3160 1305 3187 Hist.
1320 3169 1343 3194 ς,
1355 3170 1384 3193 23
1405 3161 1529 3195 Co'niplet
1544 3169 1570 3188 et
1583 3165 1654 3197 quod
1669 3163 1833 3196 Bircnfiuru,
1857 3173 1976 3199 quaeque
1997 3166 2109 3200 liinplici
2126 3169 2223 3195 ordine

82 3198 162 3226 atque
182 3192 208 3218 id
228 3192 310 3225 ipsum
323 3199 406 3220 tamen
419 3200 530 3228 vtroque
544 3194 572 3221 in
586 3195 669 3221 verbo
682 3195 838 3222 ostenditur.
891 3195 1029 3228 Tempora
1042 3195 1113 3221 enim

84 3228 138 3255 duo
151 3237 210 3254 cum
233 3227 300 3254 inter
319 3229 344 3254 se
354 3229 469 3264 opposita
482 3231 554 3262 sunt,
574 3237 652 3265 atque
668 3231 704 3257 ita
718 3230 900 3263 cohaerentia,
920 3236 947 3257 vt
962 3230 1069 3257 alterius
1084 3231 1112 3256 fi-

83 3264 124 3290 nis
137 3272 194 3290 cum
208 3263 314 3290 alterius
326 3263 402 3292 initio
415 3266 552 3293 misceatur
566 3276 574 3297 ς
609 3275 662 3292 11011
675 3267 772 3299 refert,
790 3274 879 3293 vtrnin
900 3275 945 3301 per
964 3266 1114 3292 extremita-

77 3305 137 3326 <em
152 3299 263 3333 prioris,
282 3307 313 3324 an
334 3307 378 3333 per
395 3300 499 3328 initium
520 3302 650 3336 sequentis
669 3302 742 3328 locus
760 3303 814 3337 ipse
828 3302 940 3329 confinis
955 3302 1113 3328 demonstre-

84 3341 136 3361 tur.

85 3371 167 3398 Plaut.
190 3369 276 3396 Pseud.
301 3378 326 3402 2,
346 3377 370 3402 2,
389 3378 430 3410 29..
462 3374 481 3398 i.
497 3372 531 3399 ad
549 3382 635 3408 quam,
653 3383 708 3409 qua.
814 3374 871 3401 Cic.
886 3373 918 3399 de
932 3374 960 3399 L.
975 3374 1036 3407 Agr.
1051 3383 1070 3405 3,
1085 3382 1114 3407 14

84 3415 106 3432 e.
117 3416 134 3439 4
151 3407 218 3433 Cum
231 3413 313 3446 vsque
328 3413 359 3431 eo
374 3413 473 3432 vicinos
487 3408 668 3442 proscriberet,
687 3409 774 3444 quoad
810 3424 856 3430 —-
892 3418 923 3436 ex
938 3409 1027 3435 multis
1043 3417 1115 3442 prae-

80 3442 136 3468 diis
150 3450 226 3468 vnam
240 3439 315 3467 fundi
329 3441 441 3467 formam
455 3444 599 3475 perfecerit.
687 3444 816 3471 Laudatur
835 3448 908 3471 etiam
928 3445 960 3471 de
975 3445 1004 3470 L.
1020 3446 1081 3478 Agr.
1098 3453 1115 3476 1,

84 3485 111 3504 111
124 3487 145 3504 c.
159 3486 177 3510 4
199 3476 245 3504 Sed
262 3477 296 3502 ibi
315 3474 379 3503 recte
398 3478 505 3512 legitur,
520 3480 600 3513 Qiod
615 3479 646 3507 ad
659 3478 790 3515 quemque
805 3481 943 3515 peruenit,
965 3480 1115 3515 peruenerit

82 3520 131 3539 cic.
149 3522 195 3539 non
208 3511 303 3546 quoad.

85 3548 181 3581 Quoad
196 3547 337 3582 longissime
349 3548 432 3582 potest
446 3556 517 3574 mens
529 3557 584 3576 inea
594 3551 722 3586 respicere
741 3552 851 3586 spatium
866 3552 1000 3586 praeteriti
1018 3558 1118 3585 tempo-

85 3584 123 3610 ris
139 3584 193 3610 Cic.
207 3591 254 3618 pro
268 3582 345 3610 Arch.
358 3591 374 3610 1.
469 3584 578 3617 Quoad,
590 3593 639 3621 pro
657 3589 760 3614 Interim
772 3587 837 3614 dum.
875 3587 1118 3620 Quinctil.10,3,3x

87 3617 145 3658 Nili
158 3619 227 3646 foi-te
241 3619 450 3646 membranarum
463 3620 537 3645 vsuni
550 3620 606 3647 vsus
618 3622 753 3650 infirmior
766 3624 867 3657 exiget:
903 3632 969 3658 quae
982 3630 1009 3650 vt
1026 3624 1117 3649 iuuant

85 3662 167 3680 ιεκιιι
176 3674 184 3686 ,
204 3656 239 3681 ita
251 3655 340 3681 crebra
353 3655 498 3687 relatione,
516 3655 601 3689 quoad
611 3657 776 3691 intinguntur
788 3659 897 3691 calami,
914 3665 1052 3686 morantur
1066 3667 1119 3684 ma-

87 3696 162 3721 num,
174 3697 198 3716 et
215 3690 309 3716 mentis
323 3690 450 3725 impetum
464 3691 596 3724 frangunt.

88 3724 175 3785 ‹iqluoad
187 3725 263 3751 nobis
277 3726 429 3752 nunciatum
443 3727 509 3759 erit,
531 3727 556 3752 se
574 3726 600 3752 id
616 3727 697 3756 fecisse
722 3731 778 3757 Cic.
793 3731 845 3756 Att.
860 3733 897 3761 16,
911 3733 947 3756 16.

113 3758 165 3793 los,
185 3760 268 3793 quoad
292 3761 337 3788 ille
359 3762 478 3795 veniret,
499 3771 558 3788 cuni
580 3762 702 3798 Pompeio
723 3765 850 3792 consumsi
884 3765 956 3792 Idem
980 3766 1034 3792 Att.
1054 3731 1118 3799 gig-f.»

88 3793 156 3822 Add.
175 3793 240 3834 ibid.
260 3805 288 3829 3,
307 3804 338 3828 13.
374 3804 397 3822 e!
416 3807 465 3831 pro
480 3797 549 3824 Sext.
562 3806 583 3823 c.
597 3802 631 3828 38.
665 3805 689 3825 et
701 3801 772 3828 Fam.
785 3810 806 3833 i,
819 3809 846 3834 9,
860 3806 900 3831 80.
936 3810 962 3835 7,
975 3804 1019 3832 26,
1031 3810 1057 3836 7.
1093 3807 1118 3826 et

106 3838 136 3856 ro
150 3829 208 3856 Mil.
222 3839 244 3857 e.
258 3839 294 3858 ιο.
363 3832 431 3868 Nep.
448 3841 482 3866 ις,
495 3842 519 3865 2,
533 3841 554 3867 ς.
591 3840 620 3873 ειι
632 3841 658 3866 9,
671 3843 691 3866 3·
726 3842 762 3870 ιε,
774 3845 801 3870 2,
814 3845 834 3862 2.
875 3844 900 3863 et
911 3839 938 3869 6,
952 3845 975 3863 2.
1047 3837 1116 3863 Suet.

115 3865 166 3901 esp.
181 3873 202 3892 c.
217 3874 245 3899 4.
277 3873 301 3894 et
312 3867 383 3896 Caes.
395 3877 417 3896 c.
429 3877 472 3902 29.
507 3877 531 3904 rt
542 3869 642 3896 Domit-
655 3877 678 3895 ς.
691 3878 713 3896 2.

407 3512 504 3545 Qioad
532 3516 618 3548 potuit
649 3516 745 3543 restitit
778 3517 835 3542 Cic.
856 3517 888 3542 de
902 3516 1002 3542 Seneet.
1019 3525 1039 3542 11
1054 3525 1074 3541 c.
1088 3524 1115 3549 4.
1130 3521 1162 3547 95
1180 3518 1281 3544 lianum
1295 3518 1450 3553 appellatur.

805 3870 900 3906 Quoad
918 3881 1013 3899 munus
1032 3871 1116 3901 officii
1123 3880 1168 3908 105
1183 3873 1265 3902 Plaut.
1281 3875 1355 3910 Capt.
1370 3883 1393 3908 3,
1407 3885 1430 3908 4,
1443 3880 1479 3904 82.

1170 3660 1213 3686 -1n
1227 3670 1259 3687 eo
1273 3660 1346 3696 quod
1359 3670 1402 3687 iiie
1419 3662 1518 3688 accusat
1531 3670 1598 3687 nune
1614 3660 1673 3693 vir,
1688 3661 1743 3687 sum
1775 3669 1848 3690 extra
1880 3665 1995 3691 noxiam.

664 3694 727 3721 Non
761 3694 856 3721 faciam
887 3694 966 3720 finem
991 3694 1100 3729 rogandi
1111 3705 1174 3724 ‚100
1184 3702 1292 3730 propter
1322 3697 1392 3731 quod
1406 3698 1415 3722 3
1454 3697 1582 3723 Hactenus
1613 3696 1740 3723 Donatus.

1177 3196 1328 3230 agebantur.
1436 3197 1527 3223 Tacit.
1543 3199 1609 3224 Anu.
1629 3207 1649 3230 1,
1663 3203 1704 3231 48,
1719 3206 1733 3224 2
1754 3200 1784 3225 Et
1797 3199 1868 3233 quod
1882 3202 1997 3228 maxime
2010 3203 2162 3230 Castrorum
2177 3203 2226 3231 {iii-

1177 3240 1267 3258 cerum
1281 3237 1347 3259 erat.
1451 3233 1531 3266 Qiod
1546 3234 1632 3260 Floris
1642 3254 1649 3266 ,
1670 3234 1742 3268 quod
1757 3235 1864 3261 roboris
1877 3236 1904 3262 iu
1917 3237 2055 3264 iuuentute
2068 3246 2139 3271 erat,
2157 3240 2225 3267 aini-

1178 3268 1261 3294 ferant
1280 3268 1340 3294 Liu.
1354 3275 1394 3303 37,
1430 3288 1437 3295 .
1476 3288 1481 3295 .
1553 3270 1644 3296 Tacit.
1659 3270 1726 3296 Hist.
1742 3278 1767 3302 2,
1783 3280 1820 3303 44
1837 3272 1867 3296 Et
1879 3280 1893 3297 a
1906 3272 2000 3298 Flauio
2012 3273 2109 3300 Sabino
2122 3277 2226 3309 praefe-

1180 3302 1224 3329 eto
1242 3303 1317 3330 vrbis
1340 3304 1411 3338 quod
1437 3310 1492 3331 erat
1514 3305 1541 3331 in
1563 3305 1629 3332 vrbe
1650 3306 1769 3332 Militum
1795 3307 1953 3334 sacramento
1969 3309 2073 3335 Vitellii
2092 3311 2224 3339 31138111111,

252 3334 368 3367 Arge-nto
394 3334 454 3362 haec
474 3336 529 3363 dies
548 3338 697 3371 praestituta
719 3338 772 3371 cst,
797 3338 883 3374 quoad
908 3338 1018 3365 referret
1037 3337 1114 3364 nobis
1128 3340 1164 3366 90
1179 3339 1234 3365 Cic.
1249 3349 1296 3374 pro
1309 3340 1387 3366 Dom.
1402 3348 1439 3367 111
1461 3341 1686 3368 Ornamentoruni
1701 3342 1772 3375 quud
1787 3342 1916 3375 superfuit
1948 3356 1993 3363 ——-
2028 3344 2137 3372 domum
2152 3349 2225 3374 suam

1179 3375 1338 3409 deportauit.
1536 3374 1556 3411 q
1578 3386 1593 3403 2
1630 3376 1709 3411 Quod
1719 3397 1726 3407 ,
1743 3378 1866 3402 interdum
1881 3378 1914 3404 ad
1926 3387 1953 3405 ea
1968 3379 2096 3416 referrw,
2116 3390 2176 3418 qnae
2184 3383 2224 3418 se-

1197 3419 1295 3438 uuntur.
1333 3411 1387 3439 Cic.
1404 3412 1457 3438 Att.
1471 3420 1497 3445 2,
1512 3421 1524 3444 3
1546 3414 1701 3447 Pompeius,
1720 3412 1802 3438 nostri
1817 3421 1935 3446 amores,
1953 3416 2025 3449 quod
2041 3417 2108 3443 milii
2121 3419 2224 3445 summo

1197 3446 1267 3473 olori
1281 3446 1325 3479 est,
1347 3448 1400 3482 ipse
1414 3448 1438 3474 [e
1451 3448 1553 3475 afflixit.
1658 3450 1698 3475 Sic
1711 3448 1745 3473 ad
1757 3449 1966 3484 Gfutaesfi’quentis
1979 3456 2085 3478 nominis
2098 3463 2227 3480 accomma-

1180 3482 1254 3509 datur
1266 3484 1412 3514 relatiuam,
1448 3483 1547 3510 Sallust.
1562 3483 1590 3509 in
1606 3483 1684 3510 Catil.
1700 3491 1727 3516 55
1748 3483 1787 3509 Est
1803 3482 1874 3510 locus
1889 3485 1916 3511 in
1930 3495 2047 3520 carcere,
2071 3489 2143 3521 quod
2156 3490 2228 3516 Tul-

1567 3520 1646 3552 Qiod
1656 3539 1664 3551 ,
1682 3520 1828 3553 ‹ihfhlutum‚
1841 3527 1889 3555 pro
1903 3523 1971 3557 ‚Qme
1985 3532 2033 3549 res.
2071 3525 2138 3551 Ter.
2159 3525 2227 3552 Eun.

1182 3562 1205 3586 3,
1221 3562 1238 3585 i,
1252 3563 1279 3587 5,-
1318 3556 1365 3582 Par
1397 3554 1451 3588 pari
1472 3555 1589 3587 referto,
1610 3554 1681 3588 quod
1701 3563 1758 3580 eam
1772 3556 1900 3583 mordeat.
2005 3560 2101 3592 Qiod‚
2120 3563 2226 3596 Propter

1181 3589 1254 3625 quod.
1309 3590 1378 3617 Ter.
1396 3591 1491 3622 Hecyr.
1505 3598 1529 3622 2,
1544 3599 1566 3622 3,
1581 3599 1593 3622 3
1618 3590 1688 3617 Nam
1701 3590 1755 3620 (ita
1767 3599 1810 3616 mc
1824 3599 1911 3619 amerit
1925 3592 1971 3624 dt)
1987 3595 2057 3628 quod
2071 3604 2113 3621 rne
2126 3597 2225 3623 accusat

1182 3633 1250 3651 nunc
1265 3626 1318 3658 vir,
1342 3627 1398 3652 suiii
1412 3631 1485 3652 extra
1498 3626 1616 3652 noxiam.
1691 3625 1740 3651 Vbi
1768 3626 1887 3654 Donatus
1909 3640 1914 3654 :
1950 3629 2025 3656 Deest
2039 3631 2069 3656 11².
2080 3640 2129 3663 eo,
2145 3639 2174 3658 vt
2186 3632 2226 3663 fit,

2067 3667 2108 3693 Ari
2137 3667 2226 3700 Qiod,

1844 3699 1917 3726 Ideni
1931 3702 2011 3730 Andr,
2028 3710 2047 3732 1,
2061 3711 2081 3734 ς,
2094 3711 2120 3735 54
2144 3703 2224 3736 Qiod

1183 3740 1232 3765 ego
1248 3741 1294 3765 per
1307 3732 1372 3759 hanc
1383 3740 1409 3758 te
1421 3731 1554 3758 dexteram
1568 3740 1634 3764 oro,
1647 3738 1673 3758 et
1685 3732 1793 3767 genium
1809 3740 1894 3761 tuum.
2012 3737 2090 3763 Nune
2105 3738 2171 3764 iliud
2179 3738 2226 3770 est,

1183 3767 1255 3801 quod
1277 3767 1294 3793 ss
1317 3768 1407 3794 omnia
1426 3776 1516 3794 omnes
1538 3769 1582 3793 fua
1594 3767 1701 3794 consilia
1714 3769 1865 3801 conferant,
1900 3772 1986 3805 Atque
1999 3772 2060 3798 huic
2075 3775 2144 3800 malo
2161 3774 2226 3800 salu-

1182 3807 1235 3829 tem
1263 3810 1404 3837 quaerant,
1424 3803 1492 3830 nihil
1516 3802 1610 3830 auxilii
1623 3803 1732 3830 afferant
1761 3805 1829 3832 Ter.
1850 3805 1961 3840 Adelph.
1974 3817 1996 3840 Ξ,
2010 3817 2036 3840 2,
2052 3818 2071 3834 1.
2161 3809 2226 3836 Gar-

1182 3839 1243 3869 riet,
1258 3839 1329 3873 quod
1342 3840 1422 3871 (circa
1429 3838 1513 3872 quod,
1521 3839 1620 3875 inquo)
1633 3847 1719 3873 neque
1726 3848 1769 3874 pes
1779 3850 1894 3875 vnquain
1902 3852 1988 3877 neque
1995 3851 2071 3877 caput
2079 3850 2227 3878 compareat

1575 3874 1650 3902 Idem
1663 3876 1738 3911 Epid.
1755 3884 1774 3909 3,
1789 3886 1816 3909 4,
1829 3882 1864 3903 20
1888 3879 2017 3906 Animum
2031 3879 2142 3907 aduerte
2157 3890 2162 3905 :
2198 3885 2228 3905 vt

1558 3919 1570 3937 Β
2156 3912 2229 3948 quod
