2434 4156
261 120 326 160 187
615 98 911 149 ,RES

265 200 321 224 fimt
335 192 405 219 enlm
418 191 465 225 qui
480 191 623 225 loquantur
635 189 714 216 etiam
728 198 839 215 meeum.
947 187 1003 214 Cic.
1024 187 1056 214 de
1074 185 1160 213 Finib.
1177 192 1199 215 2,
1213 192 1230 216 9
1249 193 1269 210 c.
1285 193 1297 216 3

262 229 404 258 Eadenine‚
426 228 547 261 inquam,
565 234 631 260 quae
645 224 767 251 restinc‘ia
781 225 861 251 Sitis?
896 223 982 250 Immo
994 224 1049 250 alio
1061 228 1154 258 genere
1166 230 1171 244 :
1206 219 1296 245 restin-

261 264 301 290 &a
313 262 384 288 enim
398 262 459 289 Sitis
474 261 641 289 stabilitatem
655 260 798 295 voluptatis
813 258 907 292 habet,
927 259 1024 293 inquit.
1119 257 1194 288 virg.
1211 254 1295 288 Ecl.5,

260 305 297 332 47
333 297 411 324 Sitim
431 297 592 331 restinguere
621 297 691 323 riuo.
785 294 876 321 studia
891 305 897 321 ς
933 295 988 321 Cic.
1004 294 1031 320 in
1044 295 1116 319 Orat.
1132 297 1144 322 5
1171 289 1227 315 Nec
1243 290 1297 323 ipse

259 332 412 360 Aristoteles
427 332 577 359 admirabili
592 332 705 366 quadam
718 332 825 358 scientia
837 337 862 357 et
875 330 951 365 copia
970 334 1131 356 caeterorum
1152 324 1242 351 Studia
1258 333 1298 351 re-

259 368 359 395 stinxit.
466 368 636 402 Restinguere
649 368 783 394 incensum
793 386 800 397 ,
818 366 913 397 Sedere,
924 367 1000 392 lenire
1037 363 1103 389 Ter.
1119 360 1223 386 Phornt.
1238 367 1261 392 5,
1274 365 1298 392 8,

259 408 297 434 82-
414 403 486 430 Idem
502 404 568 429 Eun.
584 412 604 435 1,
618 412 636 436 i,
652 412 679 434 ²⁴
718 404 789 429 Haec
802 401 889 428 Verba
907 401 998 434 (irata
1012 405 1034 425 et
1046 398 1173 436 minafia)
1195 396 1298 422 meher-

259 439 319 465 cule
331 448 382 465 vna
395 439 456 465 falsa
470 438 623 471 lacrimula,
656 440 742 472 Qiam
755 438 847 464 oculos
861 436 971 463 terendo
985 435 1077 461 misere
1095 439 1141 457 vix
1156 431 1184 458 vi
1198 431 1299 465 expres-

259 475 338 507 serit,
374 474 536 509 Rcstinguet.
746 472 766 510 fl
793 482 804 505 3
840 471 976 506 Restingui
990 470 1106 495 det-untur
1125 476 1168 499 ea,
1189 476 1249 502 quae
1269 466 1297 492 ob

258 512 380 537 viciniam
398 513 501 538 maioris
523 511 586 536 lucis
605 509 687 536 videri
701 508 827 543 desinunt,
852 516 926 543 atquc
939 506 997 533 odeo
1009 505 1088 530 mitior
1101 503 1143 528 lux
1157 502 1297 536 restinguit

257 548 384 572 minorem.
455 546 559 572 Lucret.
573 554 594 577 3,
607 553 668 579 ¹057
688 546 717 571 cle
733 546 836 580 Epicuro
846 564 853 574 ‚
869 544 923 576 Qii
936 548 1014 575 genus
1029 538 1172 564 humanum
1187 538 1295 573 ingenio

257 580 408 615 superauit,
429 587 454 607 et
467 590 558 607 omncs
571 580 715 612 Restinxst,
735 580 816 606 stellas
830 586 936 605 exortus
949 576 987 602 vti
1001 573 1131 601 aetherius
1149 573 1201 600 Sol.
1255 574 1297 600 Sic

257 616 360 651 Salmas?
374 616 470 643 Creech.
485 619 591 643 Hauerc.
621 616 680 642 lVid.
706 618 955 642 PRAEsTlNGVO.
1062 608 1128 636 Idem
1140 609 1218 635 Lucr.
1228 617 1296 641 5,121

257 653 315 686 Qu
334 652 438 678 ratione
455 653 498 678 sua
517 651 662 678 disturbent
678 651 783 677 moenia
796 649 891 676 Mundi
905 645 1121 679 Praeclarunique
1135 645 1219 671 velint
1230 644 1297 670 caeli

256 687 416 721 restinguere
430 688 526 713 Solem.
596 686 744 722 Metapbora
757 687 807 711 alia
817 705 825 717 ‚
849 685 876 709 dc
890 681 1079 717 disputantibus.

296 729 315 750 R
328 730 365 749 rs
375 730 395 749 ‘r
406 731 413 749 1
423 730 444 748 N
454 729 470 748 C
481 728 501 748 Τ
511 730 563 754 vs,
578 730 601 754 a,
620 731 672 748 um.
710 721 803 748 Panic.
840 716 1021 752 [εἰποσβειθεὶς]
1060 716 1115 742 Cic.
1129 716 1200 742 Fam.
1215 724 1248 747 n,
1267 723 1296 741 12

256 759 294 785 Ex
313 758 364 784 tuis
378 758 480 790 literis,
496 764 521 784 ct
544 767 575 784 ex
601 757 723 784 Graeceii
745 756 882 785 oratione,
902 761 956 779 non
974 752 1054 778 modo
1073 760 1127 777 non
1142 751 1296 777 restinchun

257 793 371 824 belluni,
390 793 431 820 sed
448 794 527 820 etiam
542 794 732 820 inflammatum
746 791 859 818 videtur.
967 787 1108 814 Restinciis
1129 787 1181 813 iani
1195 787 1297 812 animo-

256 838 318 856 rum
331 828 461 855 incendiis
480 828 537 855 Cic.
552 830 580 855 in
593 830 666 856 Orat.
679 837 699 853 c.
709 832 730 856 8.
838 823 969 851 Κεῆἰηὲὶᾶ
982 823 1017 849 est
1031 822 1124 849 seditio
1133 843 1141 854 ‚
1158 823 1298 848 inuentum

256 866 293 890 cst
305 871 539 898 temperamentum
570 865 626 891 Cic.
648 863 679 889 de
693 860 787 895 Legib.
800 870 820 893 3,
835 869 878 894 24.
986 860 1090 894 Proprie
1109 857 1243 884 Rcstinolo
1257 866 1299 891 ag-

252 908 316 934 gere
334 901 406 926 Caes.
422 901 449 927 B.
464 900 496 926 G.
504 908 531 935 7,
544 909 582 931 25.
596 899 635 935 sc.
649 897 760 924 ardente.
867 896 957 930 Vapor
968 893 1106 921 restinctus
1119 893 1206 920 omnis
1223 893 1299 927 Virg-

252 937 316 962 Aen.
330 943 359 968 ς,
373 940 429 968 698.

288 977 402 998 RESTI
414 977 436 996 N
448 976 468 996 G
481 975 594 996 V1131L
606 975 646 1000 IS,
659 977 682 995 e.
710 967 770 994 Adi.
807 966 945 1001 Augustin.

289 1013 333 1032 RE
343 1013 386 1033 sT
396 1013 404 1030 1
415 1012 435 1030 N
445 1010 463 1030 c
474 1011 496 1031 Τ
508 1013 515 1030 1
527 1012 561 1035 ο,
591 1004 659 1030 onis.
690 1003 710 1030 f.
746 1002 915 1037 [εἰπέσβεαις]
951 1000 1008 1026 Cic.
1031 1000 1063 1027 de
1075 998 1164 1026 Finib.
1180 1007 1207 1031 2,
1220 1007 1238 1031 9
1249 1007 1270 1025 e.
1285 1007 1297 1030 3

251 1040 300 1067 Illa
312 1046 399 1067 autem
406 1040 533 1073 uoluptas
546 1039 623 1074 ipfius
637 1039 816 1066 restinctionis
832 1038 858 1063 in
872 1043 947 1064 motu
964 1036 1008 1062 est.

252 1088 254 1091 ·
287 1083 305 1102 R
314 1083 331 1103 E
340 1084 353 1103 S
363 1082 383 1101 T
393 1082 401 1101 1
412 1082 442 1107 O,
455 1078 493 1101 fui
502 1096 510 1108 ‚
523 1079 604 1107 itum,
631 1079 681 1102 ire.
717 1073 765 1107 ist,
784 1073 828 1100 Ad
839 1072 1007 1111 refirendigm,
1026 1069 1200 1102 laborandum,
1218 1071 1295 1096 colen-

251 1110 335 1137 dumne
349 1114 433 1147 aprum'
445 1109 496 1144 esst.
551 1111 622 1138 Certe
641 1114 679 1137 ita
698 1113 860 1145 interpretari
869 1108 945 1144 poffis
953 1127 960 1139 ‚
981 1107 1044 1142 quou'
1057 1105 1089 1139 est
1102 1110 1129 1132 ιιι
1143 1107 1203 1132 Vet.
1217 1106 1295 1131 Gloss.

252 1146 353 1174 Restire
367 1148 526 1179 παλιμφνᾱν.
597 1146 725 1173 Laudatus
735 1145 768 1178 est
781 1149 855 1172 etiam
891 1144 1020 1171 Columel.
1037 1151 1058 1174 3,
1072 1151 1115 1174 21,
1131 1150 1146 1173 9
1184 1141 1254 1167 Nam
1269 1146 1295 1167 et

251 1191 319 1216 quae
332 1182 424 1209 restire
438 1182 569 1216 incipiunt
582 1182 737 1217 tempestiue
751 1182 874 1215 leguntur
887 1190 892 1205 :
928 1186 953 1206 et
967 1187 1033 1213 quae
1047 1178 1165 1203 nondum
1186 1176 1294 1203 maturi-

251 1223 332 1244 tatem
345 1223 471 1253 ceperunt
484 1227 565 1249 vuae,
585 1218 637 1244 fine
653 1217 791 1252 dispendio
804 1216 971 1243 differuntur.
1042 1214 1131 1249 Nescto
1146 1213 1208 1239 unde
1229 1221 1294 1238 accc-

244 1257 316 1288 pcrit
330 1255 459 1289 Calepinus
471 1264 479 1278 .·
515 1263 571 1279 nam
583 1254 614 1279 ab
626 1254 670 1280 hoc
684 1254 829 1288 Stephanus.
919 1252 1022 1286 Legitur
1036 1253 1100 1275 enim
1112 1252 1139 1274 in
1153 1250 1295 1283 exemplari-

249 1290 310 1321 bus,
323 1296 386 1324 puto
398 1289 517 1319 omnibus,
532 1290 564 1315 Et
579 1297 645 1322 quae
658 1290 831 1316 maturescere
845 1287 984 1321 incipiunt.

286 1331 305 1350 R
316 1329 333 1350 E
344 1331 357 1350 S
366 1330 405 1349 TI
416 1330 430 1349 Ρ
440 1322 483 1349 V‘L
494 1330 513 1350 Ο
521 1331 551 1355 R,
564 1324 614 1350 ari.
649 1324 857 1358 [ἐντεπερωτοέω]
897 1318 1142 1356 Viciffimstipulari,
1150 1326 1173 1346 et
1186 1326 1293 1345 mutuam

242 1357 396 1394 sponsionem
408 1361 513 1394 exigere.
583 1358 669 1384 Valer.
683 1360 753 1385 Max.
767 1367 792 1390 2,
806 1367 828 1390 3,
842 1367 851 1384 ι
871 1358 992 1384 Valerius
1007 1355 1143 1389 sponsione
1158 1354 1292 1381 Lutatium

250 1394 417 1428 prouocauit,
432 1403 485 1420 non
499 1394 524 1419 se
537 1394 681 1428 petiturum
695 1392 871 1426 triumphum,
883 1392 931 1418 nisi
947 1393 994 1417 suo
1007 1391 1087 1416 ductu
1104 1391 1200 1417 Punica
1214 1390 1291 1416 claffis

250 1431 311 1456 esl'et
325 1430 455 1465 oppressa:
491 1438 537 1455 nec
554 1428 688 1456 dubitauit
706 1427 855 1462 restipulari
870 1426 997 1452 Lutatius.
1113 1426 1208 1450 Dotem
1230 1425 1293 1450 filiis

249 1466 302 1491 suis
314 1465 463 1500 restipulari
487 1464 565 1499 Apul.
579 1465 655 1499 Apol.
671 1473 687 1491 2
700 1473 724 1498 p.
738 1469 788 1496 338.
859 1462 934 1498 Conf.
950 1460 967 1486 l.
983 1469 1010 1492 43
1025 1458 1048 1495 6.
1062 1468 1071 1485 1
1090 1459 1122 1485 D.
1144 1459 1176 1485 de
1194 1458 1291 1484 damno

248 1501 300 1527 inf.
403 1501 459 1528 Cic.
474 1509 523 1535 pro
538 1501 612 1527 Rosc.
620 1501 698 1526 Com.
713 1508 738 1532 ἒς
755 1509 776 1526 c.
794 1507 818 1530 13
845 1498 910 1524 Tua
922 1505 974 1523 vox
989 1495 1024 1528 cst
1038 1495 1120 1521 Fanni
1135 1505 1141 1520 :
1176 1494 1241 1528 quid
1261 1500 1291 1520 tu

248 1536 351 1563 auferri
369 1537 437 1570 petis
456 1545 470 1563 a
490 1536 600 1568 Flauio,
622 1535 639 1562 si
654 1535 761 1562 Flauius
774 1533 843 1560 nihil
857 1533 934 1559 debet
948 1534 957 1558 3
994 1531 1058 1565 quid
1070 1530 1113 1556 hic
1127 1538 1208 1564 porro
1222 1539 1292 1556 nunc

1311 1399 1339 1424 3)·
1354 1402 1374 1424 3,
1388 1394 1425 1424 16,
1440 1397 1467 1424 38
1482 1393 1500 1417 s.
1515 1397 1579 1417 extr.

1719 93 1750 133 R
1856 93 1890 132 E
1997 94 2024 133 S
2329 103 2387 144 188

1358 187 1432 214 tuisse
1444 186 1508 213 dies.
1595 184 1667 210 Caes.
1682 182 1744 208 Bell.
1761 181 1844 208 Ciuil.
1859 189 1882 214 3,
1893 184 1928 208 60
1953 184 2039 217 Qiam
2055 183 2181 209 maximas
2196 187 2337 216 potuerunt
2347 194 2387 219 pe.

1358 223 1447 249 cunias
1458 220 1586 252 mutuati,
1606 218 1713 253 perinde
1727 226 1755 243 ac
1769 217 1820 243 suis
1833 217 1992 251 satisfacere,
2009 225 2034 245 et
2049 219 2178 245 Fraudata
2190 218 2325 245 restituere
2337 221 2386 248 vel.

1359 258 1422 284 lent.
1492 259 1521 284 In
1537 255 1667 282 Gaudium
1681 253 1817 280 restituere
1845 252 1927 278 Plaut.
1938 254 2019 280 Merc.
2033 262 2054 286 ς,
2070 263 2096 286 2,
2110 263 2156 288 44.
2246 254 2312 280 Ter.
2325 255 2386 284 Hec.

1359 302 1383 325 3,
1397 301 1416 325 1,
1430 301 1451 319 ιι
1476 293 1541 320 Rem
1561 290 1709 325 cognosces,
1732 289 1798 315 iram
1819 287 1956 321 expedies,
1976 290 2078 316 rursum
2092 290 2119 315 in
2133 290 2251 315 Gratiam
2264 289 2388 320 restituet.

1360 329 1416 355 Cic.
1429 327 1461 354 de
1475 327 1593 354 Prouinc.
1608 325 1714 352 Consul.
1730 333 1759 356 23
1791 323 1844 350 Hic
1859 331 1900 348 me
1914 332 1985 350 meus
1998 325 2025 351 in
2038 325 2176 359 Rempubl.
2191 325 2292 350 animus
2307 326 2387 358 pristi.

1359 372 1407 390 nus
1426 372 1454 389 ac
1472 372 1505 397 pe
1536 363 1595 388 nnis
1617 370 1676 387 cum
1698 360 1728 386 C.
1743 360 1851 386 Caesare
1865 358 1974 390 reducit,
1982 360 2146 390 reconciliat,
2160 360 2274 386 restituit
2286 360 2314 386 in
2326 361 2387 389 Gra.

1358 399 1431 425 tiam.
1500 372 1534 424 sii
1545 399 1684 424 Honorem
1698 395 1892 422 Tribunicium
1911 394 1982 420 Caes.
1995 395 2058 422 Reii.
2074 395 2155 422 Ciuil.
2175 404 2195 428 1,
2209 405 2246 427 77.
2333 397 2386 425 Cic.

1357 443 1406 468 pro
1419 433 1511 466 Quint.
1526 441 1554 467 71
1570 442 1591 459 c.
1605 442 1637 459 22
1673 431 1820 458 Dicendum
1839 430 1978 455 necessario
1997 431 2046 462 est,
2069 431 2243 458 restituendae
2257 430 2345 457 Horae
2356 432 2386 459 ad
2419 453 2421 458 .

1357 469 1497 496 arbitrium
1510 468 1636 495 nostrum.
1708 468 1755 494 Sed
1766 466 1837 492 hodie
1847 468 1952 501 legitur,
1970 465 2177 493 Praestituendae
2185 487 2194 499 ‚
2210 467 2249 492 ve!
2260 466 2386 493 Constitu.

1358 504 1447 531 endae.
1550 503 1695 538 Imperium
1707 501 1806 536 Populo
1820 502 1896 527 Rom.
1931 500 1997 527 Plin.
2015 509 2048 535 7,
2063 505 2105 529 26.
2214 502 2245 527 ln
2258 502 2387 535 Integrum

1359 539 1511 572 restituere,
1530 542 1548 565 i.
1564 542 1591 564 in
1603 538 1766 565 conditionem
1780 544 1803 563 et
1817 540 1856 562 ius
1863 540 1938 573 prius
1951 542 1973 561 et
1990 540 2092 564 maxime
2100 541 2213 573 pertinet
2227 537 2261 563 ad
2273 546 2309 563 eoi
2318 556 2326 569 ,
2348 541 2387 573 qui

1358 575 1449 601 iudicio
1457 574 1685 610 domitatifuerant.
1721 573 1857 600 Cic.Verr.
1866 582 1887 603 ς,
1895 580 1917 597 ι2
1924 581 1944 598 c.
1954 574 1969 597 6
1978 571 2033 597 Hos
2040 572 2123 599 solent
2132 574 2216 599 exitus
2223 572 2341 598 exitiales
2347 573 2387 600 ha.

1358 609 1466 641 berem
1475 611 1588 636 damnati
1596 610 1623 635 in
1631 611 1764 643 integrum
1778 608 1957 639 restituantur,¹
1974 606 2059 633 vineti
2073 607 2308 641 soluantur,exules
2316 608 2387 635 redu-

1358 650 1458 671 cantur.
1492 646 1559 671 Ter.
1567 644 1701 677 Phorma,
1709 654 1735 677 4,
1745 653 1765 670 ii
1774 644 1852 677 Qiod
1862 650 1886 669 te
1894 643 1996 669 absente
2004 641 2046 669 hic
2054 642 2123 670 filius
2137 644 2190 679 egit
2204 643 2305 670 restitui
2314 643 2341 669 in
2349 644 2388 671 In-

1315 691 1340 716 ¹5
1356 687 1470 715 tegruin,
1479 689 1590 715 aequum
1599 680 1634 706 est
1642 687 1667 706 et
1674 680 1782 706 bonum.
1839 680 1895 705 Cic.
1903 687 1950 712 pro
1957 678 2060 705 Cluent.
2069 684 2100 710 98
2107 689 2127 705 c.
2135 682 2167 712 3⁶
2187 680 2260 711 Qios
2269 679 2388 709 (ambitui
2414 704 2415 712 ,

1358 716 1561 747 condemnatos)
1579 725 1628 750 ego
1646 724 1699 742 non
1719 716 1747 741 id
1767 715 1838 742 circo
1856 715 1973 741 arbitror
1993 714 2019 739 in
2039 714 2171 748 integrum
2190 715 2238 741 eil'e
2250 713 2388 747 restitutos,

1359 751 1431 787 quod
1454 751 1559 785 planum
1579 751 1691 778 fecerint
1725 766 1770 771 —
1805 750 1848 777 sed
1867 749 1939 784 quod
1959 749 2091 775 iudicibus
2105 750 2260 784 probarint,
2278 749 2348 783 quod
2359 749 2387 776 iti

1359 787 1465 814 eosdem
1485 795 1580 820 genere
1598 787 1625 812 in
1644 795 1699 821 quo
1718 786 1764 820 ipsi
1783 786 1958 817 offendissent,
1979 786 2046 811 alios
2065 785 2301 820 reprehendissent,
2321 785 2346 811 se
2356 784 2386 812 ad

1359 823 1475 858 praemia
1488 822 1552 856 legis
1564 822 1656 848 venire
1670 827 1801 856 oportere.
1892 823 1935 847 Ius
1949 820 2083 847 restituere
2098 827 2215 855 ereptum
2234 820 2314 847 Ouid.
2327 819 2388 848 Fast-

1311 867 1346 885 20
1360 868 1380 891 i,
1395 860 1454 885 626.
1489 859 1523 884 al.
1539 858 1683 883 Exeintum.
1775 858 1807 884 In
1821 857 1920 884 Locum
1934 856 2072 890 antiquum
2081 858 2178 891 gratiae
2191 864 2216 882 et
2229 855 2339 882 honoris
2351 864 2388 883 re.

1359 894 1468 921 stituere
1488 894 1559 920 Caes.
1573 893 1635 919 Bell.
1650 892 1718 918 Gall.
1733 902 1750 924 ι,
1767 898 1799 922 18.
1871 893 1926 919 Cic.
1940 894 1992 919 Att.
2006 900 2032 924 2,
2045 901 2070 924 23
2096 893 2212 918 Primum
2227 891 2293 917 illud
2306 897 2331 917 te
2344 891 2387 918 sci·
2403 895 2409 917 l

1357 939 1386 956 re
1401 930 1480 962 volo,
1497 928 1724 962 Sampsiceramum
1740 928 1857 955 nostrum
1868 929 1982 955 amicum
2002 928 2171 954 vehementer
2189 928 2229 954 sui
2240 927 2318 954 status
2331 935 2388 961 poe-

1320 974 1323 977 ⁴
1357 966 1457 996 nitere,
1477 964 1632 998 restituique
1644 963 1672 989 in
1687 972 1747 989 eum
1762 963 1862 990 Locum
1875 973 1970 999 cupere
1983 972 2014 989 ex
2027 972 2080 998 quo
2093 964 2200 990 decidit.
2282 963 2388 990 Nomen

1358 1002 1435 1027 suum
1448 1000 1527 1026 alicui
1548 1000 1620 1026 Caes.
1634 999 1696 1025 Bell.
1711 998 1792 1025 Ciuil.
1806 1007 1831 1030 2,
1843 1007 1882 1031 32.
1952 1004 1960 1011 ·
1970 999 2112 1026 Patientiae
2126 999 2208 1025 veteri
2222 998 2336 1033 aliquem
2349 1007 2388 1025 re-

1313 1043 1345 1069 25
1356 1037 1463 1063 stituere
1490 1035 1582 1062 Tacit.
1597 1035 1625 1060 in
1638 1035 1700 1061 Vita
1713 1034 1801 1068 Agric.
1814 1044 1835 1060 c.
1851 1037 1887 1061 16.
1955 1035 2011 1062 Cic.
2026 1044 2074 1069 pro
2089 1036 2193 1061 Caecin.
2209 1037 2238 1066 36
2257 1035 2287 1060 In
2300 1034 2387 1060 Posses·
2412 1055 2414 1060 ,

1356 1073 1456 1099 sionem
1470 1071 1499 1097 in
1514 1070 1658 1105 praesentia
1669 1079 1723 1096 non
1735 1070 1892 1097 restituetur.
1976 1071 2117 1103 Praeliuui‚
2135 1070 2186 1096 siue
2199 1079 2311 1105 pugnam
2329 1070 2386 1097 Liu.

1358 1111 1384 1141 6,
1401 1113 1422 1137 8.
1493 1108 1566 1133 Idem
1579 1116 1608 1140 4,
1621 1111 1658 1138 38.
1728 1106 1784 1132 Cic.
1800 1114 1848 1139 pro
1860 1106 1935 1133 Rosc.
1949 1108 2036 1133 Amer.
2050 1115 2092 1141 ¹¹4
2114 1107 2211 1133 Nonne
2224 1106 2242 1132 si
2257 1115 2289 1132 ex
2302 1114 2335 1131 eo
2345 1114 2386 1131 ne-

1357 1144 1432 1178 gotio
1445 1143 1576 1170 tantulum
1590 1143 1619 1169 in
1633 1150 1689 1168 rem
1702 1142 1772 1167 suam
1786 1142 1967 1175 conuenisset,
1988 1143 2124 1170 damnatus
2136 1151 2182 1176 per
2195 1142 2350 1173 arbitrium,
2363 1139 2389 1168 et'

1355 1179 1424 1205 Rem
1437 1179 1600 1210 restitueret,
1621 1183 1647 1203 et
1660 1176 1819 1203 honestatem
1833 1186 1939 1203 omnem
1952 1179 2083 1205 amitteret
2098 1179 2107 1204 ζ
2178 1178 2234 1204 Cic.
2250 1178 2321 1204 Fam.
2337 1185 2362 1209 1,
2373 1185 2388 1209 9

1319 331 1334 357 5

1313 517 1342 535 io

1311 1224 1344 1248 30
1357 1216 1447 1249 Quim
1463 1215 1487 1240 se
1500 1214 1646 1240 maximum
1658 1212 1774 1238 frti-{lum
1784 1213 1875 1247 cepisse
1888 1213 2006 1240 dicerent
2018 1223 2048 1240 ex
2063 1213 2184 1240 libertate
2196 1222 2255 1240 mea
2268 1223 2274 1239 ε
2295 1220 2390 1246 meque

1355 1256 1412 1277 tum
1425 1249 1539 1283 denique
1553 1249 1602 1275 fibi
1614 1248 1702 1274 visum
1716 1248 1832 1282 Reipubl.
1847 1249 1930 1283 qualis
1942 1249 2059 1282 fuissem,
2080 1250 2239 1276 restitutum.
2259 1251 2276 1276 i.
2293 1249 2390 1285 sortem

1355 1293 1379 1312 et
1394 1284 1544 1324 coifiqntcm
1556 1284 1598 1318 effi?
1611 1287 1638 1309 in
1650 1283 1723 1310 libere
1739 1283 1853 1319 loquendo
1859 1291 1908 1319 pro
1921 1285 2020 1320 Repuhl.
2041 1285 2193 1320 defendenda
2202 1305 2208 1315 ‚
2227 1287 2308 1320 qualis
2317 1283 2391 1320 scili-

1352 1328 1390 1348 cet
1395 1320 1498 1357 fuiſjem
1510 1327 1568 1347 ante
1582 1320 1681 1346 exilium
1693 1328 1778 1346 meum.
1846 1319 1987 1346 Sanitatem
1997 1321 2144 1353 restituere,
2152 1327 2177 1347 et
2190 1320 2300 1347 Sanitati
2323 1319 2392 1345 Plin.
2410 1335 2411 1338 =

1354 1365 1398 1389 20,
1413 1359 1429 1383 6
1442 1364 1465 1382 ei
1478 1364 1503 1390 7.
1589 1355 1620 1381 Se
1634 1354 1784 1383 restituere,
1802 1362 1831 1379 ac
1843 1354 2000 1380 reuiuiscere
2014 1364 2072 1388 apes
2084 1356 2147 1382 dIcic
2168 1357 2253 1382 Varro
2267 1356 2298 1382 de
2313 1357 2343 1382 R.
2358 1355 2391 1381 R.
2411 1381 2413 1388 ¹

1621 1389 1678 1416 Vid.
1690 1398 1746 1415 mox
1764 1388 1842 1414 Vina.
1932 1388 2060 1413 Tutelam
2074 1390 2224 1422 restituere,
2236 1398 2286 1426 pro
2305 1393 2391 1417 Ratio-

1353 1437 1406 1454 nem
1420 1429 1549 1461 etreliqua
1562 1426 1666 1456 tutelae,
1682 1424 1750 1458 apud
1768 1423 1924 1450 Africanum
1941 1422 1970 1448 in
1989 1421 2006 1447 Ι.
2025 1430 2053 1448 10
2072 1423 2104 1448 D.
2122 1432 2179 1449 rem
2197 1427 2278 1459 pupil,
2293 1427 2337 1452 sal,
2351 1427 2392 1452 fo-

1353 1471 1391 1488 re.
1487 1463 1556 1488 Vina
1569 1460 1729 1493 restituijibi
1744 1459 1878 1491 dicuntur,
1900 1467 1961 1493 quae
1975 1464 2071 1483 mutata
2083 1456 2200 1492 fuer-mir.
2233 1461 2297 1490 Ptin,
2313 1471 2352 1495 14,
2366 1466 2393 1493 18

1352 1497 1420 1522 Vina
1435 1497 1463 1522 in
1475 1496 1611 1531 apothecis
1631 1495 1711 1521 Canis
1730 1500 1790 1520 ortu
1805 1499 1940 1520 mutantur
1951 1493 2090 1528 quaedam,
2103 1492 2242 1527 posteaque
2254 1496 2393 1524 restituun-

1351 1537 1395 1558 tur
1408 1530 1467 1557 sibi.
1573 1530 1666 1555 Visum
1698 1530 1835 1556 restituere
1876 1529 1941 1555 Plin.
1964 1537 1995 1561 ii,
2009 1537 2040 1563 37
2243 1527 2263 1566 fl
2283 1539 2296 1563 3
2333 1532 2390 1569 Οὐ]

247 1572 433 1607 restipulatur,
453 1571 525 1607 quod
550 1572 604 1598 iam
626 1571 730 1606 pridem
746 1571 800 1605 ipse
814 1569 927 1603 exegit?
962 1566 1028 1602 quid
1041 1574 1106 1592 vero
1120 1565 1226 1591 Flauius
1239 1564 1291 1590 tibi
1305 1572 1341 1597 40
1352 1566 1507 1599 Restituiri‚
1545 1574 1595 1600 pro
1621 1564 1780 1590 Restitutum
1803 1565 1838 1590 iri
1872 1564 1989 1590 Iulianus
2013 1565 2031 1589 l.
2055 1571 2084 1595 23
2107 1563 2139 1589 D.
2153 1563 2295 1592 de-acttion.
2314 1569 2383 1594 emti.

248 1608 355 1634 daturus
369 1608 404 1634 est
420 1609 429 1634 3
533 1609 621 1634 Varro
634 1608 664 1633 L.
678 1607 707 1633 L.
721 1614 744 1640 5,
757 1609 788 1639 36
806 1614 829 1639 p.
844 1613 890 1638 42,
904 1606 935 1636 36
973 1602 1027 1635 Qu
1041 1601 1179 1636 pecuniam
1191 1600 1292 1634 alligat,

239 1643 406 1714 jiig'pigllarraitet
420 1643 570 1678 restipulari
583 1643 669 1669 dicunt
682 1653 689 1668 ;
727 1643 773 1677 qui
788 1641 927 1676 pecuniam
940 1638 1046 1673 alligat,
1063 1637 1166 1674 obligor,
1174 1638 1294 1672 promitti

281 1721 301 1741 R
311 1721 327 1740 E
336 1722 348 1741 s
358 1722 379 1741 T
388 1721 396 1740 1
405 1722 420 1740 P
429 1722 449 1740 v
458 1722 474 1741 L
484 1721 505 1741 A
514 1722 535 1741 T
546 1722 555 1740 ι
565 1721 594 1747 ο,
608 1713 678 1740 onis.
695 1713 713 1738 f.
752 1710 972 1746 [ἐντρπερώτησις]
1010 1708 1064 1736 Cic.
1074 1717 1122 1743 pro
1131 1708 1205 1735 Rosc.
1214 1708 1291 1734 Coin.

246 1757 277 1783 37
289 1758 310 1775 c.
327 1758 349 1781 13
384 1749 456 1782 Qud
481 1750 552 1776 enini
576 1748 741 1783 restipulatio
761 1748 855 1773 clamat
869 1748 878 1772 3
915 1745 1023 1779 Qiod'a
1039 1744 1134 1771 Flauio
1147 1743 1291 1776 abstulero,
1306 1748 1339 1774 45
1350 1746 1453 1779 Fragm.
1467 1753 1487 1770 c.
1502 1752 1527 1770 2.

245 1785 506 1820 partein'dimidiam
528 1785 590 1812 inde
613 1784 710 1810 Roscio
724 1792 766 1809 nie
780 1783 926 1809 soluturum
940 1781 1064 1815 spondeo.
1170 1781 1200 1806 Et
1209 1779 1292 1814 paullo

240 1819 298 1857 post
310 1840 318 1852 ,
354 1821 421 1854 Qiis
441 1821 477 1848 est
489 1821 568 1848 huius
581 1819 788 1855 restipulationis
802 1818 928 1852 scriptor,
948 1816 1036 1843 testis?
1063 1815 1164 1842 arbiter
1178 1816 1255 1849 quis?

282 1863 301 1883 R
310 1863 326 1883 E
335 1863 348 1883 S
357 1863 395 1883 TI
405 1864 430 1890 S,
443 1857 474 1883 is.
494 1857 514 1883 t'.
550 1857 652 1893 [χοῖνῡῃ
665 1855 780 1890 andqi-ov]
816 1858 843 1880 in
853 1853 1002 1889 Accujiztiuo
1016 1851 1120 1878 Rcstem
1135 1853 1174 1877 vel
1181 1850 1290 1882 Restim,

245 1893 334 1918 Funis.
369 1893 451 1919 Piaut.
466 1893 533 1919 Pers.
547 1903 569 1928 5,
584 1902 608 1926 2,
621 1900 653 1925 34
674 1891 773 1917 Restim
786 1889 838 1916 tibi
851 1898 912 1924 cape
925 1889 1046 1919 cranam,
1065 1896 1094 1914 ac
1114 1885 1239 1922 suspende
1254 1893 1289 1912 tc.

244 1926 316 1954 Ibid.
330 1936 352 1958 2,
364 1937 393 1960 4,
407 1937 430 1954 11
451 1927 568 1955 Caedere
580 1927 663 1954 hodie
675 1933 704 1953 tu
718 1925 838 1954 restibus.

243 1963 314 1994 stim,
326 1971 379 1997 qua
391 1962 542 1997 grabatulus
555 1968 611 1989 erat
624 1963 741 1988 intextus
750 1981 759 1993 ,
776 1961 915 1995 aggredior
927 1959 1059 1994 expedire.
1175 1958 1239 1984 Plin.
1249 1965 1289 1991 17,

244 2006 275 2024 10
296 1999 383 2032 anue
396 1998 488 2024 intrita
500 1998 594 2025 restem
608 1997 768 2024 circumlini.
876 1995 916 2022 Ad
935 1995 1025 2021 restim
1043 1993 1111 2020 mihi
1126 1993 1234 2027 quidem
1248 2002 1290 2018 res

243 2032 325 2060 rediit
340 2032 483 2068 pianiffime
510 2034 580 2060 Ter.
601 2033 707 2059 Phorm.
725 2041 760 2065 4,
773 2040 801 2064 4,
815 2039 835 2064 ς.
951 2030 1048 2057 Summa
1059 2037 1140 2055 rerum
1152 2029 1289 2063 disperatio

236 2068 399 2106 figriificatur
412 2080 422 2098 ,·
457 2077 514 2095 nam
532 2071 559 2094 in
578 2068 625 2094 bac
635 2068 720 2102 solent
732 2067 832 2102 quidam
854 2071 961 2092 amentes
974 2065 1008 2091 ud
1022 2066 1132 2101 laqueum
1146 2064 1289 2099 confugere.

244 2106 339 2132 quen.
361 2102 412 2130 Sat'.
435 2106 462 2136 6,
481 2113 512 2136 30
541 2104 622 2130 Ferre
643 2107 718 2137 potes
741 2101 877 2128 dominam
898 2101 976 2126 saluis
997 2107 1037 2127 tot
1059 2099 1170 2126 restibus
1192 2099 1289 2125 vllam?
1308 2104 1338 2131 55
1383 2106 1649 2130 RESTITvTiQ
1663 2100 1730 2125 onis.
1751 2098 1771 2124 f.

244 2139 379 2168 Alliorum
396 2148 513 2166 connexa
530 2140 628 2174 capita,
649 2137 736 2164 Restes
753 2136 820 2172 apud
838 2135 953 2161 Plinium
972 2135 1103 2165 dicuntur,
1129 2143 1175 2166 20,
1197 2137 1222 2160 6.
1260 2140 1289 2160 vt

245 2181 349 2203 SERTA
362 2175 410 2211 sub
431 2181 517 2202 seno.
625 2174 801 2209 infitiatione
816 2171 913 2198 Restim
928 2170 1021 2196 ducere
1036 2170 1153 2195 dicuntur
1165 2170 1235 2195 chori
1243 2176 1303 2204 μμ,

244 2220 341 2238 erorum
349 2210 485 2246 puellarum
521 2219 531 2236 e
545 2209 656 2236 manibus
674 2209 789 2243 confini.
844 2208 884 2234 Sic
901 2213 966 2232 certe
982 2207 1097 2231 Donatus
1108 2206 1291 2238 interpretatur

245 2246 309 2274 illud
320 2247 388 2273 Ter.
403 2219 515 2280 Adelpsi.
529 2254 558 2278 4,
571 2254 593 2277 3,
615 2253 648 2277 34
677 2244 726 2270 Tu
748 2244 821 2269 inter
844 2251 886 2268 eas
917 2241 1008 2268 restim
1039 2239 1147 2266 ductans
1179 2238 1291 2265 saltabis.

246 2283 307 2309 Liu.
322 2290 361 2317 27,
374 2281 448 2322 37'de
455 2281 585 2317 fiacrificio
599 2281 690 2306 lunoni
703 2277 885 2314 reginaefaffo
899 2278 1014 2311 loquens,
1051 2276 1101 2300 Pei·
1120 2283 1211 2299 inaniis
1223 2274 1290 2301 reste
1307 2274 1342 2299 60
1352 2280 1454 2301 certum
1471 2279 1523 2307 pet.

247 2318 323 2350 data,
343 2319 460 2352 virgines
474 2317 567 2343 sonum
582 2316 665 2346 vocis,
682 2314 757 2349 pulsu
768 2313 864 2348 pedum
877 2311 1041 2338 modulantes
1054 2309 1219 2335 inceil‘erunt.

281 2361 301 2380 R
312 2361 379 2380 EST
390 2362 397 2379 1
408 2359 425 2380 c
436 2352 456 2377 ὗ
467 2359 483 2378 L
494 2359 546 2383 vs,
559 2351 579 2377 i.
599 2359 634 2377 in.
653 2350 755 2376 Dimin.
791 2349 896 2382 leian.
910 2347 937 2373 in
952 2346 970 2372 l.
982 2347 1008 2372 Si
1023 2354 1100 2376 vere,
1115 2342 1137 2380 §.
1154 2343 1198 2370 sin.
1213 2344 1245 2369 D.
1260 2343 1292 2369 de

245 2390 289 2420 iis,
297 2389 344 2423 qui
356 2388 524 2420 deiecerunt,
543 2387 570 2413 si
584 2385 712 2421 amphora
724 2393 756 2411 cx
774 2383 898 2410 resticulo
909 2382 1026 2417 suspensa
1040 2380 1190 2412 decidisset,
1209 2386 1236 2405 et
1250 2379 1293 2405 da-

246 2424 460 2452 mnumdedisset.
495 2420 809 2458 AliatlegiturReticulo.

942 1924 1094 1958 Apul.Met.
1107 1932 1117 1949 1
1131 1932 1156 1957 p.
1173 1931 1219 1954 109
1240 1922 1290 1948 Re·
1307 1932 1339 1959 50
1384 1929 1426 1948 RE
1436 1929 1449 1947 s
1459 1928 1481 1948 Τ
1491 1929 1501 1948 1
1511 1928 1532 1948 Τ
1542 1923 1564 1947 xi
1575 1926 1597 1947 Τ
1608 1927 1630 1947 v
1640 1926 1665 1952 s,
1679 1928 1763 1952 enum:
1784 1921 1853 1947 Part.

1355 1602 1413 1628 Vid.
1428 1602 1457 1628 de
1468 1602 1514 1628 hoc
1527 1610 1613 1637 genere
1624 1602 1657 1627 A.
1670 1598 1829 1635 Augustinus
1841 1600 1979 1626 Emendatt.
1993 1609 2018 1632 2,
2032 1609 2047 1625 2
2053 1606 2083 1635 p.
2096 1607 2133 1626 ιιι
2141 1600 2184 1636 sq.

1349 1639 1458 1665 Latinit.
1475 1637 1558 1663 ICtor.
1570 1644 1599 1672 p.
1611 1639 1670 1670 346.

1385 1681 1405 1700 R
1414 1681 1431 1700 E
1440 1681 1453 1699 s
1463 1679 1484 1698 T
1496 1679 1505 1697 1
1517 1678 1539 1698 T
1552 1678 1597 1698 vi:
1606 1679 1627 1698 N
1637 1678 1659 1704 s,
1674 1671 1751 1697 entis.
1772 1670 1866 1697 Partic.

1350 1710 1399 1736 tati
1411 1709 1551 1735 restituens
1576 1708 1643 1734 Plin.
1657 1709 1729 1739 20,6.

2248 1602 2337 1629 Duker.
2355 1602 2383 1629 de

1910 1670 1954 1702 Vt,
1974 1670 2074 1703 Capitis
2086 1670 2173 1696 vicera
2184 1673 2310 1700 manantia
2320 1673 2384 1700 sani-

1823 1706 1962 1740 Pompeius
1976 1706 2153 1740 Hiempsalem
2165 1706 2298 1734 restituens
2327 1709 2385 1737 Sall.

1600 1741 1716 1777 Regibus
1730 1741 1829 1768 bellurn
1849 1741 2048 1769 restituentibus
2074 1741 2165 1767 lustin.
2180 1742 2305 1775 35,i‚10.'

1873 1777 1965 1803 Partic.
2001 1777 2238 1811 [ἆποκαταςατέσς]
2273 1779 2334 1807 Plin.
2347 1787 2384 1814 17,

1763 1813 1844 1840 Ouid.
1857 1821 1888 1838 ex
1901 1814 1974 1839 Pont.
1989 1822 2017 1845 4,
2030 1821 2053 1844 ι3
2062 1832 2068 1843 ,
2083 1818 2110 1844 38
2151 1813 2266 1840 Caesaris
2279 1815 2384 1849 imperio

1707 1849 1810 1883 Lingua
1830 1849 1957 1882 suppressa
1971 1848 2224 1883 palatorestituenda
2232 1852 2382 1884 meroOiu'd.

1384 1786 1489 1806 REST
1504 1785 1830 1810 ITVENDVS,a,um.

1350 1825 1378 1842 ιο
1393 1815 1474 1842 Infitu
1489 1814 1659 1841 restituenda.

1350 1850 1526 1878 restituendus
1538 1850 1600 1876 eris.

1348 1886 1435 1914 Trist.
1451 1895 1472 1918 3,
1486 1894 1515 1918 3,
1528 1894 1569 1912 22.

1894 1920 1937 1950 Vt,
1955 1920 2066 1946 Animus
2079 1920 2211 1947 restitutus
2228 1921 2286 1948 Liu.
2299 1930 2331 1955 21,
2343 1930 2374 1956 53.

1348 1958 1476 1985 Restituta
1489 1957 1546 1984 acie
1566 1956 1632 1983 Plin.
1646 1964 1690 1988 29,
1706 1958 1731 1982 6.
1824 1956 1865 1981 Ab
1879 1955 2028 1982 Alexandro
2042 1956 2159 1983 restituta
2173 1957 2280 1989 Smyrna
2311 1957 2372 1985 Idem

1348 2002 1372 2027 5,
1387 2003 1427 2027 29.
1523 1991 1660 2027 Oppidum
1691 1991 1840 2018 restitutum
1874 1991 1940 2017 Plin.
1950 1993 1976 2023 6,
1991 1994 2027 2018 16.
2133 1992 2245 2019 Potestas
2272 1992 2370 2021 restituta

1349 2030 1404 2056 Cic.
1419 2030 1452 2056 de
1464 2029 1534 2062 Lege
1545 2029 1607 2062 Agr.
1623 2036 1647 2058 2,
1656 2029 1687 2059 36
1699 2037 1721 2053 c.
1737 2036 1775 2060 14.
1842 2027 1899 2053 Lux
1915 2026 2032 2062 salusque
2051 2026 2126 2054 Idem
2133 2036 2183 2062 pro
2190 2029 2326 2064 Doino75c.
2335 2034 2366 2061 28.

1348 2065 1422 2100 Cous.
1442 2064 1513 2090 Ibid.
1528 2072 1555 2098 71
1569 2073 1590 2089 c.
1599 2071 1638 2098 27.
1674 2069 1697 2088 et
1711 2065 1743 2092 86
1754 2073 1776 2089 c.
1790 2071 1830 2095 32.

1702 2098 1708 2103 “
1808 2097 2025 2132 [οἷποκοιτοίςασις]
2061 2099 2117 2125 Cic.
2131 2099 2183 2125 Att.
2197 2108 2225 2133 4,
2235 2108 2245 2126 ι
2260 2099 2368 2126 Profecit>

1348 2135 1396 2161 hac
1410 2135 1581 2161 restitutione
1593 2134 1717 2159 fortunae
1731 2143 1773 2159 me
1787 2134 1841 2168 ipse
1854 2142 1908 2159 non
1922 2134 1981 2160 satis
1995 2134 2105 2169 dignum
2118 2135 2252 2162 iudicabo.
2329 2135 2376 2161 Da-

1349 2176 1501 2196 rnnatorum
1546 2169 1602 2195 Cic.
1616 2169 1708 2206 Agrar.
1724 2176 1737 2192 2
1749 2177 1772 2193 c.
1786 2177 1814 2200 4.
1910 2169 2021 2195 Nemini
2035 2169 2071 2195 est
2092 2170 2242 2204 triumphus
2263 2168 2379 2196 honorifi-

1350 2206 1470 2236 centius,
1490 2213 1571 2238 quam
1595 2202 1664 2229 mihi
1688 2202 1754 2228 salus
1767 2202 1952 2235 restitutioque
1966 2205 2106 2237 perscripta
2141 2206 2198 2231 Cic.
2213 2207 2241 2232 in
2254 2205 2335 2232 Pison.
2348 2213 2382 2237 33.

1350 2240 1493 2266 Restitutio
1507 2238 1692 2264 aedificiorum
1702 2257 1710 2269 ‚
1731 2246 1779 2271 pro
1797 2237 1988 2263 instauratione
2020 2239 2123 2271 leian.
2136 2240 2164 2265 in
2178 2241 2196 2265 l.
2211 2241 2347 2271 Creditor‚
2359 2239 2386 2266 Si

1619 2273 1718 2298 Arnob.
1734 2281 1743 2297 1
1757 2282 1781 2306 p.
1797 2282 1807 2298 2
1828 2273 1859 2298 Se
1873 2273 1900 2299 in
1915 2278 2016 2298 veteres
2029 2272 2129 2298 formas
2141 2276 2307 2302 nouellaruni
2326 2276 2386 2302 sem-

1353 2318 1399 2343 per
1420 2325 1465 2329 -—
1485 2307 1650 2334 restitutione
1670 2306 1815 2332 traducere.
1896 2308 1936 2333 De
1950 2307 1978 2333 in
1991 2308 2122 2342 integrum
2136 2309 2345 2338 restitutionibus
2357 2309 2386 2345 est

1350 2344 1463 2371 Titulus
1476 2342 1644 2376 Digestorum
1659 2350 1686 2374 4,
1703 2349 1712 2367 1
1733 2341 1761 2367 de
1774 2350 1818 2376 quo
1836 2341 1941 2375 leian.
1955 2342 1973 2367 l.
1989 2350 1999 2367 1
2020 2343 2123 2369 Vtilitas
2142 2343 2219 2370 huius
2239 2346 2311 2372 tituli
2335 2355 2386 2373 non
2401 2355 2403 2371 ι

1350 2386 1408 2413 eget
1422 2378 1659 2405 commendatione.
1712 2377 1783 2402 Nam
1796 2376 1843 2402 sub
1856 2376 1906 2402 hoc
1920 2376 2000 2402 titulo
2013 2377 2175 2409 plurifariam
2188 2387 2292 2413 praetor
2305 2381 2386 2408 homi·

1353 2415 1431 2441 nibus
1445 2414 1486 2439 vel
1501 2412 1573 2447 lapsis
1587 2412 1627 2437 vel
1644 2412 1846 2445 circumscriptis
1860 2411 1998 2443 subuenit,
2016 2411 2069 2437 flue
2084 2418 2170 2445 metu,
2189 2414 2240 2440 siue
2261 2417 2385 2444 callidita.

284 2468 303 2487 R
313 2468 328 2487 F.
337 2468 349 2487 s
358 2468 379 2487 Τ
389 2468 397 2486 1
408 2466 425 2486 c
436 2459 457 2486 ὕ
467 2467 482 2486 L
491 2467 523 2491 A,
538 2468 576 2485 ae.
615 2458 634 2484 f.
671 2455 752 2484 Aliud
764 2454 865 2482 Dimin.
903 2454 1022 2489 [χοίνιση
1036 2451 1169 2485 σπαρτῶν]
1204 2450 1291 2476 Varro
1307 2448 1338 2479 65
1352 2456 1387 2483 te,
1397 2450 1449 2476 fiue
1462 2454 1562 2479 aetate,
1582 2447 1635 2472 siue
1648 2446 1764 2472 absentia
1777 2446 1926 2472 inciderunt
1940 2447 1967 2472 in
1981 2447 2138 2481 captionem.
2180 2449 2238 2474 isid.
2258 2451 2323 2477 ICti.

247 2496 278 2523 de
292 2497 322 2522 R.
337 2496 368 2522 R.
383 2505 403 2528 1,
418 2504 447 2528 41
467 2495 543 2522 Tum
565 2493 636 2520 enirn
659 2492 792 2520 resticulas
813 2499 858 2525 per
877 2488 948 2519 ficus,
963 2496 1025 2522 quas
1044 2486 1161 2518 edimus,
1178 2492 1293 2512 maturas

248 2531 396 2566 perferunt,
408 2537 433 2558 et
447 2540 487 2557 eas
504 2539 586 2565 quum
600 2529 764 2559 inaruerint,
786 2525 957 2560 complicant,
978 2532 1006 2550 ac
1027 2532 1081 2558 quo
1102 2521 1213 2562 yolum,
1233 2521 1294 2547 mit-

247 2573 317 2595 tunt.
387 2567 520 2594 Ammian.
536 2575 572 2596 14,
582 2574 607 2597 23
628 2564 742 2591 Hirsutis
757 2562 885 2590 resticulis
900 2559 1021 2586 cruribus
1033 2560 1089 2585 eins
1102 2565 1215 2583 innexis.

286 2608 434 2629 RESTiA
449 2608 463 2627 R
478 2609 556 2632 Ivs,
585 2601 603 2627 i.
631 2609 666 2626 m.
703 2605 844 2625 Ri-Js‘ric
859 2605 871 2621 ³1
885 2603 1010 2627 iducis,
1025 2595 1055 2621 is.
1091 2601 1113 2620 ct
1137 2597 1295 2622 RESTIO,

249 2639 318 2664 onis,
355 2639 414 2664 Vet.
429 2638 507 2664 Gloss.
523 2635 695 2673 χοιιοπλόκος,
715 2633 890 2663 fenicularis,
907 2632 995 2657 restio.
1066 2630 1176 2659 Fronto,
1196 2628 1294 2654 Restia-

247 2674 321 2704 rius,
340 2673 387 2707 qui
407 2673 491 2704 sacit3
527 2672 621 2703 restio,
638 2671 686 2705 qui
705 2670 806 2697 vendit.
912 2668 1037 2693 Suet.c.2
1062 2665 1163 2692 Tradit
1178 2663 1294 2699 Augusto

248 2718 378 2744 proauum
392 2708 549 2736 libertinum
563 2707 704 2735 restionem
720 2705 910 2740 exprobratum
925 2702 1006 2729 titisse.

286 2751 475 2777 Rrsriro,
494 2744 547 2771 vid.
568 2749 704 2770 RrsTo.

284 2787 303 2806 R
314 2787 329 2807 E
339 2788 351 2807 S
363 2787 384 2806 Τ
397 2788 405 2805 1
416 2786 436 2805 T
446 2787 465 2806 V
474 2788 504 2813 O,
518 2781 555 2811 ui,
570 2782 655 2811 situm,
669 2780 722 2804 ere.
760 2776 885 2809 [α’νίςημι,
899 2773 1079 2805 ἐποκαθῖςημι,
1088 2770 1240 2805 ἓπανορθόω]
1264 2779 1293 2796 ω.-

249 2816 288 2842 Re
313 2823 336 2842 et
362 2816 473 2845 Statum
509 2817 646 2851 Reponcre.
668 2813 791 2844 Reddere,
809 2809 981 2846 inpristi'niim
1000 2805 1294 2839 conditionem‚stoium,

247 2855 419 2887 integritatem
434 2851 555 2878 reducere.
593 2851 662 2877 Ter.
677 2848 758 2875 Andr.
771 2858 798 2881 4,
812 2856 832 2879 i,
845 2855 876 2881 57
898 2845 1015 2871 Restitue
1030 2844 1057 2869 in
1072 2851 1151 2877 quein
1166 2851 1207 2868 me
1221 2850 1292 2868 accc-

248 2887 309 2921 pisti
325 2887 421 2914 locum.
525 2887 599 2913 Idem
612 2887 706 2912 Heaut.
723 2893 745 2916 3,
762 2893 779 2914 ι,
794 2889 820 2915 83
847 2884 973 2908 Somnum
990 2879 1076 2905 hercle
1090 2887 1139 2913 ego
1152 2878 1199 2904 hac
1213 2877 1291 2903 nocie

249 2923 333 2949 oculis
356 2931 409 2949 non
436 2922 494 2948 vidi
517 2923 598 2954 meis,
623 2921 685 2947 dum
709 2919 735 2946 id
757 2927 872 2953 quaero,
893 2916 944 2942 tibi
957 2913 1002 2949 qui
1018 2914 1104 2940 filium
1118 2914 1291 2940 restituerem.

250 2958 324 2984 Caes.
338 2959 402 2985 Bell.
417 2958 484 2984 Gall.
499 2967 517 2987 i,
532 2963 561 2987 25(
580 2957 661 2991 Ipsos,
674 2955 779 2990 oppida,
793 2954 926 2987 vicosque,
940 2960 1005 2985 quos=
1020 2949 1206 2981 incenderant,
1220 2948 1292 2975 resti-

250 2999 324 3021 tuere
338 2993 414 3020 iuslit.
510 2993 657 3019 Restituere
672 3001 700 3018 ac
713 2990 823 3018 reddere
851 2989 919 3015 Ter.
936 2987 1000 3013 Eun.
1016 2995 1037 3018 i,
1051 2995 1075 3016 2,
1089 2988 1132 3018 67.

250 3036 324 3056 natus
333 3049 340 3062 ,
361 3029 530 3055 Restituimus
545 3028 688 3060 volentem,
701 3025 835 3052 reddimus
848 3022 1009 3050 volentibus.
1080 3020 1227 3047 Restituere
1245 3019 1293 3046 ali-

250 3074 329 3099 quem
350 3066 423 3092 Curt.
438 3069 459 3095 8,
467 3067 491 3095 6,
500 3067 539 3091 26.
556 3064 655 3090 videtur
664 3066 725 3098 pom·
731 3061 880 3097 simpliciter
890 3066 936 3095 pro
947 3057 1080 3094 ignoscere.
1117 3056 1163 3083 Sed
1176 3059 1293 3081 nimirum

249 3101 359 3127 fratrem
373 3101 408 3127 ibi
419 3100 561 3126 Alexander
574 3099 688 3126 restituit
704 3097 846 3131 Eurylocho.
942 3094 1022 3120 Caius
1036 3093 1067 3118 de
1078 3091 1158 3131 Verb.
1172 3091 1259 3125 signif.
1274 3091 1292 3117 1.

250 3136 310 3162 Plus
321 3136 357 3162 est
372 3147 377 3162 :
413 3136 473 3161 Plus
485 3136 531 3167 est,
545 3134 641 3170 inquit,
655 3135 683 3160 in
694 3133 862 3160 restitutione
875 3139 955 3165 quam
970 3130 996 3155 in
1014 3127 1195 3154 exhibitione:
1231 3135 1292 3153 nam

1304 2634 1340 2662 70
1353 2628 1408 2654 diss.
1445 2637 1476 2659 13·

1390 2492 1409 2512 R
1420 2493 1435 2512 E
1445 2492 1457 2511 s
1467 2490 1542 2511 TIT
1554 2484 1574 2509 xi
1583 2489 1604 2509 T
1613 2489 1632 2508 Ο
1644 2489 1672 2513 n,
1685 2482 1750 2507 (iris.
1771 2490 1807 2507 m.
1843 2482 1897 2507 Cic.
1905 2491 1953 2516 pro
1963 2482 2057 2508 Milon.
2065 2492 2101 2514 40
2108 2491 2129 2508 c.
2137 2490 2162 2515 ις
2183 2484 2209 2509 P.
2218 2484 2342 2511 Lentulus
2353 2486 2386 2513 vl-

1352 2527 1397 2548 tor
1410 2520 1514 2547 sceleris
1526 2519 1608 2549 illius,
1623 2523 1801 2551 propugnator
1808 2517 1929 2549 Senatus,
1946 2517 2068 2544 defensor
2082 2518 2182 2544 vestrae
2190 2519 2342 2553 voluntatis,
2350 2529 2386 2556 pa.

1353 2563 1446 2583 tronus
1460 2555 1532 2582 illius
1547 2553 1648 2588 publici
1662 2553 1812 2583 consensus,
1825 2553 1960 2579 restitutor
1973 2554 2061 2579 salutis
2075 2561 2154 2580 meae.
2250 2555 2395 2586 Restitutor

1353 2592 1437 2625 orbis,
1449 2591 1533 2623 vrbis,
1547 2588 1711 2625 prouinciae,
1724 2589 1817 2615 Tituli
1833 2590 2024 2622 imperatorum
2039 2589 2068 2615 in
2086 2589 2182 2616 numis.
2217 2591 2269 2616 vid.
2300 2591 2378 2627 Spanh,
2394 2610 2395 2615 ,

1581 2624 1667 2651 Tanti
1701 2624 1789 2659 operis
1817 2623 1926 2651 effector
1959 2630 1984 2651 et
2012 2624 2148 2652 restitutor
2180 2624 2243 2652 deus
2270 2621 2375 2661 Apuli-iti
2386 2633 2395 2649 ’ἐ

1355 2664 1460 2692 Trism.
1475 2672 1499 2698 p.
1514 2670 1557 2695 92.
2351 2661 2362 2677 ¹i

1392 2706 1411 2726 R
1422 2707 1438 2726 E
1448 2705 1462 2725 8
1473 2705 1494 2724 T
1504 2706 1512 2724 1
1521 2705 1543 2724 T
1551 2703 1572 2722 v
1580 2702 1601 2722 T
1611 2703 1630 2723 R
1640 2703 1649 2721 1
1660 2704 1687 2727 x,
1700 2696 1758 2722 icis.
1794 2695 1814 2722 f.
1851 2694 1941 2722 Terra
1954 2695 2075 2722 omnium
2090 2705 2213 2731 generum
2221 2717 2231 2730 ,
2250 2706 2316 2733 quae
2326 2696 2379 2725 aeci·

1356 2737 1402 2770 pit,
1413 2733 1559 2762 restitutrix
1581 2732 1658 2766 Apul.
1673 2733 1701 2758 in
1715 2732 1850 2766 Trismeg.
1863 2741 1887 2766 p.
1903 2738 1946 2766 77.

1393 2777 1410 2797 R
1421 2778 1437 2797 E
1448 2778 1460 2797 s
1470 2777 1491 2796 T
1501 2777 1509 2795 1
1520 2775 1600 2795 TVT
1610 2775 1628 2794 0
1638 2775 1656 2794 R
1666 2776 1674 2793 1
1686 2774 1704 2793 v
1715 2774 1738 2800 s,
1751 2776 1775 2799 a,
1788 2776 1842 2793 uin.
1878 2768 1939 2793 Adi.
1975 2767 2054 2794 Caius
2075 2767 2102 2793 in
2123 2768 2140 2794 l.
2161 2769 2214 2801 Qii
2228 2769 2346 2803 proprio,
2361 2766 2382 2811 §-

1307 2811 1339 2839 75
1351 2808 1427 2839 Item,
1442 2807 1474 2832 D.
1488 2805 1520 2831 de
1534 2811 1696 2839 procurator.
1732 2804 1799 2829 Item
1813 2803 1966 2837 quaeritur,
1993 2803 2009 2830 si
2024 2802 2152 2830 iudicium
2166 2805 2294 2838 acceperit
2307 2803 2384 2833 defen·

1354 2844 1407 2872 sor.
1423 2848 1448 2868 et
1463 2840 1536 2868 afflor
1550 2840 1578 2867 in
1591 2840 1723 2874 integrum
1736 2839 1871 2866 restitutus
1884 2838 1913 2864 fit
1925 2850 1930 2865 :
1965 2847 1997 2864 an
2011 2839 2143 2872 cogendus
2158 2839 2188 2866 sit
2201 2840 2391 2867 restitutorimu

1352 2878 1483 2906 iudicium
1497 2877 1624 2909 accipere.
1729 2874 1808 2900 Actio
1822 2874 1985 2902 restitutoria
2021 2874 2125 2908 leian.
2141 2875 2168 2901 in
2182 2875 2198 2901 l.
2212 2876 2340 2909 Qiamuis
2351 2875 2384 2910 pi-

1353 2912 1432 2949 gnoti
1455 2914 1487 2939 D.
1505 2912 1536 2938 ad
1551 2910 1767 2938 Senatusconsult.
1782 2910 1910 2936 Velleiau.
2014 2910 2187 2937 Interdifitum
2200 2911 2384 2938 restitutorium

1353 2950 1479 2984 leianus
1494 2948 1522 2973 in
1536 2947 1553 2974 l.
1566 2947 1706 2980 Stipnlatio
1727 2947 1759 2972 D.
1774 2945 1806 2972 de
1819 2955 1883 2972 nou.
1904 2954 1978 2980 oper.
1996 2946 2112 2973 nunciat.
2195 2947 2270 2983 Conf.
2290 2947 2307 2974 l.
2320 2956 2333 2980 3
2344 2939 2383 2984 §.⁴1

1239 2985 1291 3010 Do·
1307 2985 1340 3011 80
1352 2987 1385 3012 D.
1398 2985 1429 3011 de
1446 2993 1478 3010 eo
1492 2992 1538 3018 per
1552 2991 1631 3016 qucni
1648 2981 1756 3008 fartum.

1389 3028 1409 3047 R
1419 3028 1435 3048 E
1445 3027 1458 3047 s
1471 3025 1492 3045 T
1504 3024 1536 3051 O,
1549 3027 1586 3050 ᾶε,
1599 3017 1663 3051 niti,
1678 3017 1777 3049 stitum,
1792 3021 1844 3043 z'ire.
1881 3015 2081 3051 [ὑπολείπομαι]
2116 3016 2253 3053 Superiffi,
2269 3016 2323 3051 fiue
2335 3017 2389 3044 reli-'i

1353 3066 1424 3093 quum
1442 3054 1484 3089 effe
1497 3053 1694 3089 frequentiffime
1707 3052 1837 3088 fignificat
1851 3062 1859 3077 .-
1896 3058 1919 3077 ει
1932 3053 1971 3077 vet
1979 3052 2160 3087 perfhnaliter,
2178 3055 2217 3079 vel
2228 3053 2394 3088 impersonali-0

1353 3100 1391 3120 ter
1399 3092 1467 3128 jumi
1479 3089 1586 3117 videtur.
1659 3089 1832 3124 Pcrsormlitcr.
1868 3088 1924 3115 Cic.
1937 3097 1985 3121 pro
2001 3088 2128 3121 Qiint.33
2149 3088 2217 3115 Illud
2229 3089 2308 3115 etiam
2321 3087 2382 3115 resti-

1353 3134 1430 3160 terat,
1445 3125 1516 3161 quod
1531 3125 1652 3151 hesterno
1667 3124 1710 3149 die
1724 3124 1856 3154 fecerunt,
1877 3129 1905 3149 vt
1918 3129 1944 3150 te
1956 3124 1983 3149 in
1998 3123 2037 3149 ius
2051 3123 2218 3150 adducerent.
2318 3123 2382 3150 Ideir

250 3171 378 3198 exhibere
393 3171 429 3197 est
442 3171 613 3204 praesentiam
627 3169 747 3204 corporis
762 3168 900 3202 praebere:
920 3165 1067 3192 Restituere
1082 3162 1199 3194 vero,est
1214 3163 1294 3189 etiam
1310 3161 1339 3190 85
1355 3164 1407 3191 Off.
1422 3172 1443 3195 3,
1457 3171 1473 3195 9
1494 3161 1548 3194 Qui
1563 3170 1576 3187 e
1592 3159 1723 3186 diuisione
1736 3159 1867 3193 tripertita
1880 3158 1942 3185 duas
1955 3160 2038 3192 parte's
2053 3159 2206 3190 absumerit,
2222 3159 2283 3186 huic
2296 3159 2386 3186 necesse

250 3207 412 3241 possessorem
427 3207 527 3238 ficere,
542 3206 695 3240 fructusque
710 3204 828 3231 reddere.
946 3200 1091 3227 Restituere
1105 3207 1135 3224 cx
1149 3204 1207 3224 toto
1226 3198 1294 3224 Cels.

251 3247 276 3273 8,
290 3251 332 3269 20.
346 3243 448 3304 (ditare.
534 3241 645 3268 Restitui
659 3242 687 3266 in
701 3240 771 3266 bona
786 3245 891 3273 paterna
910 3237 998 3270 Papin.
1012 3236 1040 3261 in
1054 3235 1069 3260 l.
1085 3234 1111 3260 Si
1124 3242 1193 3266 vno,
1208 3232 1230 3270 §.
1245 3234 1293 3260 vlt.

255 3277 286 3304 D.
301 3277 334 3304 de
359 3286 398 3304 oc.
414 3283 439 3304 et
452 3276 529 3304 cond.
599 3277 668 3303 Ter.
687 3275 769 3302 Andr.
785 3285 803 3306 3,
816 3283 839 3307 5,
855 3283 877 3305 13
898 3273 947 3299 Tu
959 3280 1014 3298 rein
1029 3269 1183 3304 impeditam
1198 3275 1222 3294 et
1238 3278 1294 3303 per-

252 3312 334 3339 ditam
348 3313 467 3340 restituas
481 3314 490 3339 3
606 3312 680 3338 Idem
694 3310 804 3344 Adelph.
821 3318 841 3341 ι,
855 3317 881 3341 2,
894 3318 931 3342 40
967 3309 1047 3333 Fores
1060 3305 1162 3339 effregit
1177 3306 1185 3331 3
1221 3305 1294 3330 resti-

252 3352 367 3374 tuentur.

253 3382 324 3414 mei,
345 3382 392 3408 nisi
419 3384 505 3410 fuisset
526 3383 624 3410 iniusta
646 3381 773 3410 eiiciendi
789 3382 798 3406 Ξ
892 3381 922 3406 In
934 3380 1073 3412 antiquum
1085 3376 1178 3402 statum
1192 3376 1295 3402 restitui

253 3417 310 3443 Cic.
323 3419 353 3443 A.
369 3426 377 3443 ι
391 3419 467 3445 Verr.
482 3429 508 3446 ι2
522 3429 543 3448 c,
557 3428 583 3452 4.
691 3419 715 3445 A
729 3416 822 3444 limine
837 3415 931 3441 mortis
947 3414 1083 3440 restituere
1103 3412 1219 3445 aliquem
1246 3412 1294 3438 Ca-

252 3453 313 3479 tull.
336 3453 367 3478 ad
381 3454 502 3480 Mallium
515 3458 558 3485 66,
572 3465 598 3489 4,
796 3449 816 3488 q
837 3459 849 3476 2
888 3452 996 3476 Nomina
1009 3448 1095 3476 ordine
1109 3450 1292 3473 elementorum:

253 3488 345 3514 Aciem
358 3488 494 3515 restituere
526 3491 585 3516 Liu.
600 3498 621 3522 5,
635 3495 668 3520 18.
763 3487 820 3514 Cic.
835 3487 862 3512 in
876 3486 975 3519 Topic.
992 3494 1015 3513 ις
1055 3484 1081 3510 Si
1102 3483 1184 3509 Aedes
1205 3484 1294 3509 exesae

254 3529 427 3555 corruerunt,
444 3525 575 3552 vitiumue
590 3526 723 3556 fecerunt,
741 3532 852 3557 quarum
866 3520 1028 3548 vsusfrucius
1042 3520 1139 3554 legatus
1152 3519 1203 3550 est,
1217 3518 1293 3544 heres
1308 3519 1339 3545 95

254 3559 393 3586 restituere
406 3568 458 3586 non
472 3559 557 3586 debet.
661 3560 788 3587 Animum
801 3557 881 3584 alicui
909 3557 969 3582 Liu.
984 3564 1022 3589 ες,
1035 3560 1069 3585 ι8.
1174 3554 1230 3580 Cic.
1245 3563 1294 3587 pro

255 3595 329 3621 Rosc.
344 3595 432 3621 Amer.
450 3597 477 3620 61
506 3595 622 3621 Restitue
635 3596 713 3623 nobis
727 3593 869 3628 aliquando
883 3599 999 3619 veterem
1012 3597 1088 3620 tuam
1098 3589 1170 3615 illam
1186 3589 1294 3616 Callidi-

254 3635 333 3656 tatem
346 3636 424 3665 atque
438 3629 611 3664 prudentiam.
702 3631 828 3657 Colorem
841 3628 961 3662 corporis
981 3626 1100 3654 Scribon.
1114 3633 1161 3657 125.
1244 3625 1294 3651 Co-

255 3674 310 3691 mas
325 3666 441 3692 turbatas
461 3666 542 3692 Ouid.
557 3666 620 3691 fast.
632 3675 656 3698 3,
669 3669 705 3692 16.
799 3666 856 3692 Cic.
873 3665 943 3690 Fam.
957 3672 982 3695 9,
1000 3672 1029 3689 io
1049 3662 1108 3688 Nec
1120 3660 1295 3696 committam,

255 3705 285 3726 vt
299 3701 316 3726 si
330 3710 379 3735 ego
392 3710 452 3727 euni
468 3701 653 3733 condemnaro,
666 3708 692 3726 tu
707 3701 834 3728 restituas.

255 3735 355 3762 Rursus
375 3736 407 3763 ab
428 3735 522 3769 ecfflem
543 3735 642 3769 populo
662 3736 762 3769 placato
780 3738 838 3763 sunt
857 3735 885 3762 in
898 3735 970 3760 suani
983 3733 1119 3769 pristinam
1134 3731 1295 3765 Dignitatem

254 3771 376 3798 restituti.
483 3772 556 3807 Conf.
576 3770 644 3797 Ibid.
658 3780 674 3803 9
687 3781 708 3797 c.
723 3781 749 3804 4.
821 3778 845 3797 ct
863 3777 894 3806 87
907 3780 929 3796 c.
943 3779 979 3802 3²·
1075 3768 1115 3795 sic
1128 3767 1184 3793 Cic.
1200 3768 1229 3793 A.
1244 3776 1252 3793 1
1267 3769 1296 3794 in

255 3807 392 3833 Verr.12c.
402 3816 419 3840 4
439 3808 524 3840 Qiam
539 3806 585 3833 istc
598 3815 644 3840 per
655 3806 801 3833 triennium
815 3808 850 3833 ita
864 3806 972 3833 vexauit
985 3814 1014 3831 ac
1028 3802 1159 3838 perdidit,
1172 3808 1200 3828 vt
1212 3811 1242 3828 ea
1256 3812 1295 3829 re-

253 3842 328 3868 stitui
341 3842 370 3868 in
382 3843 519 3876 antiquum
533 3843 626 3868 statum
640 3841 713 3867 nullo
727 3842 808 3868 modo
822 3842 903 3876 poffit.
974 3839 1054 3866 Ouid.
1067 3848 1097 3864 ex
1113 3838 1186 3864 Pont.
1203 3848 1225 3870 3,
1233 3841 1260 3870 6,
1268 3841 1297 3870 36

474 3348 530 3375 Cic.
546 3356 595 3382 pro
609 3348 705 3374 Milon.
721 3354 751 3380 37
770 3347 844 3378 Quae
857 3344 942 3370 fuill'et
954 3343 1037 3377 igitur
1050 3341 1123 3367 causa
1138 3340 1294 3367 restituendi
1306 3343 1342 3367 90
1355 3344 1414 3369 Hoc
1429 3340 1506 3367 Latio
1518 3338 1613 3365 restare
1625 3342 1733 3367 canunt,
1749 3339 1766 3362 i.
1776 3336 1849 3371 fatis
1862 3334 1991 3368 destinari.

1355 3201 1390 3226 cst
1403 3198 1497 3225 restare
1509 3197 1622 3223 tertiani.
1731 3196 1792 3221 Item
1805 3195 1836 3220 ad
1850 3195 1922 3221 Brut.
1939 3202 1963 3226 15
2001 3194 2091 3229 Longa
2113 3196 2185 3227 simt,
2205 3203 2272 3230 quae
2288 3194 2392 3221 restant-i

1355 3237 1394 3262 De
1413 3232 1508 3267 viginti
1520 3231 1647 3258 restabam
1662 3230 1731 3257 solus
1768 3230 1846 3256 Ouid.
1864 3231 1927 3256 Met.
1941 3238 1962 3261 3,
1975 3231 2033 3264 687.

1355 3272 1420 3297 stant
1434 3269 1466 3295 de
1479 3269 1565 3294 mense
1580 3266 1691 3292 secundo
1712 3265 1793 3292 Ouid.
1810 3265 1875 3291 Fan.
1890 3273 1914 3296 2,
1929 3270 1984 3299 758.

1356 3306 1476 3333 infinitae
1488 3303 1562 3329 caedi
1576 3302 1706 3328 restitisset
1730 3301 1785 3327 Cic.
1799 3301 1879 3328 Catil.
1894 3309 1905 3332 3
1919 3310 1939 3329 c,
1954 3309 1991 3326 ιο,

2139 3231 2213 3257 Duae
2233 3229 2321 3256 noe‘tes
2350 3238 2385 3256 rea

2087 3265 2145 3292 Cum
2159 3268 2220 3292 Dat.
2255 3266 2385 3299 Qiantuitr

2086 3302 2128 3328 Sic
2148 3301 2220 3334 Virg.
2234 3302 2298 3326 Aen.
2313 3308 2340 3335 7,
2347 3307 2384 3335 27>

2059 3337 2144 3363 Restat
2156 3336 2288 3369 reliquum
2320 3336 2383 3363 Tei-2

1356 3379 1420 3404 Hec.
1434 3386 1455 3408 4,
1470 3384 1495 3407 2,
1509 3383 1540 3401 ii.
1647 3373 1701 3399 Cic.
1716 3371 1748 3398 de
1764 3372 1866 3398 Inucnt.
1876 3380 1901 3404 2,
1917 3380 1962 3403 109
1983 3371 2055 3404 Quid
2068 3373 2146 3399 etiam
2160 3370 2238 3397 nobis
2252 3380 2282 3397 ex
2302 3380 2334 3398 eo
2347 3379 2383 3406 ge:

1355 3422 1417 3440 nere
1430 3411 1505 3438 restet
1523 3415 1548 3436 et
1561 3417 1642 3443 quare
1655 3408 1739 3438 restet,
1764 3406 1959 3434 admonendum
1971 3408 2084 3434 videtur.
2187 3405 2217 3432 Id
2232 3406 2321 3438 restat,
2341 3410 2376 3434 iro

1354 3453 1397 3476 nia
1410 3445 1451 3480 est,
1464 3455 1511 3481 qua
1523 3445 1672 3472 Terentius
1685 3449 1792 3470 utentem
1804 3443 1952 3479 Aeschinum
1963 3443 2060 3470 inducit
2095 3441 2205 3476 Adelph.
2220 3450 2245 3475 2,
2259 3451 2279 3475 1,
2291 3451 2324 3476 34
2345 3450 2381 3478 qm

1351 3486 1433 3512 lenoni
1450 3482 1560 3513 dicenti,

1423 3519 1496 3545 Leno
1510 3518 1566 3543 sum
1575 3535 1583 3548 ,
1603 3516 1704 3546 fateor,
1723 3514 1852 3549 pernicies
1865 3514 2011 3541 communis
2023 3511 2237 3545 adolescentium,

1423 3553 1554 3583 Petimus,
1566 3550 1655 3585 pestis:
1673 3557 1761 3576 tamen
1773 3550 1826 3577 tibi
1837 3560 1852 3577 a
1864 3560 1906 3577 ine
1919 3551 1992 3577 nulla
2004 3548 2039 3575 est
2050 3552 2108 3574 orta
2120 3547 2235 3574 iniuria:
2253 3546 2377 3584 respondet

1425 3589 1495 3616 Nam
1508 3587 1596 3614 hercle
1615 3586 1733 3612 etiamid
1748 3586 1834 3612 restat.

1355 3625 1413 3653 Cic.
1422 3625 1517 3655 Att.13‚
1527 3631 1549 3654 ¹3
1573 3622 1641 3648 Illud
1653 3622 1745 3656 vtique
1759 3622 1822 3648 scire
1836 3621 1924 3656 cupio,
1932 3627 2009 3654 quem
2022 3617 2183 3644 intellexeris
2198 3618 2231 3645 ab
2244 3627 2277 3645 eo
2289 3617 2376 3652 ςἠλοτν

1356 3660 1456 3692 newa«,
1473 3658 1521 3685 nisi
1536 3658 1605 3684 forte
1618 3658 1727 3684 Brutum
1741 3668 1746 3682 :
1782 3656 1809 3683 id
1823 3657 1910 3684 hercle
1922 3653 2039 3682 restabat.
2086 3653 2161 3688 Qsafi
2173 3653 2242 3680 dicat
2255 3664 2263 3679 .·
2289 3651 2376 3680 Inuidia

949 3698 1023 3725 Idem
1039 3706 1087 3731 pro
1095 3697 1182 3722 Domo
1196 3698 1227 3725 86
1236 3705 1256 3722 c.
1266 3695 1440 3729 32100aexistit
1457 3697 1523 3720 inter
1532 3700 1610 3728 pares
1622 3704 1630 3718 .·
1665 3699 1693 3719 at
1712 3694 1793 3720 Varro
1807 3696 1944 3727 neutiquam
1955 3690 2032 3716 Bruto
2045 3689 2223 3723 comparandus
2237 3700 2245 3714 .·
2279 3698 2322 3715 cur
2339 3691 2373 3723 igi

1354 3739 1396 3758 tur
1409 3730 1448 3756 illi·
1461 3728 1573 3755 inuideat
1584 3732 1596 3754 ,¹²
1667 3729 1722 3755 Cic.
1737 3738 1784 3762 pro
1797 3727 1911 3755 Marcell.
1924 3730 1954 3755 28
1972 3724 2043 3750 Haec
2060 3724 2143 3758 igitur
2156 3725 2208 3751 tibi
2222 3721 2323 3759 reliqua
2330 3730 2376 3758 pars

1357 3767 1408 3798 est,
1420 3765 1463 3792 hic
1483 3764 1561 3792 restat
1580 3763 1669 3796 εᾶιις,
1687 3764 1715 3789 in
1730 3763 1779 3790 hoc
1791 3761 1976 3791 elaborandum
1986 3758 2032 3791 en,
2046 3766 2074 3785 vt
2087 3759 2284 3794 Rempublicam
2296 3756 2375 3786 consti

1355 3808 1419 3830 tuas.
1523 3799 1591 3825 Ter.
1605 3800 1698 3826 Heaut.
1711 3808 1734 3833 ς,
1747 3808 1769 3833 5,
1777 3808 1810 3826 22
1827 3796 1943 3825 Restabat
1955 3794 2026 3820 aliud
2040 3794 2124 3828 nihil,
2143 3795 2190 3821 nisi
2204 3796 2294 3822 oculos
2306 3793 2372 3829 pasce

1355 3846 1392 3864 re.
1444 3836 1513 3863 Ter.
1526 3835 1631 3861 Phorni.
1646 3843 1664 3865 1,
1677 3843 1699 3867 2,
1713 3844 1746 3866 35.
1802 3835 1857 3862 Cic.
1871 3833 1922 3865 Qi.
1938 3831 2004 3856 Frat.
2018 3838 2057 3861 3,1
2083 3832 2113 3856 In
2128 3831 2276 3857 Maniliano
2288 3826 2374 3856 offend·

254 3875 401 3905 Exstine‘tos
415 3879 456 3904 vel
469 3886 536 3912 aqua
546 3898 554 3911 ‚
572 3877 615 3904 vel
632 3878 732 3907 Marte,
753 3877 795 3903 vel
811 3877 884 3913 igni,
913 3876 997 3904 Nulla
1010 3874 1094 3910 potest
1109 3874 1209 3902 iteruin
1222 3874 1294 3903 resti-
1308 3871 1496 3907 105Diphilum
1503 3870 1783 3906 Diphilotard'iorem,
1800 3868 1937 3897 sedamen
1944 3865 2013 3893 nihil
2020 3866 2163 3895 eirestabat
2176 3864 2370 3902 praem-balnea

2331 3905 2371 3929 3³,
