2434 4156
288 121 352 160 291
647 105 673 144 S
781 107 819 145 A
929 105 973 143 N
1740 106 1766 145 S
1878 108 1917 153 A
2030 102 2073 145 N
2351 121 2386 149 2(

2374 152 2386 160 a

322 202 364 220 SA
375 199 397 219 N
407 198 427 219 G
440 198 461 218 V
470 201 480 220 1
489 200 511 220 Ν
520 200 537 220 E
546 199 566 219 V
579 199 602 225 S,
614 203 638 225 a,
650 203 704 219 um.
741 193 801 219 Adi.
835 192 999 226 [αἵματικὸς]
1033 193 1078 219 Ad
1089 198 1176 227 corpur
1189 191 1322 226 aliquanda
1423 200 1436 219 S
1445 201 1465 221 Α
1475 202 1496 220 Ν
1506 201 1515 220 1
1526 201 1575 221 ΤΑ
1587 201 1611 225 S,
1630 194 1684 221 vid.
1704 201 1716 221 s
1727 201 1748 220 Α
1760 200 1782 220 N
1793 202 1814 221 v
1823 200 1844 221 S.

286 230 410 264 refertur,
441 236 464 254 et
486 230 583 255 Plenum
596 229 719 266 sanguine
732 228 877 264 fignificat:
914 227 1046 263 aliquando
1069 228 1102 254 ad
1126 229 1241 252 colorem:
1277 229 1324 253 ali·
1426 235 1499 255 SAN
1512 237 1575 261 ΝΛ,
1593 239 1631 256 ae.
1668 230 1688 255 f.
1725 230 1829 263 [χλεύῃ
1844 231 1981 265 xlmam-lx]
2015 228 2111 263 Dcrifio
2125 227 2194 265 gestu
2205 232 2301 255 mimico
2311 236 2386 266 exprej

284 264 381 299 quintio
400 264 433 290 ad
453 268 573 296 animum,
593 265 727 300 stinguitur
740 263 870 298 fundendi
889 263 1013 296 cupidum.
1129 263 1220 287 Aciem
1234 262 1324 288 oculo·
1388 264 1446 299 naso
1455 268 1595 301 praccipue.
1713 267 1779 291 Hinc
1798 267 1889 292 quen.
1903 265 1996 298 Sat-o,
2018 268 2065 297 306
2090 266 2201 296 lnunc,
2221 271 2247 291 et
2268 265 2357 292 dubita
2373 276 2387 301 q

285 308 345 324 rum
360 300 524 334 sanguineam
538 300 648 326 voluens
658 300 727 325 Dido
741 297 922 333 tltyperuhunda
943 299 1017 331 Virg.
1032 298 1095 323 Aen.
1112 306 1140 329 4,
1156 299 1216 330 642.
1268 298 1323 324 Bel·
1389 299 1492 326 sorbeat
1506 303 1566 327 ae'ra
1580 302 1656 326 sanna
1669 300 1779 327 Tullia:
1813 300 1933 327 rhonchos
1947 300 2061 336 irrisores
2076 306 2155 326 notat.
2227 300 2331 334 Rugosa
2349 302 2393 328 fanu

287 334 342 360 lum
357 335 526 370 sanguineum
541 336 601 361 Stat.
616 334 704 361 Theb.
721 342 749 365 5,
762 343 783 365 5.
886 333 983 358 Caedes
1004 333 1142 366 sanguinea
1162 331 1243 359 Oizid.
1258 334 1323 360 Met.
1352 342 1367 369 ς
1390 335 1462 361 cadat
1477 337 1538 362 naso
1562 336 1628 362 Pers.
1638 336 1687 361 Sat.
1696 345 1718 369 ς,
1726 345 1762 368 9¹·
1798 339 1816 362 i.
1825 335 1986 370 Subfizrzrzario
1999 335 2102 371 quaefit
2113 345 2167 362 cum
2180 336 2329 370 crispatione
2341 342 2364 363 et
2371 346 2395 364 eu

287 379 322 402 13,
341 372 379 402 65.
484 372 567 404 Caput
581 370 749 404 sanguineum
765 367 836 393 Idem
850 368 935 393 Trist.
949 377 977 400 3,
990 377 1020 400 9,
1040 376 1076 398 30.
1170 369 1256 394 Color
1271 369 1324 394 san·
1388 373 1517 406 rogatione
1529 371 1598 404 nafi,
1618 374 1770 397 remittatur.
1888 371 1954 396 Pers.
1969 379 1987 401 1,
2000 376 2027 403 58
2395 375 2397 379 “

286 406 396 439 guiueus
422 405 486 431 Plin.
509 415 554 438 14,
574 414 594 436 3.
711 404 836 429 Cometae
857 403 994 437 sanguinei
1029 403 1103 435 Virg.
1126 403 1189 429 Aen·
1206 412 1248 434 ¹0,
1268 412 1324 438 ²73.
1543 408 1567 433 O
1582 408 1659 438 Iane,
1674 416 1688 433 a
1702 414 1776 440 tergo
1791 414 1870 439 quem
1886 405 1959 431 nulla
1973 406 2074 432 ciconia
2094 405 2181 439 pinsit,

287 442 405 468 Frutices
417 442 579 475 sanguineae,
600 438 650 465 vid.
660 445 692 463 Vl
701 445 778 470 ΚΕΛ,
792 445 837 463 ctc.
873 439 955 474 infra.
1061 438 1157 464 Guttae
1170 440 1324 473 sanguineae
1542 442 1599 468 Nec
1613 451 1702 468 manus
1716 442 1845 468 auriculas
1867 441 1969 466 imitata
1988 441 2023 467 est
2035 442 2144 467 mobilis
2156 440 2237 471 albas,
2410 466 2411 473 ἵ

286 476 369 503 Ouid·
384 478 447 503 Met.
461 486 481 507 2²
497 482 554 508 3⁶0·
669 473 757 499 Imber
770 473 923 507 sangninem
941 474 996 500 Cic·
1010 472 1041 498 dc
1054 473 1145 501 Dissifl-
1159 483 1186 507 2,
1200 477 1233 500 60
1254 485 1275 500 C·
1286 481 1326 505 28-
1544 477 1601 503 Nec
1614 478 1727 512 linguae,
1747 483 1873 511 quantum
1887 476 1955 502 fluat
1968 477 2036 502 canis
2049 478 2149 510 Apula,
2168 482 2262 502 tantae.
2355 475 2360 510 J
2398 476 2401 487 ¹

285 512 459 547 Sanguineam
483 509 617 545 quatiebat
637 508 768 543 Lainpada
786 511 889 535 Petron.
917 519 938 535 c.
961 518 1015 540 124-
1119 510 1227 536 Mauors
1250 511 1326 544 Virg.
1338 519 1369 537 ιο
1389 510 1421 536 Et
1434 520 1505 542 mox,
1525 513 1639 545 posticae
1653 514 1783 540 occurrite
1798 514 1898 538 sannae.
1994 513 2051 538 Vet.
2065 511 2151 538 Schol.
2168 511 2256 543 Tria,
2276 513 2367 546 inquit,
2382 520 2401 549 ξς,

287 549 351 574 Aen.
366 556 402 579 12,
416 555 461 578 233.
578 546 654 571 Mora
670 545 808 578 sanguinea
822 545 895 579 Virg.
905 545 958 570 ΞΜ.
974 547 998 575 6,
1014 552 1054 570 22.
1161 546 1255 572 Pulmo
1271 547 1325 572 san·
1391 554 1455 571 nera
1469 547 1620 574 sannarum:
1656 555 1700 574 aut
1716 557 1794 575 manu
1810 547 1954 581 significare
1969 546 2115 578 ciconiam3
2142 553 2186 573 aut
2198 546 2317 580 apposito
2330 554 2404 584 tempu

287 585 398 617 guiricus
416 582 480 608 Plin.
493 590 526 613 ιι,
541 588 577 615 37.
633 580 714 606 luxae
727 581 881 613 sanguineae
902 581 967 605 Hor.
982 580 1070 606 Carm.
1086 588 1105 610 t,
1119 589 1157 615 27,
1170 591 1188 613 4
1244 582 1326 615 Virga
1389 581 1465 607 ribus
1479 582 1575 615 pollice
1590 584 1718 610 auriculas
1731 584 1858 613 asminas;
1893 588 1938 609 aut
1952 582 2068 616 linguam
2080 583 2189 608 sitientis
2202 590 2281 608 canis.
2347 582 2396 612 Sani

286 620 427 654 sanguinea
437 637 443 648 ⁷
466 618 540 642 Cuius
560 623 643 642 cortex
663 615 697 641 ad
708 616 842 651 sanguinis
855 614 1045 649 Jimilnudinem
1063 616 1134 642 rubet
1151 617 1217 643 Plin.
1232 626 1276 650 24,
1290 627 1328 644 10.
1392 622 1480 642 autem
1493 617 1590 644 dicitur
1602 628 1631 645 os
1644 620 1781 646 distortum
1797 628 1855 645 cum
1869 619 1962 650 vultu,
1984 618 2054 651 quod
2068 618 2193 650 facimus,
2212 627 2271 643 cum
2283 617 2349 643 alios
2361 617 2397 646 det

284 656 343 686 Sic,
365 655 480 680 Frutices
495 654 537 683 16,
554 658 587 682 18.
1392 650 1492 678 demus.
1598 655 1661 680 Inde
1676 656 1813 681 sanniones
1831 654 1912 684 dieti,
1932 654 1978 687 qui
2002 662 2055 678 non
2074 654 2175 679 rectum
2190 653 2292 679 vultum
2310 652 2397 687 habeas

326 696 339 716 S
352 697 373 716 Α
382 696 401 715 N
412 694 431 714 G
446 695 464 713 V
477 694 511 714 1C
521 685 542 713 νυ
553 695 567 712 L
577 694 597 712 V
610 692 637 717 S,
659 694 677 711 ¹·
713 695 749 712 ¹¹¹-
786 685 938 719 [αῗμᾱῖτίῦν]
975 685 1081 722 Sanguis
1093 686 1224 721 haedtfiue
1232 688 1290 723 ficis
1301 692 1329 714 in
1350 698 1374 726 ις
1395 687 1454 713 Vid.
1469 687 1568 722 Casaub.
1582 690 1622 716 hic
1630 697 1658 725 p.
1672 700 1713 717 102
1724 698 1747 716 et
1760 694 1810 717 106.
1846 692 1949 724 itemque
1960 688 2197 722 adSueton.',Calig.
2214 697 2236 714 c.
2245 690 2275 720 56
2295 694 2358 714 extr.
2384 702 2388 711 ι

286 726 365 752 cibum
374 724 514 760 formatus.
629 721 742 753 Pltn.28,
753 730 782 754 14
804 723 918 747 Vtuntur
933 720 963 747 ad
978 727 1120 756 Vtrumque
1134 724 1231 750 vitium
1247 731 1272 750 et
1287 733 1330 750 co·
1430 729 1533 749 SANN
1543 731 1565 750 Α
1575 731 1590 750 1.
1601 733 1619 756 1,
1637 729 1664 751 in
1684 727 1737 752 Ver.
1750 726 1806 752 Cod.
1821 725 1888 760 apud
1901 724 2025 751 Turneb.
2041 726 2068 756 6,
2085 732 2110 756 19
2129 731 2265 754 vocantur,
2283 725 2325 758 qui
2342 726 2369 749 in

289 761 369 795 agulo
391 758 467 785 haedi
487 758 513 783 in
534 756 599 782 vino
619 758 743 789 myrtite,
763 756 945 795 magnitudine
959 756 1035 783 fabae
1051 765 1128 792 poto:
1164 764 1189 785 ct
1203 759 1329 794 sanguine
1392 760 1475 792 risque
1482 758 1545 793 fi‘m
1557 765 1705 787 SATMALI
1719 762 1785 797 apud
1798 761 1896 787 Melam
1910 770 1935 791 3,
1949 767 1971 792 5.
2007 759 2111 792 Qubus
2125 768 2234 793 magnae
2248 767 2340 791 aures,
2358 764 2398 785 eti

288 796 405 822 eiusdem
426 794 452 819 in
471 793 559 818 cibum
577 792 710 825 formato,
731 801 808 825 quem
828 791 1008 825 sanguiculum
1026 801 1134 826 vocant,
1171 797 1191 820 i.
1210 794 1328 827 botulum,
1392 793 1562 820 ambiendum
1576 804 1670 830 corpus
1683 805 1761 823 omne
1776 797 1891 831 patulae,
1909 796 1986 821 nudis
1999 795 2102 828 alioqui
2116 803 2163 829 pro
2180 795 2249 821 veste
2270 795 2335 820 sunt.
2385 796 2398 821 ι’,

279 832 330 868 fic.
346 830 471 856 Hui-(inin.
1392 830 1459 855 locus
1472 837 1574 856 vexatae
1587 831 1713 858 admodum
1726 830 1850 859 [ethonis.
1921 832 1990 866 Quae
2011 835 2093 857 uerior
2113 830 2211 856 viderur
2225 829 2307 861 leftio,
2327 838 2377 855 eam
2387 841 2399 856 ιι
2431 847 2434 855 .

325 872 337 891 s
347 874 367 892 Α
378 872 398 891 >1
409 870 428 889 G
440 870 458 889 v
470 870 478 887 1
491 870 511 888 N
522 868 541 888 o
550 868 592 888 LE
602 870 622 888 N
632 869 683 889 ‘rv
692 869 715 893 S,
735 871 758 892 a,
778 871 833 887 urn.
868 862 930 889 Adi.
966 862 1144 898 [αἱματώδης]
1181 865 1249 891 Idem
1257 865 1327 901 fere,
1342 881 1377 899 20
1390 864 1471 891 dimus
1483 868 1510 890 in
1524 871 1676 894 PAROTII.
1747 867 1794 895 Sed
1804 867 1862 894 add.
1876 866 1939 900 VoſjI
1949 875 1971 893 et
1986 868 2091 892 Gronau.
2105 865 2139 891 ad
2148 867 2193 892 1.c.
2202 866 2290 891 Melae.

287 901 352 937 quod
365 900 533 934 Sanguineus.
643 899 725 923 Varro
740 898 770 923 de
785 898 845 924 Vita
858 898 918 933 Pop.
933 900 1009 925 Rom.
1022 906 1062 934 ap.
1077 899 1148 925 Non.
1163 903 1193 931 6,
1212 910 1251 926 1οι
1272 903 1328 927 Ma.
1427 908 1440 927 s
1450 908 1471 927 A
1486 907 1508 926 Ν
1521 903 1625 928 ΝᾸΤο
1636 909 1666 934 R,
1684 902 1746 928 aris.
1781 912 1819 929 rn.
1854 901 2018 936 [μυκτηριςῆς
2033 902 2111 927 Gloss'.
2127 902 2172 927 Gr.
2189 901 2264 934 Lat.]
2318 899 2393 936 Deris

288 937 408 971 gistratus
435 932 564 969 grauatim
588 932 763 959 seditionibus
785 933 989 968 sanguinolentis
1012 935 1105 961 vrbem
1127 936 1326 969 perturbauere.
1390 943 1507 971 tanquam
1520 946 1536 962 a
1555 937 1627 963 verbo
1644 938 1764 969 Sannare,
1782 941 1850 964 cuius
1864 944 2016 973 compositum
2031 936 2063 969 ‹st
2076 937 2242 963 subsannare.

289 972 391 999 Αιιὲἲοι·
404 971 435 997 ad
451 971 566 996 Herenn.
579 978 612 1001 4,
627 977 653 1001 52
675 978 696 995 c.
715 977 745 1000 39
770 969 972 1003 Sanguinolenta
991 971 1085 1004 palma.
1181 971 1326 1005 Sanguino-
1426 978 1501 998 SAN
1516 978 1601 1004 Nlo,
1628 974 1696 999 onis.
1733 984 1768 1000 m.
1804 973 1962 1008 [χλευαςῆς]
2015 974 2066 1008 Qui
2078 973 2162 1008 solum
2181 972 2249 1007 rifi«,
2269 976 2292 996 et
2310 976 2399 998 contor-

288 1008 352 1034 leuti
367 1014 391 1032 et
405 1015 435 1032 ex
455 1005 510 1031 acie
530 1004 669 1030 redeuntes
691 1004 747 1030 Sen.
756 1005 832 1038 Epist.
847 1007 888 1031 66.
996 1006 1045 1031 Ille
1058 1006 1153 1040 premit
1166 1006 1258 1033 duram
1272 1008 1326 1034 san·
1390 1010 1442 1033 oris
1457 1017 1486 1033 ac
1500 1011 1612 1043 corporis
1624 1012 1701 1035 totius
1709 1009 1828 1044 partihur
1835 1010 2018 1035 immoderatam
2030 1008 2153 1044 quandam
2160 1009 2223 1033 alios
2236 1006 2400 1042 deridendIfl

287 1043 455 1077 guinolentus
471 1040 580 1066 humum
600 1040 681 1065 Ouid.
697 1040 762 1065 Fast.
775 1050 803 1073 4,
817 1045 878 1073 844.
914 1040 972 1067 add.
988 1041 1047 1067 ibid.
1062 1044 1092 1073 6,
1106 1044 1164 1067 602.
1243 1043 1326 1069 Cada.
1343 1061 1356 1079 3
1389 1052 1452 1068 mam
1465 1041 1579 1079 cffingn,
1600 1051 1623 1070 et
1636 1047 1741 1071 aliorum
1753 1054 1833 1070 mores
1845 1048 1927 1079 inepto
1940 1044 2041 1080 quodam
2054 1042 2122 1080 gestu
2129 1050 2176 1078 per
2187 1048 2331 1069 contemtum
2351 1048 2400 1077 exp*

284 1087 349 1104 vera
370 1077 460 1104 Sidon.
475 1085 495 1107 1,
510 1083 531 1107 5.
647 1075 730 1102 Color
743 1076 955 1110 sanguinolentus
978 1076 1059 1103 Ouid.
1075 1079 1166 1103 Amor.
1182 1086 1208 1109 1,
1228 1087 1270 1110 12,
1291 1088 1326 1105 12.
1389 1081 1451 1111 mit,
1470 1086 1499 1105 vt
1512 1079 1610 1112 stultus
1623 1080 1798 1115 propemodum
1816 1080 1949 1112 videatur,
1965 1089 1993 1106 ac
2009 1080 2138 1106 ridiculus.
2208 1078 2264 1104 Cic.
2278 1077 2310 1103 de
2322 1077 2392 1103 Orat.

285 1113 359 1141 Idem
380 1114 407 1139 in
433 1112 493 1138 Ibin
508 1121 526 1143 4
545 1110 696 1144 Nullaque,
715 1120 782 1145 quae
800 1111 889 1145 possit,
909 1113 1010 1146 scriptis
1030 1118 1069 1138 tot
1089 1113 1223 1144 millibus,
1246 1115 1326 1141 exstat
1390 1121 1432 1146 251
1450 1123 1471 1140 c.
1486 1116 1511 1140 61
1533 1115 1604 1147 Qud
1625 1116 1697 1142 enim
1711 1115 1795 1149 potest
1810 1116 1858 1142 esse
1871 1122 1924 1142 tam
1938 1115 2096 1145 ridiculum,
2114 1122 2192 1147 quam
2207 1113 2299 1140 sannio
2312 1112 2365 1138 est?
2385 1113 2401 1139 11

283 1150 373 1175 Litcra
386 1148 515 1178 Nasonis,
531 1146 728 1181 sanguinolenta
742 1148 810 1181 legi,
840 1151 858 1173 i.
872 1156 932 1183 quae
944 1148 978 1174 ad
989 1148 1164 1174 vulnerandum
1176 1149 1327 1176 laedendum-
1389 1158 1450 1180 ore,
1474 1150 1566 1184 vultu,
1587 1151 1723 1178 imitandis
1742 1151 1878 1183 moribus,
1898 1159 1974 1183 voce,
1988 1151 2103 1184 denique
2116 1158 2228 1183 corpore
2244 1148 2346 1175 ridetur
2365 1147 2401 1182 ipit

281 1194 312 1211 ve
322 1193 462 1219 quemquam
471 1186 608 1218 pertineat.
678 1182 798 1209 Prudent.
814 1183 842 1209 in
850 1183 993 1215 Synnnach.
1003 1192 1079 1216 1,452
1100 1185 1177 1214 Deos,
1192 1193 1259 1218 quos
1271 1186 1326 1211 san·
1388 1184 1461 1210 Idem
1476 1186 1545 1212 Fam.
1559 1194 1585 1218 9,
1598 1189 1626 1213 16
1642 1194 1705 1213 extr.
1727 1188 1791 1213 Salis
1809 1188 1880 1213 enini
1902 1187 1962 1213 satis
1981 1187 2031 1218 est,
2051 1185 2206 1212 sannionum
2221 1193 2320 1219 parum.
2356 1183 2401 1209 Con

283 1220 452 1256 guinolentus
472 1217 567 1244 edendi
589 1219 648 1245 Mos
664 1218 746 1245 iuuat.
854 1219 959 1245 Pectora
974 1219 1169 1252 sanguinolenta
1189 1220 1325 1255 OuidAEp.
1365 1219 1413 1258 δή.
1426 1221 1442 1245 Ι.
1459 1221 1563 1247 Gronau.
1659 1223 1813 1255 Sanniones,
1834 1222 1958 1248 dicuntur
1971 1231 1984 1248 a
1998 1222 2109 1252 Sanniis,
2129 1221 2176 1255 qui
2191 1221 2248 1246 sunt
2263 1221 2291 1245 in
2303 1217 2394 1245 ἀίἂίῦῐ

282 1266 303 1288 3,
325 1264 356 1288 50
374 1255 403 1281 de
415 1253 559 1290 interfebi‘o.
647 1254 866 1288 Sanguinolentos
878 1255 1002 1289 appellant
1016 1255 1199 1282 Iurisconsulti
1212 1263 1237 1282 et
1251 1257 1324 1283 Prin·
1390 1254 1447 1286 tui,
1466 1261 1492 1281 et
1507 1255 1534 1281 in
1550 1257 1675 1288 motibus,
1692 1264 1717 1284 et
1732 1259 1760 1283 in
1775 1258 1866 1289 scenis,
1885 1267 1951 1291 quos
1965 1258 2045 1292 μωρὲς
2057 1263 2153 1283 vocant
2161 1256 2265 1288 Graeci,
2285 1253 2403 1290 inquitN

281 1293 361 1325 cipes,
382 1290 499 1325 Infantes
511 1296 619 1315 recenter
636 1289 730 1322 editos,
747 1293 834 1325 quique
844 1293 889 1316 uix
902 1290 1051 1326 dumfirdes
1065 1294 1172 1317 materni
1184 1296 1251 1318 uteri
1263 1296 1324 1318 ami-
1388 1290 1448 1316 nius
1462 1299 1482 1322 1,
1496 1299 1550 1322 302.
1586 1292 1644 1318 add.
1661 1293 1782 1325 Demster.
1797 1294 1909 1328 Paralip.
1924 1293 1957 1319 acl
1969 1295 2050 1326 Roflrz.
2064 1304 2078 1327 5
2098 1302 2120 1319 c.
2135 1295 2160 1319 6.

274 1328 377 1363 serunt,
392 1335 444 1351 cum
462 1332 506 1351 auc
525 1324 666 1350 venduntur
681 1332 724 1351 aut
736 1332 900 1360 exponuntur.
1008 1326 1207 1360 Constantinus,
1226 1328 1252 1354 Si
1265 1328 1325 1362 quis
1424 1331 1437 1351 S
1447 1333 1467 1352 A
1477 1334 1498 1352 N
1507 1333 1526 1353 Ο
1535 1346 1543 1359 ,
1564 1330 1618 1352 are.
1655 1333 1668 1352 S
1677 1334 1728 1353 AN
1738 1334 1756 1354 Ο
1765 1335 1784 1354 R
1794 1348 1803 1360 ,
1821 1329 1871 1354 firi.
1905 1328 1958 1355 vid.
1973 1336 1985 1354 s
1995 1335 2017 1354 A
2026 1336 2048 1354 Ν
2059 1336 2078 1355 ν
2088 1336 2111 1355 S.

281 1368 390 1396 propter
407 1360 518 1397 nimiam
539 1365 730 1392 paupertatem,
750 1360 941 1395 egestatemque
961 1361 1048 1387 vietus
1061 1363 1133 1388 causa
1149 1362 1251 1395 tilium,
1272 1363 1324 1389 fili·
1422 1367 1464 1386 SA
1476 1363 1624 1400 qufiLI
1638 1368 1664 1394 S,
1684 1363 1715 1388 is.
1752 1363 1773 1387 f.
1826 1364 1901 1389 Auir.
1957 1363 2022 1389 Plin.
2038 1372 2083 1395 ιο,
2096 1371 2113 1397 7
2133 1363 2288 1397 Sanqualem
2303 1370 2380 1388 auem

280 1405 357 1424 amue
371 1395 585 1430 sanguinolentos
604 1394 755 1420 vendiderit
775 1395 792 1420 l.
806 1403 822 1421 2
837 1396 867 1421 C.
880 1395 911 1421 de
925 1395 1053 1429 patribus.
1072 1398 1118 1430 qui
1132 1397 1169 1424 fil.
1188 1399 1324 1425 distraxer.
1358 1414 1369 1422 ..
1388 1405 1439 1430 que
1459 1397 1648 1429 immuffiilum,
1668 1406 1780 1432 augures
1792 1398 1907 1423 Romani
1923 1397 1952 1423 in
1965 1407 2059 1431 magna
2071 1399 2224 1431 quaestione
2238 1398 2343 1424 habent.
2379 1397 2403 1423 ΙἸ

280 1442 329 1459 uon
342 1434 404 1458 enim
420 1432 455 1457 tbi
469 1429 687 1464 Sanguinolentus
702 1430 828 1465 legendum
840 1429 889 1462 est:
904 1431 946 1456 sed
961 1432 1183 1464 sanguinolentos.
1225 1432 1323 1460 AuHor
1356 1424 1368 1440 '
1386 1432 1526 1458 muffulum
1546 1432 1629 1467 aliqui
1651 1433 1766 1459 vulturis
1785 1434 1889 1467 pullum
1907 1433 2071 1459 arbitrantur
2088 1433 2151 1464 effe,
2170 1439 2196 1459 et
2216 1433 2365 1467 sanqualem
2376 1440 2403 1459 0-1

281 1468 313 1501 est
325 1467 441 1494 Rubrica
458 1467 486 1492 C.
503 1472 531 1498 8,
552 1474 581 1498 57.
603 1466 641 1491 De
656 1465 802 1491 infantibus
819 1465 957 1499 expositis,
978 1465 1071 1492 liberis
1091 1472 1116 1493 et
1130 1468 1227 1499 seruis,
1251 1474 1276 1494 et
1290 1469 1323 1494 de
1386 1467 1485 1505 fragae.
1591 1469 1730 1495 Massurius
1753 1468 1903 1503 sanqualem
1918 1468 2065 1502 offifragam
2079 1468 2144 1494 dicit
2165 1469 2231 1500 effe,
2252 1467 2403 1494 Immuffitlu

280 1506 329 1535 iis,
344 1503 391 1536 qui
406 1501 617 1536 sanguinolentos
631 1501 790 1527 nutriendos
802 1507 965 1535 acceperunt.
1022 1503 1129 1537 Itemque
1136 1502 1322 1530 c0d.Theod.
1385 1508 1473 1529 autem
1486 1503 1587 1537 pullum
1601 1504 1706 1537 aquilae
1720 1504 1796 1539 prius
1811 1513 1889 1538 quam
1902 1504 1996 1530 albicet
2011 1504 2099 1530 cauda.
2137 1504 2178 1531 Sic
2192 1503 2275 1530 Hard.
2292 1504 2323 1529 al.
2337 1503 2403 1529 Musa

280 1548 304 1573 ς,
317 1545 330 1570 8
352 1540 390 1565 De
405 1539 454 1569 liis,
468 1538 514 1572 qui
528 1537 743 1572 sanguinolentos
757 1543 840 1563 emtos
855 1537 897 1563 vel
910 1537 1066 1563 nutriendos
1079 1540 1235 1573 acceperint.
1263 1539 1322 1565 Vid.
1386 1538 1456 1568 rius,
1476 1545 1499 1564 et
1511 1539 1656 1572 Sangualis.
1773 1540 1885 1572 Liu.41,
1902 1548 1925 1571 ι3
1942 1540 2012 1574 (ι7)
2031 1539 2156 1574 Prodigia
2169 1548 2202 1565 eo
2215 1547 2285 1565 anno
2299 1539 2405 1565 nunciam

281 1574 432 1609 Gotho-fredi
452 1574 564 1609 adsuunt
582 1574 684 1608 quisque
698 1572 824 1599 Codicem:
861 1580 883 1599 ct
897 1573 980 1599 Cuiac.
1000 1573 1034 1599 ad
1045 1573 1096 1600 Iul.
1110 1574 1196 1601 Paulli
1216 1575 1368 1609 Recept.40
1385 1573 1414 1599 in
1428 1573 1600 1600 Crustumino
1618 1582 1695 1600 auem
1717 1575 1866 1609 sangualem
1885 1574 1940 1609 (fic
1953 1575 2104 1609 Drakenb.)
2124 1584 2202 1609 quam
2223 1583 2318 1601 vocant
2331 1575 2393 1601 sacri

280 1609 406 1638 Sent.lib.
422 1618 435 1642 ς
455 1615 472 1635 t.
489 1618 497 1635 1
512 1610 575 1634 sent.
588 1617 607 1634 1.
1385 1608 1500 1642 lapidem
1518 1609 1604 1635 rostro
1626 1610 1754 1636 cecidisse.
1825 1612 1853 1636 A
1864 1611 1947 1637 Sanco
1966 1612 2017 1636 Deo
2039 1611 2194 1645 Sanqualem
2211 1610 2262 1636 dici
2282 1613 2319 1636 ait
2337 1609 2405 1636 Festi--

316 1653 329 1672 s
339 1653 361 1672 Α
372 1652 392 1671 Ν
405 1652 426 1672 G
436 1652 473 1671 Vt
483 1652 497 1670 L
508 1651 554 1670 ΕΝ
565 1650 585 1669 Τ
596 1650 615 1669 v
627 1649 640 1670 s
652 1663 659 1674 ‚
678 1652 708 1675 a,
728 1653 783 1672 um.
818 1643 899 1670 Aliud
918 1644 977 1671 Adi.
996 1653 1013 1671 a
1033 1645 1116 1671 Genii.
1138 1648 1242 1680 antiquo
1261 1646 1322 1672 San·
1387 1644 1520 1678 Sangualis
1535 1645 1591 1671 auis
1612 1645 1774 1679 appellatur,
1792 1654 1860 1680 quae
1880 1646 1908 1672 in
1925 1648 2122 1674 commentariis
2135 1646 2302 1680 auguralibus
2316 1645 2405 1672 offitia«

279 1682 347 1716 guis.
390 1681 466 1707 Idem.
503 1679 622 1706 Scribon.
645 1680 743 1713 Largus
763 1680 888 1714 Compos.
908 1689 961 1707 102.
978 1689 1028 1713 ¹43·
1056 1681 1161 1707 Etiamsi
1175 1681 1322 1716 sanguilen-
1338 1711 1344 1715 1
1386 1680 1500 1711 dicitur,
1521 1680 1584 1714 quia
1598 1681 1626 1706 in
1640 1681 1716 1714 Sangi
1731 1681 1782 1707 Dei
1796 1682 1878 1708 tutela
1892 1682 1937 1708 est.
2040 1683 2081 1709 Sic
2088 1683 2215 1718 suppleuit
2227 1679 2394 1717 A.Aug1fiim
2408 1709 2412 1718 ⁹

279 1724 332 1743 tam
351 1717 454 1743 vrinam
470 1715 575 1742 faciant.
683 1715 764 1746 Idem,
784 1716 864 1741 Oculi
883 1716 1042 1750 sanguilenti
1055 1717 1252 1750 conspiciuntur
1270 1723 1322 1747 182.
1385 1715 1434 1742 Sed
1447 1716 1511 1742 Scal.
1524 1719 1576 1741 ira:
1614 1716 1750 1750 Sanqnalis
1764 1717 1821 1742 auis
1836 1726 1850 1743 a
1867 1716 2161 1752 quibusdamOssifraga
2176 1717 2332 1751 appellatur.
2379 1716 2393 1742 Ε
2409 1722 2412 1728 ’

278 1754 421 1787 Semperque
433 1753 470 1777 ita
484 1750 588 1786 usurpat
599 1750 641 1777 bic
653 1748 750 1777 αιιὲἲον.
789 1750 957 1785 Sanguilcnta
974 1752 1084 1778 reiicere
1099 1758 1147 1782 182.
1333 1763 1367 1789 45
1386 1750 1444 1777 dem
1458 1751 1486 1777 in
1500 1752 1705 1778 Commentariis
1717 1752 1888 1785 auguralibus
1897 1753 1977 1786 Sanga
1990 1753 2102 1784 dicitur,
2121 1754 2184 1788 quia
2200 1753 2228 1779 in
2238 1753 2288 1781 Dei
2300 1752 2372 1786 Sangi
2384 1757 2392 1777 t

312 1795 325 1813 s
334 1796 353 1814 A
365 1795 387 1814 N
398 1793 418 1814 G
430 1794 449 1811 v
461 1793 469 1811 1
484 1794 505 1811 N
519 1793 539 1813 Α
549 1793 568 1812 R
579 1794 586 1811 1
596 1792 616 1811 v
627 1792 651 1818 S,
671 1794 695 1818 a,
708 1795 764 1812 unt.
798 1787 879 1813 Aliud
889 1787 950 1813 Adi.
988 1787 1169 1822 [φιλαίματοι]
1223 1788 1322 1818 Saeuus,
1385 1787 1435 1813 tela
1451 1786 1496 1814 est.
1531 1786 1655 1813 Addimus
1669 1787 1747 1813 locum
1756 1787 1926 1820 Festi,Alites
1935 1788 2025 1815 volatu
2033 1789 2148 1823 auspicia
2161 1789 2295 1819 facientes,
2306 1787 2365 1814 istae
2376 1796 2390 1822 p

276 1823 402 1856 crudelis,
416 1823 562 1858 sanguinem
573 1821 671 1855 fitiens.
788 1822 844 1848 Cic.
881 1842 887 1848 .
924 1842 930 1848 .
968 1842 975 1849 .
1011 1824 1102 1858 Itaque
1121 1832 1228 1858 grauem
1248 1824 1321 1850 illam
1387 1822 1517 1852 tabanum
1532 1822 1624 1853 buteo,
1638 1823 1777 1856 sanqualis,
1792 1823 1981 1854 immusculus,
1995 1825 2095 1860 aquila,
2108 1824 2249 1851 vulturius.
2270 1823 2394 1860 Cavillfiap»

278 1869 307 1886 ac
322 1859 514 1893 sanguinariam
529 1866 622 1883 vocem
635 1856 794 1883 audiuimus.
885 1858 981 1884 Saeuus
994 1866 1020 1884 et
1031 1860 1211 1893 sanguinarius
1230 1868 1322 1885 namra
1387 1862 1865 1884 IMMVSCVLVsetIMMVSSVLVS.
1973 1855 1993 1894 ff
2015 1867 2031 1885 2
2050 1859 2184 1894 sanqualis
2197 1866 2272 1894 porta
2285 1859 2393 1893 appellati

278 1896 386 1922 Sueton.
401 1893 493 1920 Claud.
508 1902 529 1918 c.
542 1901 582 1925 34.
654 1893 779 1917 iuuentus
797 1893 963 1925 sanguinaria
977 1894 1032 1920 Cic.
1042 1896 1094 1920 Att.
1110 1904 1136 1927 2,
1151 1903 1176 1930 7.
1248 1896 1324 1922 Nun*
1386 1893 1508 1926 proxima
1522 1893 1633 1918 aedibus
1642 1893 1716 1918 Anci.
1754 1894 1797 1920 Sic
1811 1893 1915 1919 Paullus
1931 1902 1963 1920 ex
1976 1894 2059 1921 Festo.
2079 1896 2126 1923 Sed
2138 1897 2247 1931 Scaliger
2256 1895 2391 1930 fragmenta

278 1932 332 1958 tius
342 1931 431 1956 saeuus
441 1929 619 1962 sanguinarius
627 1927 692 1953 Plin.
702 1935 770 1959 19,4.
808 1928 890 1962 ld.12’p
908 1938 936 1961 4,
950 1936 976 1962 :7
996 1929 1034 1954 De
1043 1929 1120 1955 huius
1131 1931 1258 1964 nequitia,
1266 1932 1321 1957 san·
1339 1943 1371 1969 50
1386 1928 1454 1955 Festi
1469 1932 1506 1954 ita
1518 1930 1609 1963 explet,
1627 1927 1761 1962 Sanqualis
1776 1934 1851 1962 porta
1866 1930 1992 1963 appellata
2007 1930 2043 1956 est
2054 1931 2087 1958 ab
2105 1932 2150 1958 aui
2169 1930 2393 1965 sanquali‚ideoqu

279 1965 463 2001 guinariisque
477 1963 612 1990 sententiis
627 1963 653 1988 in
671 1971 811 1989 commune
825 1971 917 1989 omnes
926 1965 1002 1998 super
1009 1973 1118 1991 coenam
1132 1966 1320 2000 loquebantur.
1386 1965 1480 1990 eodem
1493 1965 1528 1990 est
1541 1965 1659 1993 nomine,
1672 1972 1727 1997 quo
1740 1964 1797 1990 auis
1810 1965 1863 1999 ipsa
1883 1966 2040 1999 appellatur.

278 2001 348 2037 conf.
364 2001 431 2026 Plin.
449 2009 477 2033 4,
491 2008 532 2026 22.
588 2000 644 2025 Seu.
660 1998 691 2023 de
704 1998 788 2024 Clem.
807 2007 874 2030 1,12.
929 1999 1019 2025 Sidon.
1034 2005 1062 2032 8,
1077 2009 1108 2027 11.
1265 1999 1285 2038 ff
1420 2007 1433 2026 s
1443 2007 1462 2024 Α
1475 2006 1496 2024 Ν
1506 2001 1569 2025 sve
1582 2006 1601 2023 v
1611 2005 1632 2029 s,
1659 1999 1712 2025 vid.
1726 2006 1767 2025 SA
1777 2007 1801 2026 M
1811 2007 1901 2027 Psvc
1912 2007 1933 2026 ιι
1946 2008 1964 2026 ν
1974 2008 2007 2027 Μ.

277 2037 370 2063 Herba
383 2035 548 2069 sanguinaria
562 2032 632 2060 dista
645 2032 687 2066 est,
702 2037 771 2059 cuius
796 2043 868 2060 accus
881 2034 981 2070 i’fi‘su'
996 2037 1106 2068 naribus,
1113 2035 1321 2073 stapprimitjan-
1421 2041 1464 2060 SA
1476 2041 1497 2060 N
1510 2040 1531 2060 T
1543 2040 1558 2060 Ε
1570 2040 1587 2059 R
1600 2041 1621 2060 N
1632 2042 1653 2060 A
1662 2054 1670 2066 ,
1697 2043 1735 2060 ae.
1771 2035 1792 2061 f.
1828 2036 1841 2069 [
1848 2036 2030 2071 χρυσοκόλλα]
2081 2035 2169 2062 Eadem
2189 2045 2243 2072 quae
2257 2031 2390 2068 chrysbcolla

276 2076 383 2110 guinem.
492 2069 623 2096 Columel.
638 2076 665 2102 7,
679 2077 702 2101 ς,
715 2077 742 2100 19
758 2069 798 2095 Est
812 2069 892 2095 etiam
907 2070 994 2104 grauis
1009 2071 1137 2104 pernicies
1153 2072 1249 2098 herbae
1266 2074 1320 2098 san-
1384 2069 1450 2095 Plin.
1467 2078 1501 2101 33,
1515 2078 1528 2096 ,-
1550 2069 1748 2101 chrysocollam
1761 2077 1787 2097 et
1800 2072 1920 2098 aurifices
1934 2072 1982 2098 fibi
1999 2071 2134 2098 Vindicant
2148 2071 2316 2107 agglutinando
2330 2075 2390 2093 auro

277 2107 429 2143 guinariae,
451 2113 530 2139 quam
544 2104 561 2130 si
576 2104 644 2139 pasta
656 2103 691 2128 est
708 2103 783 2135 ouiS,
803 2110 861 2130 toto
880 2111 973 2130 ventre
994 2106 1166 2140 distenditur,
1186 2108 1319 2134 contrahi·
1336 2112 1365 2139 55
1383 2111 1409 2131 et
1422 2104 1483 2131 inde
1502 2113 1592 2130 omnes
1610 2106 1765 2140 appellatam
1786 2106 1907 2134 similiter
1925 2114 2027 2134 vtentes
2046 2108 2144 2134 dicunt.
2239 2101 2392 2142 Temper'am

277 2151 391 2177 tiu-que,
412 2148 437 2167 et
452 2142 565 2175 spumam
581 2139 711 2173 quandam
726 2146 831 2165 tenuem
843 2139 906 2165 tetri
920 2139 1011 2166 odoris
1024 2142 1135 2175 exspuit.
1170 2144 1239 2179 conf.
1253 2144 1319 2170 Plin.
1382 2147 1469 2167 autem
1491 2148 1520 2166 ea
1543 2141 1640 2174 Cypria
1667 2142 1808 2175 aerugine,
1831 2149 1856 2169 et
1881 2145 1957 2177 pueri
1979 2143 2094 2178 impubis
2117 2142 2210 2173 vrina,
2229 2139 2316 2166 addito
2333 2143 2394 2163 nur(

276 2185 318 2211 28,
336 2187 366 2204 ιε.
404 2178 480 2210 Apul.
494 2178 525 2203 dc
538 2174 621 2202 Hei-b.
635 2184 656 2201 c.
671 2179 704 2204 18.
1381 2177 1497 2202 Ter-itur
1511 2176 1612 2209 Cyprio
1631 2185 1692 2202 aere
1711 2177 1738 2201 in
1754 2177 1862 2210 Cypriis·
1875 2180 2027 2206 mortariis:
2063 2180 2209 2205 santernam
2226 2179 2323 2212 vocant*
2333 2171 2395 2198 nosti

312 2222 325 2241 S
335 2222 356 2240 Α
366 2220 388 2239 Ν
398 2218 418 2237 G
428 2219 447 2237 V
458 2220 466 2238 1
480 2219 502 2237 N
513 2214 530 2238 Ᾰ
539 2220 554 2237 L
565 2219 572 2236 1
583 2219 596 2237 s
605 2220 641 2243 ,e.
677 2209 830 2244 [πολύγονον]
868 2209 952 2237 Herba
966 2210 1054 2242 eadem,
1066 2219 1126 2246 quac
1135 2212 1316 2246 Sanguinaria.
1382 2211 1456 2238 Idem
1471 2220 1500 2242 34
1509 2229 1516 2241 ,
1531 2219 1566 2236 12.

278 2247 409 2277 Columel.
424 2251 447 2279 6,
463 2257 495 2279 12,
510 2255 530 2280 5.
551 2246 612 2273 Inde
626 2253 710 2271 nomen
723 2244 802 2276 habet,
817 2245 1021 2281 quodfiinguinis
1028 2247 1145 2282 fluorem,
1163 2248 1319 2284 ondecunque
1417 2254 1430 2272 S
1439 2254 1460 2273 Α
1471 2253 1491 2272 N
1502 2251 1523 2270 T
1533 2244 1582 2272 ὁΝ
1592 2252 1608 2272 Ε
1617 2253 1641 2277 s,
1660 2251 1683 2271 et
1698 2251 1711 2271 S
1720 2252 1771 2272 AN
1783 2251 1803 2271 T
1816 2244 1835 2272 ὁ
1844 2252 1866 2271 Ν
1875 2253 1895 2272 1.
1931 2246 2088 2278 [Σᾰντωνες]
2145 2247 2234 2280 Populi
2246 2245 2349 2276 Galliae,
2365 2249 2396 2267 nc

270 2287 388 2323 feratur,
398 2282 480 2316 sistat.
523 2281 656 2308 l'decls.
667 2289 684 2309 ς,
700 2288 735 2305 22·
772 2289 798 2312 4.
811 2285 832 2309 8·
871 2288 893 2312 ς,
907 2289 926 2306 1.
963 2284 988 2313 6,
998 2290 1042 2315 7,3
1058 2289 1080 2308 et
1095 2292 1121 2316 4.
1331 2285 1372 2316 60¹
1383 2281 1461 2315 longe
1474 2291 1488 2307 a
1500 2281 1673 2307 Tolosatium
1682 2280 1791 2311 finibus,
1812 2289 1877 2313 quae
1896 2281 1989 2307 ciuitas
2002 2281 2037 2307 est
2052 2281 2079 2306 in
2093 2281 2241 2315 prouincia,
2260 2288 2288 2307 vt
2301 2283 2338 2306 ait
2350 2278 2396 2303 Cae

315 2328 358 2347 sp,
367 2327 387 2345 N
398 2316 448 2345 G'v
459 2319 468 2345 1'
480 2325 501 2343 Ν
515 2324 548 2349 0,
565 2322 617 2343 are.
654 2314 786 2349 [οἷιμοὶσσω
801 2315 878 2340 (310Πῖ
894 2316 939 2342 Gr.
948 2316 1018 2350 Lat.]
1075 2318 1198 2352 Sanguine
1209 2328 1317 2345 manare.
1382 2316 1447 2343 Bell.
1461 2317 1530 2342 Gall.
1546 2325 1565 2347 1,
1581 2325 1617 2342 10.
1689 2315 1799 2341 Santoni
1808 2316 1870 2349 Jicm
1887 2316 1935 2342 eid.
1952 2326 1978 2348 3,
1996 2325 2033 2348 ιι,
2051 2323 2074 2349 5.
2144 2315 2240 2341 Lucan.
2255 2324 2275 2348 1,
2292 2322 2343 2348 422
2379 2326 2396 2331 -
2410 2321 2416 2336 r

278 2355 410 2390 Quinetil.
426 2355 454 2380 in
470 2353 586 2380 Declaut.
602 2361 639 2383 10,
653 2357 665 2381 8
685 2359 709 2384 p.
719 2358 765 2381 219
783 2350 859 2375 Tum
873 2351 992 2384 repetitis
1005 2352 1193 2384 sanguinauere
1208 2354 1317 2385 planeti-
1387 2352 1543 2386 Gaudetque
1554 2358 1646 2378 amoto
1660 2350 1788 2376 Santonus
1801 2350 1884 2376 hoste.
1987 2352 2055 2376 Hinc
2410 2375 2413 2385 Ι

276 2392 326 2419 bus
348 2392 399 2417 iam
418 2389 627 2416 conualescentes
648 2385 748 2411 lacerti.
792 2385 855 2412 ibid.
877 2387 1023 2420 nonprocul
1033 2386 1117 2420 afine,
1137 2388 1251 2419 Qnando
1264 2396 1318 2412 non
1420 2393 1718 2418 SANTON1vs,a‚um.
1735 2385 1969 2419 quen.Sat.8,145
1983 2385 2122 2418 Tempora
2129 2385 2268 2410 Santonico
2280 2384 2349 2410 velas
2358 2382 2397 2409 ad‹

276 2427 391 2454 liuidum
405 2425 493 2461 petqus
508 2430 534 2450 et
547 2422 728 2456 sanguinantes
737 2420 805 2446 vidit
820 2420 946 2447 lacertos?
962 2421 1084 2446 310·de
1092 2422 1116 2447 h.
1125 2423 1213 2447 saum
1221 2422 1316 2447 laudat.
1382 2427 1456 2452 perta
1464 2421 1576 2445 cucullo.
1596 2420 1655 2445 add.
1664 2420 1872 2453 Martial.14,133.
1882 2422 1983 2449 Oceani
1992 2422 2080 2447 littora
2090 2419 2397 2450 SantonieiTibul.1,8,1

277 2464 387 2498 Spumea
407 2460 532 2497 purpurei
554 2458 615 2484 dum
636 2455 770 2490 sanguinat
789 2455 858 2480 vnda
873 2455 1000 2488 profundi
1018 2456 1101 2482 Solin.
1116 2457 1195 2483 Poeta
1212 2457 1240 2483 in
1253 2459 1319 2483 Pon·
1342 2461 1373 2492 ⁶5
1383 2453 1404 2490 q
1414 2464 1426 2480 2
1441 2455 1580 2480 Santonica
1591 2454 1691 2486 Herba,
1712 2455 1896 2491 [Σιντωνικόν]
1915 2467 1986 2492 quam
2001 2455 2168 2482 Abfinthium
2176 2453 2343 2479 santonicum
2355 2462 2396 2479 voc

277 2500 341 2526 tico.
412 2496 570 2531 Eloquentia
591 2492 692 2519 lucrosa
711 2497 736 2516 et
750 2491 904 2524 sanguinans
923 2490 1073 2522 delatorum,
1091 2501 1139 2526 qua
1158 2492 1196 2517 illi
1212 2492 1319 2527 adperi-
1382 2490 1450 2517 Plin.
1463 2498 1507 2524 27,
1521 2497 1546 2523 7.
1651 2490 1783 2517 Columel.
1800 2494 1831 2525 6,
1852 2501 1877 2524 ες
1899 2492 1984 2518 Potest
2004 2492 2083 2517 etiam
2102 2498 2161 2516 cuin
2175 2489 2248 2515 arida
2262 2488 2312 2514 fico
2324 2493 2347 2515 et
2360 2497 2398 2514 eru

253 2546 259 2555 ³
277 2537 332 2561 cula
351 2541 373 2560 et
394 2533 564 2559 crudclitatem
583 2536 690 2555 utuntur
709 2526 818 2552 Dial.de
832 2526 907 2552 Orat.
923 2533 966 2557 12,
986 2534 1006 2557 3.
1111 2526 1178 2551 Plin.
1193 2535 1240 2558 30,
1256 2535 1273 2559 9
1292 2527 1320 2553 Si
1383 2526 1486 2551 conteri
1500 2523 1738 2559 herbaSantonica,
1752 2534 1777 2552 et
1791 2527 1905 2554 formata
1920 2528 1947 2552 in
1962 2527 2057 2558 offam,
2072 2525 2133 2552 licut
2153 2525 2293 2550 saliuatum
2313 2523 2399 2550 demitt

279 2569 357 2604 pedes
372 2570 535 2602 sanguinent.
572 2565 621 2591 Sed
635 2562 756 2590 variaest
772 2561 859 2587 letitio.
902 2561 959 2587 Vid.
975 2560 1058 2587 Hard.
1072 2560 1207 2587 Eme›zd.:¹o
1217 2569 1246 2597 p.
1260 2572 1319 2596 774.
1421 2566 1493 2586 SAN
1505 2567 1525 2585 V
1538 2566 1567 2592 S,
1582 2570 1607 2592 a,
1628 2571 1682 2587 um.
1719 2562 1780 2588 Adi.
1817 2562 1916 2595 [v‘ynlg
1930 2562 2046 2596 ὑγιεινὸς]
2109 2562 2209 2595 Integer
2222 2567 2245 2585 et
2262 2563 2398 2596 incorruptis.

278 2607 333 2632 Lex
353 2614 367 2630 a
386 2603 508 2630 contactu
527 2601 642 2628 feminac
663 2597 838 2631 sanguinantis
858 2596 997 2622 submonet
1023 2597 1142 2623 Tei-tull.
1160 2597 1219 2624 adu.
1238 2598 1321 2623 Marc.
1382 2594 1439 2620 bene
1452 2595 1554 2628 bahem,
1564 2596 1598 2622 ad
1610 2599 1722 2631 corporis
1732 2600 1832 2631 pariter
1845 2598 2024 2628 valetudinem,
2042 2604 2067 2623 et
2077 2595 2257 2628 animi-statum
2270 2591 2399 2627 inconcuſjun

280 2652 298 2674 4
348 2649 414 2674 440.
538 2637 656 2663 Colubet·
688 2642 793 2661 veneno
824 2633 908 2659 noxio
939 2632 1006 2658 colla
1043 2632 1197 2666 sanguinans
1243 2633 1320 2667 Apul.
1335 2643 1371 2671 70
1382 2634 1501 2665 pertinet.
1610 2630 1667 2658 Cic.
1682 2641 1731 2665 pro
1746 2633 1814 2658 Sext.
1831 2641 1870 2664 135
1896 2642 1916 2658 c.
1937 2635 1966 2665 65
1987 2633 2053 2659 Non
2073 2641 2103 2657 ea
2122 2632 2157 2657 est
2177 2631 2326 2662 medicina,
2339 2637 2398 2663 quun

279 2661 342 2703 M'et,
357 2684 368 2708 ς
400 2684 425 2709 ρ,
442 2676 495 2700 166.
1386 2667 1460 2692 sanae
1474 2666 1544 2699 parti
1556 2667 1677 2700 corporis
1692 2668 1840 2702 scalpellum
1853 2668 2003 2695 adhibetur.
2091 2666 2163 2693 Idem
2178 2676 2226 2701 pro
2240 2666 2306 2692 Sext.
2319 2671 2349 2699 97
2356 2664 2400 2703 :Q

317 2719 330 2738 s
343 2718 363 2737 Α
378 2718 398 2737 N
412 2715 433 2736 G
446 2718 465 2736 V
477 2718 484 2735 1
498 2715 520 2734 N
535 2715 555 2735 A
566 2714 650 2739 Tlo,
669 2706 735 2731 onis.
771 2704 791 2731 f.
849 2702 1090 2739 Fluxussanguinis.
1146 2703 1217 2730 Cael.
1230 2703 1320 2730 Aurel.
1386 2702 1483 2735 integri
1497 2702 1572 2733 sunt,
1591 2708 1617 2728 et
1632 2703 1697 2729 sani.
1805 2704 1861 2729 Cic.
1875 2705 1926 2730 Off.
1943 2713 1968 2736 3,
1983 2712 2014 2736 9²
2033 2712 2055 2729 c.
2076 2711 2107 2734 24
2133 2703 2159 2728 Si
2178 2704 2236 2737 quis
2256 2701 2402 2739 medicam-er

278 2746 364 2775 Tard.
380 2756 406 2779 4,
422 2748 446 2772 6.
482 2751 504 2771 et
520 2753 539 2776 1,
554 2753 572 2776 4
593 2742 769 2776 Gingiuarum
789 2739 962 2773 sanguinatio.
1383 2743 1440 2763 tum
1454 2736 1569 2770 cuipiam
1584 2736 1687 2763 dederit
1702 2736 1733 2762 ad
1746 2746 1839 2771 aquam
1853 2739 2020 2771 intercutem,
2034 2739 2226 2772 pepigeritque,
2239 2737 2256 2764 fi
2270 2745 2301 2763 eo
2316 2734 2400 2762 medici

315 2790 329 2810 s
341 2789 363 2808 A
374 2790 395 2808 N
405 2787 425 2807 G
438 2787 458 2806 v
470 2788 478 2805 1
492 2786 513 2806 N
525 2783 544 2807 ὁ
554 2787 566 2807 S
577 2785 618 2805 VS
628 2798 635 2810 ,
655 2787 679 2810 a,
699 2786 753 2803 um.
792 2776 868 2802 Idem.
906 2776 983 2801 Acut.
999 2783 1019 2806 3,
1034 2783 1056 2806 4.
1384 2778 1476 2798 mento
1490 2773 1564 2798 sanus
1577 2772 1661 2798 faetus
1674 2773 1733 2798 esset
1743 2792 1751 2804 ,
1770 2780 1816 2799 etc.
1931 2775 2005 2801 Idem
2020 2774 2132 2808 Philipp.
2147 2783 2178 2809 2,
2199 2782 2239 2800 101
2259 2783 2280 2798 c.
2294 2780 2324 2804 39
2348 2771 2401 2803 Qia

314 2825 387 2844 SAN
398 2824 419 2843 G
431 2823 451 2842 v
463 2824 471 2842 1
485 2823 497 2842 s
510 2818 529 2841 V
539 2822 551 2842 s
561 2821 599 2847 Α,
619 2822 658 2840 ae.
695 2810 832 2846 [βδέλλα]
891 2812 988 2837 Vermis
1001 2814 1028 2835 in
1042 2817 1105 2844 aqua
1119 2807 1224 2845 degens,
1242 2813 1285 2844 qui
1297 2816 1322 2836 et
1336 2817 1368 2845 75
1385 2807 1501 2834 medicus
1515 2808 1563 2834 ille
1577 2814 1602 2834 te
1616 2809 1705 2833 sanum
1720 2808 1826 2835 fectfl'et.
1912 2811 1985 2837 Fieri
1999 2811 2089 2836 sanum
2103 2819 2133 2835 ex
2149 2809 2244 2836 morbo
2261 2808 2326 2833 Cato
2340 2815 2361 2831 c.
2378 2813 2399 2837 15

278 2854 377 2881 Hirudo
404 2853 506 2879 dicitur.
614 2848 763 2877 Irudincm,
787 2856 866 2881 quam
885 2846 994 2880 quidam
1012 2845 1191 2880 sanguisugam
1215 2852 1321 2878 vocant,
1383 2845 1503 2870 Strumae
1523 2843 1590 2870 fiunt
1609 2844 1684 2869 sanae
1707 2843 1827 2871 scribon.
1841 2852 1896 2875 228.
1969 2846 2027 2873 Nec
2041 2846 2180 2880 quisquam
2200 2852 2232 2869 ex
2253 2842 2301 2868 illo
2314 2841 2401 2867 vulnet

278 2889 444 2920 denotatam,
455 2895 500 2913 etc.
521 2885 705 2916 Scribon.199.
747 2884 834 2909 Vtitur
847 2888 870 2907 et
879 2881 1091 2912 Colum.6‚=8,2.
1201 2881 1266 2908 Plin.
1279 2890 1320 2913 32,
1384 2881 1459 2906 sanus
1475 2879 1532 2906 abit
1550 2880 1668 2913 Propert.
1682 2888 1703 2911 2,
1718 2888 1754 2911 12,
1768 2888 1800 2906 12.
1997 2879 2017 2919 ff
2039 2890 2055 2907 2
2089 2880 2133 2906 Ad
2143 2882 2250 2906 animum
2267 2879 2401 2916 translatum

278 2933 296 2960 7
314 2925 387 2952 Idem
401 2923 529 2958 praestare
543 2920 757 2953 sanvuisugarum
770 2918 836 2944 cinis
850 2926 881 2943 ex
901 2922 975 2944 aceto
992 2916 1077 2942 illitus
1097 2920 1212 2949 putatur.
1281 2917 1320 2944 Id.
1385 2915 1455 2942 Ter.
1470 2916 1536 2941 Eun.
1549 2924 1573 2947 3,
1588 2922 1610 2947 5,
1627 2920 1639 2944 8
1659 2914 1731 2948 Qud
1745 2915 1813 2941 mihi
1836 2924 1973 2949 quaeram:
2010 2918 2084 2942 sanus
2104 2915 2163 2941 fini:
2198 2921 2263 2941 anne
2282 2913 2407 2951 insaniam

277 2966 291 2991 s
320 2970 357 2987 ιο.
393 2959 461 2994 conf.
475 2958 542 2984 Cels.
557 2943 635 2990 5527.
672 2953 765 2981 Pallad.
781 2962 804 2985 1,
817 2961 854 2986 35.
1384 2951 1459 2977 Idem
1474 2952 1570 2978 Heaut.
1586 2960 1617 2982 4,
1632 2958 1657 2981 3,
1678 2959 1711 2982 29
1730 2952 1810 2977 Satin’
1825 2952 1901 2977 sanus
1915 2952 1966 2983 est,
1981 2958 2025 2977 aut
2037 2951 2159 2976 sobrius?
2265 2949 2306 2975 Sic
2320 2948 2375 2973 Cic.
2389 2946 2402 2973 d

292 2980 299 2992 ³
312 3003 325 3023 ς
337 3002 359 3023 A
372 3002 394 3021 N
405 3001 426 3021 G
438 3001 456 3019 V
468 3002 480 3021 s
516 2993 568 3021 vid,
581 2998 624 3019 SA
634 2996 682 3016 Nc
695 2996 715 3015 v
726 2996 747 3017 S.
1338 2988 1371 3015 80
1386 2987 1480 3014 Diuin.
1494 2996 1521 3019 2,
1537 2994 1574 3019 94
1593 2986 1672 3011 Sanus
1687 2986 1778 3012 homo.
1886 2987 1937 3012 Pro
1958 2988 2019 3012 sano
2041 2985 2143 3019 aliquid
2158 2985 2244 3011 facere
2277 2984 2349 3010 Caes.
2361 2982 2413 3010 Belr

311 3017 355 3057 {A
365 3039 387 3058 N
398 3038 407 3056 1
420 3036 436 3056 E
448 3037 461 3056 s
484 3014 491 3026 ⁵
501 3029 536 3056 ei.
572 3028 591 3054 f.
629 3024 732 3062 [ζρότος
742 3045 750 3057 ,
770 3024 831 3058 ixx?
845 3024 856 3058 ]
914 3022 1023 3057 Sanguis
1044 3021 1151 3048 tenuior
1170 3023 1212 3048 vel
1236 3032 1320 3050 recens
1385 3023 1454 3050 Gall.
1468 3030 1491 3056 5,
1503 3030 1528 3057 7.
1623 3022 1713 3047 Homo
1726 3023 1816 3054 sanus,
1834 3024 1874 3047 cui
1886 3029 2019 3057 oppomtur
2032 3022 2156 3047 Furiosus
2176 3022 2232 3047 Cic.
2248 3019 2323 3046 Acad.
2341 3028 2374 3052 4,
2390 3023 2407 3048 8.

275 3069 316 3093 vel
329 3070 378 3093 iam
395 3050 534 3100 corruptus.
569 3063 637 3090 Cels.
653 3069 674 3094 5,
689 3063 734 3091 26,
750 3069 783 3086 20
807 3059 914 3093 Sanguis
931 3058 1056 3085 omnibus
1069 3064 1146 3084 notus
1161 3058 1206 3085 est.
1277 3059 1319 3085 Sa·
1385 3068 1405 3085 c.
1420 3064 1450 3089 28
1459 3065 1502 3094 pr.
1537 3056 1610 3092 C⁰²²f·
1626 3056 1699 3083 Idem
1713 3058 1744 3083 de
1756 3059 1859 3084 Inuent.
1873 3066 1885 3083 2
1905 3067 1925 3083 c.
1941 3066 1977 3090 45.
2073 3057 2142 3083 Male
2155 3056 2244 3088 sanus,
2263 3058 2280 3081 i.
2298 3055 2407 3090 [nfixniem

276 3104 333 3129 nies
348 3103 383 3129 est
396 3101 503 3128 tenuior
516 3103 566 3126 hoc
576 3119 584 3131 ,
607 3099 679 3124 varie
693 3097 779 3128 crass'a,
797 3102 823 3122 et
837 3095 979 3129 glutinosa,
999 3100 1024 3119 et
1036 3094 1162 3120 colorata.
1271 3095 1320 3120 Pus
1384 3095 1441 3121 Cic.
1456 3096 1508 3120 Att.
1523 3100 1549 3125 9,
1564 3100 1598 3124 15.
1693 3094 1790 3119 Mentis
1805 3095 1878 3120 sanus
1897 3093 1979 3119 Plaut.
1992 3093 2074 3119 Trin.
2084 3101 2110 3124 2,
2124 3101 2150 3124 4,
2165 3100 2200 3125 53.
2271 3091 2344 3117 Mens
2358 3089 2407 3130 besu

276 3138 446 3165 craffiffimum
461 3135 709 3168 albidissimumque,
728 3131 881 3166 glutinosius
894 3137 919 3157 et
933 3129 1055 3164 sanguine
1068 3135 1093 3155 et
1108 3129 1187 3155 sanie.
1258 3130 1320 3156 Exit
1385 3132 1445 3157 sana
1473 3130 1537 3156 Hor.
1554 3127 1636 3153 Serm.
1653 3136 1673 3159 1,
1687 3137 1715 3168 9,
1726 3138 1772 3168 44.
1845 3129 1871 3154 Si
1886 3130 1945 3155 sana
1959 3130 2033 3155 Mens
2049 3129 2109 3155 essct
2125 3128 2193 3162 Nep.
2209 3134 2246 3167 17,
2260 3133 2283 3159 5,
2296 3134 2326 3166 ²¹.
2366 3119 2407 3152 Cld

276 3182 364 3200 autem
380 3173 481 3207 sanguis
498 3181 528 3197 ex
541 3170 651 3196 vulnere
667 3169 777 3200 recenti,
795 3173 839 3193 aut
853 3167 905 3193 iani
920 3167 1078 3192 sanescente:
1105 3165 1187 3191 sanies
1201 3165 1236 3191 est
1251 3166 1322 3191 inter
1335 3169 1364 3198 85
1383 3166 1415 3192 de
1431 3166 1493 3192 Nat.
1506 3164 1584 3190 Deor.
1599 3172 1614 3189 2
1633 3164 1686 3188 Este
1708 3170 1791 3198 igitur
1806 3163 1868 3190 deos
1887 3165 1924 3191 ita
1937 3165 2102 3199 perspicuum
2124 3163 2175 3195 est,
2196 3169 2223 3189 vt
2239 3162 2265 3188 id
2281 3169 2328 3196 qui
2340 3169 2398 3195 nege

278 3215 420 3242 vtrumque
444 3214 555 3241 tempus.
651 3206 701 3230 Pus
719 3212 749 3229 ex
774 3203 862 3228 vlcere
889 3202 942 3228 iam
965 3201 997 3227 ad
1018 3201 1156 3227 sanitatem
1180 3201 1321 3234 speelante.
1384 3202 1431 3228 vix
1445 3209 1504 3227 eum
1517 3200 1590 3225 sanae
1603 3199 1699 3225 Mentis
1714 3200 1862 3226 existimen.
1969 3199 2105 3226 Orandum
2119 3199 2172 3232 est,
2190 3205 2217 3225 vt
2234 3197 2263 3223 lit
2278 3198 2350 3224 Mens
2364 3196 2390 3237 s¹

278 3246 344 3271 Cato
358 3246 388 3270 R.
402 3244 433 3269 R.
450 3251 501 3277 157,
515 3251 527 3273 3
542 3241 646 3267 Saniem
660 3240 777 3273 spurcam
791 3239 874 3264 mittit
887 3246 988 3263 cancer.
1060 3237 1136 3269 virg.
1152 3236 1215 3261 Aen.
1230 3242 1253 3267 8,
1269 3242 1321 3271 487
1384 3238 1412 3264 in
1428 3243 1538 3271 corpore
1551 3235 1612 3260 sano
1628 3235 1745 3260 quenal.
1759 3244 1797 3265 ιο,
1811 3237 1864 3267 356.
1960 3236 2057 3261 Mentis
2071 3235 2145 3261 sanae
2161 3235 2206 3261 vix
2222 3242 2328 3267 compos
2342 3233 2391 3259 Oui

277 3294 321 3299 .—
358 3281 388 3306 Et
403 3279 473 3305 sanie
491 3278 607 3311 taboque
627 3275 739 3301 fluentis.
854 3273 1003 3307 Complexu
1022 3272 1050 3298 in
1064 3272 1163 3298 misero
1185 3271 1263 3305 longa
1286 3272 1318 3298 lic
1385 3273 1448 3299 Met.
1463 3278 1486 3304 8,
1501 3278 1536 3303 35.
1643 3270 1698 3296 Cic.
1709 3270 1761 3295 Att.
1775 3279 1802 3302 9,
1816 3275 1840 3300 18
1861 3269 1921 3295 Mifi
1936 3272 2015 3297 etiam
2029 3270 2147 3297 Caesaris
2160 3269 2193 3296 ad
2207 3278 2251 3295 eos
2264 3269 2322 3294 sana
2336 3275 2390 3294 men

278 3321 362 3340 morte
376 3314 494 3341 necabat.
602 3312 658 3338 Cic.
671 3310 698 3336 in
715 3309 799 3335 Pison.
812 3316 844 3341 43
868 3308 932 3334 Saxa
946 3309 1066 3341 spargens
1078 3306 1151 3338 tabo,
1170 3307 1249 3339 sanie,
1264 3308 1318 3333 san·
1387 3309 1491 3342 scriptas
1511 3306 1615 3335 literas,
1640 3305 1777 3338 quomodo
1798 3306 1825 3330 in
1849 3311 1919 3331 tanta
1938 3306 2055 3332 insania?
2172 3305 2227 3331 Cic.
2248 3305 2319 3330 Fam.
2334 3312 2375 3337 12,

279 3350 356 3383 guine
372 3357 441 3381 atro,
457 3359 484 3376 ex
499 3350 583 3375 Poeta.
680 3344 812 3371 iocinoris
826 3344 938 3370 recentis
952 3343 1053 3369 inassati
1067 3343 1167 3373 sanies,
1206 3342 1258 3368 vid.
1274 3351 1319 3369 ΙΝ·
1334 3353 1370 3377 90
1385 3344 1495 3376 Nullam
1509 3347 1608 3375 partem
1625 3346 1649 3366 et
1664 3346 1775 3366 aetatem
1789 3342 1864 3366 sanae
1878 3349 1907 3366 ac
1922 3341 2007 3368 saluae
2019 3342 2094 3376 Reip.
2108 3341 2209 3375 gustare
2222 3339 2340 3374 potuisti.
2412 3364 2413 3370 .

281 3391 300 3409 A
311 3392 322 3410 s
333 3391 372 3409 SA
383 3392 403 3410 T
414 3393 432 3410 v
443 3392 465 3412 s.
573 3382 658 3409 Putris
673 3381 754 3407 sanies
775 3380 836 3405 Stat.
850 3379 942 3405 Theb.
952 3387 988 3413 12,
1003 3381 1059 3411 569.
1153 3377 1319 3411 Serpentium
1387 3389 1450 3405 num
1463 3385 1542 3413 genus
1556 3376 1660 3402 dicendi
1679 3376 1734 3402 Cic.
1748 3376 1776 3401 in
1790 3376 1873 3402 Bruto
1887 3384 1946 3402 232.
1981 3380 1999 3403 i.
2015 3379 2194 3411 Incorruptum.
2258 3410 2263 3414 .
2311 3375 2364 3401 Com
2379 3380 2413 3408 ar,¹

276 3419 359 3445 sanies
378 3419 436 3445 Scn.
450 3420 519 3446 Med.
533 3427 587 3454 732·
623 3422 691 3443 inter
703 3417 768 3442 mala
782 3414 965 3440 medicamenta.
1071 3413 1168 3439 Lucan.
1184 3421 1212 3445 3,
1226 3417 1271 3443 658
1292 3415 1321 3440 de
1385 3416 1453 3441 Hor.
1467 3414 1547 3440 Serm.
1563 3421 1589 3442 2,
1607 3420 1637 3444 3,
1653 3420 1700 3444 24¹
1737 3426 1782 3432 —
1818 3410 1872 3445 Qui
1886 3412 1991 3445 sanior,
2009 3421 2037 3438 ac
2056 3412 2074 3438 fi
2093 3412 2165 3438 idem
2178 3409 2243 3436 illud
2256 3419 2284 3436 in
2298 3410 2354 3444 rapi
2373 3417 2392 3448 u·
2411 3414 2413 3440 ,¹

277 3464 312 3486 eo,
338 3455 425 3486 Quem
439 3455 555 3480 diuersae
569 3452 660 3481 rostris
673 3452 754 3478 fixere
768 3450 881 3481 carinae,
900 3458 932 3475 ne
946 3449 1016 3475 Eliso
1029 3454 1121 3475 ventre
1135 3458 1183 3482 per
1201 3457 1248 3475 ora
1263 3450 1320 3475 Eie-
1384 3452 1493 3481 flumen,
1511 3448 1642 3474 iaceretue
1655 3447 1787 3473 cloacam?
1881 3447 1935 3479 Qu
1949 3448 1980 3474 ad
1993 3447 2213 3483 philosophorum
2227 3445 2326 3472 scholas
2339 3450 2393 3487 veni
2412 3456 2414 3459 ·

277 3490 330 3516 Stat
345 3490 440 3516 saniem
454 3491 596 3522 permixtus
610 3489 708 3515 viscere
730 3487 815 3518 (Cort-
829 3486 949 3519 viscera)
974 3485 1085 3518 sanguis.
1190 3484 1320 3511 Emittere
1385 3492 1428 3512 aut
1443 3485 1529 3512 sanior
1546 3483 1654 3510 domum
1669 3482 1765 3512 redeat,
1780 3488 1825 3509 aut
1839 3482 1982 3511 sanabilior
2009 3481 2211 3516 Sen.Epist.108.
2301 3481 2387 3507 Samot·
2412 3489 2415 3498 r

277 3525 375 3551 saniem
390 3524 510 3550 conte-:10
528 3526 601 3550 scrro
620 3524 700 3551 Ouid.
716 3524 779 3549 Met.
789 3529 822 3556 7,
841 3525 892 3553 338.
986 3519 1110 3547 Eruetare
1124 3519 1222 3545 saniem
1242 3520 1318 3554 virg.
1333 3523 1365 3550 93
1383 3528 1501 3548 oratores
1520 3520 1575 3545 Cic.
1589 3518 1620 3544 de
1633 3517 1702 3544 Clar.
1717 3518 1790 3544 Orat.
1805 3526 1830 3550 51
1855 3527 1875 3544 c.
1885 3527 1917 3549 13.
2013 3520 2106 3554 Superi.
2123 3517 2206 3542 Etiam
2221 3517 2347 3543 saniffimo
2359 3514 2413 3556 dar*

278 3562 341 3587 Aen.
357 3568 378 3591 3,
390 3562 442 3591 632.
546 3560 680 3593 Exspirant
698 3559 795 3585 saniem
809 3556 941 3583 tabificam
958 3555 1003 3581 Sil.
1011 3558 1037 3587 6,
1045 3557 1106 3589 276.
1201 3556 1318 3582 Vomunt
1384 3557 1462 3583 debet
1477 3554 1550 3581 cibus
1564 3555 1630 3581 Cels.
1639 3561 1660 3585 3,
1680 3562 1707 3586 4.
1815 3554 1952 3580 Crescebat
1967 3554 2073 3580 interim
2087 3552 2171 3579 indies
2185 3552 2269 3578 Sullae
2282 3555 2407 3587 exercitus.

277 3597 375 3622 saniem
389 3595 517 3628 serpentes
537 3595 615 3619 Ouid.
631 3596 694 3621 Met.
709 3605 737 3628 4,
750 3602 808 3627 493.
844 3591 919 3627 Conf.
933 3590 1066 3617 Columel.
1080 3592 1113 3621 6,
1133 3599 1166 3617 12.
1209 3591 1316 3618 Vitruu.
1382 3590 1575 3619 confluentibus
1588 3589 1619 3615 ad
1632 3598 1692 3614 eum
1708 3589 1811 3621 optimo
1832 3598 1941 3624 quoquo
1956 3596 1980 3616 et
1996 3588 2123 3615 saniffimo
2146 3588 2247 3620 Vell.2‚
2257 3596 2293 3620 25,
2308 3596 2329 3614 2.
2372 3585 2408 3648 Ἣ

276 3640 302 3663 2,
316 3640 341 3664 9.
537 3627 557 3665 Ἴ
578 3637 592 3654 2
628 3630 725 3661 Sanies,
738 3637 786 3665 pro
800 3626 943 3663 hifeHura.
999 3626 1064 3652 Plin.
1079 3633 1105 3658 92
1119 3631 1146 3656 38
1166 3626 1316 3661 Rursusque
1380 3627 1474 3654 niffimi
1490 3626 1597 3652 iuuenes
1609 3624 1745 3658 Augustin.
1756 3623 1788 3650 de
1801 3625 1831 3651 C.
1847 3625 1878 3651 D.
1888 3634 1963 3658 20,2.
1998 3623 2071 3660 Conf.
2087 3623 2209 3649 Ambros.
2224 3623 2305 3650 Serm.
2323 3619 2388 3658 90·s

276 3666 404 3700 mergitur
418 3666 568 3693 carminata,
585 3664 665 3690 donec
679 3674 784 3691 omnem
798 3663 887 3690 ebibat
902 3662 1014 3688 saniem:
1035 3668 1064 3687 ot
1076 3669 1217 3694 venenum,
1232 3663 1315 3689 virus.
1374 3663 1421 3698 fln.
1474 3662 1529 3689 Cic.
1543 3659 1621 3686 Acad.
1635 3669 1663 3692 4,
1683 3665 1713 3691 89
1722 3667 1766 3694 pr.
1803 3669 1824 3686 c.
1840 3668 1870 3690 28
1880 3669 1922 3695 pr.
1990 3678 1993 3681 s

275 3703 325 3728 Pro
340 3701 466 3727 Pestifero
480 3699 604 3734 serpentis
617 3700 702 3725 afflatu
722 3701 766 3726 Sil.
777 3709 810 3732 12,
821 3709 848 3725 10
868 3699 977 3732 Serpens
1012 3712 1056 3717 —
1094 3696 1192 3722 saniem
1206 3697 1314 3724 sublatis
1325 3705 1372 3724 100
1415 3705 1490 3724 SAN
1500 3704 1525 3723 Ε.
1561 3696 1625 3721 Adu.
1663 3695 1808 3729 [ὑγιηρῶς]
1862 3697 1944 3722 Plaut.
1959 3695 2034 3721 Cure.
2050 3702 2070 3725 1,
2083 3702 2105 3725 3,
2128 3702 2161 3720 20
2181 3694 2283 3720 Bonum
2303 3693 2338 3720 est
2354 3697 2406 3731 pau·

274 3737 394 3763 faucibus
409 3738 485 3762 efflat.
529 3734 579 3761 md
599 3735 767 3760 Dralec›1b.ad
787 3736 811 3761 h.
826 3736 843 3760 l.
950 3732 1031 3759 Oleae
1050 3732 1131 3758 sanies
1149 3740 1251 3765 amara,
1264 3741 1315 3769 pro
1378 3733 1474 3760 xillum
1488 3739 1576 3758 amare
1593 3731 1662 3762 sane,
1683 3731 1771 3757 insane
1785 3740 1839 3758 non
1853 3731 1952 3759 bonum
1966 3730 2009 3756 est.
2078 3729 2222 3756 Enetenmn
2243 3729 2311 3755 dixit
2329 3728 2406 3754 sanius

277 3774 334 3799 Fece
348 3772 411 3797 Plin.
428 3781 459 3803 ις,
473 3780 494 3803 3.
590 3771 677 3796 Sanies
689 3779 808 3796 amurcae
826 3769 931 3796 Colum.
944 3777 965 3801 1,
985 3771 1009 3799 6,
1022 3776 1061 3800 24.
1379 3777 1457 3804 quam
1481 3767 1583 3799 Glycon
1611 3767 1668 3792 Sen.
1683 3767 1812 3793 Controu.
1826 3776 1867 3800 34.
1972 3765 2083 3799 Compar.
2121 3766 2189 3791 Hor.
2203 3765 2289 3791 Carni.
2304 3772 2326 3796 2,
2338 3770 2367 3797 7,
2377 3760 2405 3787 26

312 3813 326 3833 s
338 3813 357 3831 Α
368 3814 387 3831 Ν
400 3814 409 3831 1
420 3810 459 3833 Os
470 3814 527 3838 vs,
543 3815 567 3837 a,
581 3814 635 3831 um.
673 3805 731 3830 Adi.
767 3802 924 3839 [ίχωρώδης]
967 3804 1039 3830 Sanie
1052 3809 1076 3828 et
1087 3805 1182 3837 impuro
1208 3807 1313 3839 anguine
1378 3819 1422 3824 —·
1459 3803 1523 3830 Non
1543 3811 1592 3835 ego
1612 3802 1711 3832 sanius,
1733 3802 1883 3829 Bacchabor
1904 3800 2015 3838 Edonis,
2052 3803 2071 3825 i.
2091 3800 2162 3826 Libet
2182 3800 2244 3826 mlhi
2256 3799 2349 3826 Edonos
2357 3795 2405 3823 illot

271 3842 422 3878 conspersus.
531 3842 594 3867 Plin.
611 3848 636 3874 7,
659 3848 683 3872 15
704 3840 771 3873 Ergo
786 3850 866 3873 quum
879 3839 995 3874 grauidis
1011 3839 1104 3870 fluxit,
1123 3839 1185 3864 inua
1199 3839 1247 3872 idi,
1266 3846 1311 3867 aut
1380 3840 1504 3866 Thraciae
1511 3839 1616 3872 popqus
1627 3838 1787 3872 bibam-'Uinios
1802 3842 1992 3872 intemperanter
2004 3835 2104 3861 cibando
2118 3838 2223 3861 imitari.
2361 3829 2380 3868 ff
2391 3837 2404 3856 2

270 3888 325 3941 διὲξ
339 3878 430 3941 Htalets
446 3882 533 3909 partus
549 3876 674 3909 eduntur,
691 3882 734 3903 aut
747 3876 839 3903 santoni
847 3895 855 3909 ,
873 3882 902 3903 vt
920 3875 1014 3904 anaor
1033 3874 1068 3903 est
1080 3873 1215 3909 Nigidius.
1250 3875 1307 3903 add.
1319 3883 1364 3912 105
1371 3876 1410 3903 De
1421 3875 1465 3904 illa
1480 3873 1634 3911 affi’uerandi
1645 3880 1669 3901 ee
1689 3874 1844 3910 concedendi*
1851 3872 1980 3909 particula
1993 3870 2057 3898 Sane
2091 3871 2145 3899 vid.
2154 3871 2235 3908 supra
2241 3869 2289 3907 suo
2300 3870 2403 3932 &sax-NY-

325 3934 330 3941 .
371 3921 416 3940 ora
431 3933 436 3938 .
450 3921 470 3944 1,
483 3919 508 3946 7,
