2434 4156
208 105 264 143 ,35
582 75 849 116 REL

211 181 232 208 Δ
309 176 366 204 697.
471 167 529 197 Cic.
542 166 597 192 Att.
613 173 636 197 3,
651 173 680 191 10
703 165 775 191 Haec
789 173 823 191 eo
844 164 948 198 scripsi,
967 169 995 190 vt
1014 164 1102 199 potius
1122 162 1252 189 releuares

236 185 348 243 'en'Z'uod
363 202 439 236 facis,
452 211 530 237 quam
543 207 588 228 aut
601 199 786 234 castigatione,
804 205 848 226 aut
870 199 1057 234 obiurgatione
1076 199 1185 237 dignum
1206 206 1251 230 pu.

209 224 274 274 nali-{s
308 240 357 273 uafi
369 240 520 267 laborantem
527 238 575 273 sub
589 239 780 271 ovzeretrigeres.
818 235 943 261 Animum
953 237 1071 262 releuare
1086 234 1169 259 alieni
1182 233 1251 259 Ter.

208 257 288 312 {xdelp
313 297 316 302 .
328 286 356 310 4,
364 287 387 309 4,
396 283 426 301 11.
448 274 513 300 Plin.
523 274 568 307 Ep.
577 282 585 298 i
594 272 640 298 vlt.
648 270 812 297 Scholasticis
819 270 935 297 dominis
944 270 1035 297 sufficit
1044 268 1145 296 abunde
1153 274 1254 294 tantum

207 314 266 345 soli,
279 319 307 338 vt
315 312 433 339 releuare
446 315 531 344 caput,
539 308 646 335 reficere
659 307 802 333 oculos—
816 306 917 341 possint.
945 309 1037 340 Nempe
1051 308 1116 330 inter
1129 303 1255 339 legendum
1278 307 1292 333 ς

206 347 394 384 ascribendum
406 344 523 381 dependet
536 342 603 380 quasi
620 352 733 369 cernuum
751 349 833 377 caput.
906 343 986 368 Casus
1004 340 1113 367 alicuius
1130 339 1255 365 releuare

206 383 288 411 Ouid.
303 383 390 410 Trist.
405 389 428 415 5,
443 390 466 413 3,
479 389 519 413 43.
590 379 646 405 Cic.
659 379 712 411 Qi.
726 379 794 404 Frat.
805 386 825 409 i,
837 387 856 411 4
874 378 901 404 Si
915 377 1033 404 releuare
1046 381 1118 414 potes
1137 383 1255 401 commu-

207 429 269 446 nem
283 420 378 446 Casum
392 414 575 444 misericordia
588 414 743 440 hominum:
764 413 863 439 scilicet
876 411 1034 439 incredibile
1049 409 1174 444 quiddam
1195 411 1255 436 affe·

207 456 306 490 queris.
386 454 493 480 Famem
506 451 582 485 copia
595 450 667 476 nulla
682 450 781 476 releuat
805 449 1008 486 Ouid.Met.*11,
1023 454 1078 478 129.
1146 446 1256 486 Frucius

207 491 277 518 dotis
291 490 391 517 releuat
402 496 483 514 onera
495 486 662 513 matrimonii
683 485 786 511 Paullus
800 485 828 510 in
842 484 857 510 l.
872 487 994 517 QiaeriS,
1008 482 1041 506 D.
1063 481 1095 507 de
1113 481 1195 516 paens
1211 482 1256 508 do-

206 527 319 555 talibus.
400 523 517 551 Labores
530 522 659 553 releuare,
678 522 792 546 Minuere
811 519 877 546 Plin.
892 529 918 545 in
934 519 1025 556 Pancg.
1123 517 1256 559 Laborem

207 564 317 598 longum
331 560 424 595 requie
437 559 556 585 releuare
577 557 658 584 Ouid.
674 557 738 583 Met.
754 564 788 587 15,
804 558 839 581 16.
910 553 1008 579 Mulier
1022 561 1070 586 pro
1084 559 1157 587 parte
1176 553 1256 594 dimi.

207 598 252 626 dia
265 598 409 627 reiciatur,
424 595 544 622 liberatur
559 602 628 619 onere
642 592 798 626 Papinianus
811 590 864 617 inl.
878 591 968 622 Qiuin
982 594 1055 621 pater
1062 587 1086 625 §.
1100 589 1191 621 Quum
1204 597 1259 615 exi-

208 634 325 662 stimaret
340 632 411 659 D.de
424 631 471 665 leg.
481 639 505 656 2.
576 628 676 654 Mulier
690 636 736 661 per
748 624 999 653 senatusconsultum
1013 623 1154 650 releuatur.
1211 625 1257 651 Vl.

208 670 279 705 piati.
295 670 323 695 in
343 668 360 694 l.
383 666 511 700 Qiainuis
532 662 555 699 ᾗ.
575 663 713 690 Interdum
728 663 760 688 D.
773 662 804 687 ad
818 658 1067 687 senatusconsultum
1080 660 1258 700 Velleianum,

209 707 240 733 Et
252 705 371 732 releuant
384 702 470 729 multo
485 701 594 726 Pectora
607 699 669 724 fleca
683 707 758 724 mero
771 696 851 723 Ouid.
866 694 962 726 Fast.3‚
976 703 1035 727 304.
1070 731 1075 735 η
1105 696 1162 721 Cic.
1176 696 1208 722 de
1217 697 1257 721 Ιῃ.

208 748 281 769 vent.
297 750 314 771 i,
328 748 354 772 23
375 738 439 765 Cibi
452 735 559 763 Satietas
571 740 650 768 atque
666 733 802 760 fastidium
821 736 865 757 aut
887 729 1023 770 subamara
1042 730 1130 764 aliqua
1150 740 1179 758 re
1191 731 1258 771 rele-

208 784 296 808 vatur,
315 782 357 801 aut
371 772 442 800 dulci
456 771 602 805 mitigatur.
675 769 751 795 Sitiin
766 767 883 806 re-leuare
904 765 984 792 Ouid.
994 767 1058 792 Met.
1073 769 1162 799 6,354.
1201 767 1257 793 Cic⁸

208 813 241 839 de
256 812 348 839 Diuin.
362 817 413 843 2‚7
433 809 468 834 Vt
483 807 586 833 animus
600 805 727 831 molestiis
743 802 901 836 potissimum
916 801 1089 828 releuaretur.
1132 803 1208 828 Vetus
1220 811 1259 828 co-

207 849 255 875 dex
269 846 392 877 habci‚Vt
406 850 432 870 et
445 843 549 869 animus
562 840 689 867 molestiis
704 839 750 864 hac
763 836 920 871 potissimum
934 846 962 863 re
977 837 1150 864 releuaretur.
1185 838 1258 864 Idem
1270 847 1307 866 20
1326 835 1393 862 mini
1406 836 1547 863 tribuenda
1559 838 1616 864 sunt
1630 839 1686 864 Cic.
1701 839 1732 864 de
1748 839 1811 865 Nat.
1826 840 1906 866 Deor.
1921 848 1947 871 2,
1961 848 1982 871 3.

207 884 238 914 in
251 882 329 910 Catil.
345 890 365 912 i,
379 889 402 912 31
417 889 438 906 e.
449 888 473 911 ¹3
492 877 651 904 Videbimur
663 874 767 900 fortasse
779 872 906 913 adbrcue
921 872 1056 907 quoddam
1076 880 1178 908 tempus
1198 882 1259 900 cura

207 925 234 946 et
249 924 320 945 metu
335 917 383 942 etse
397 914 517 942 releuati.
588 911 689 937 Dolore
703 908 818 935 releuari
830 909 914 935 Ouid.
924 909 988 934 Met.
997 911 1088 941 9‚674.
1102 910 1135 934 al.
1144 909 1259 936 Labore.

207 955 272 982 Non
287 953 321 979 est
335 953 362 978 iu
376 951 478 976 medico
492 949 593 982 semper
612 946 746 972 releuetur
765 950 793 984 Yt
805 953 883 984 aeger
904 943 985 985 Ouid.
1001 952 1032 969 ex
1049 944 1123 970 Pont.
1139 952 1160 975 i,
1173 953 1203 976 3,
1223 953 1260 978 17.

206 990 336 1017 Relcuare
349 987 464 1020 aliquem
485 982 653 1010 satisdatione
664 979 829 1006 Modestinus
845 989 871 1005 in
887 979 903 1005 l.
923 981 949 1004 bi
962 985 1161 1013 procuratorem
1177 980 1209 1006 D.
1230 980 1262 1006 de

204 1027 379 1093 Ξὲἳιᾛὲἰίἳηίι
393 1065 450 1083 rcni
463 1054 617 1085 iudicatam,
625 1059 711 1078 tamen
725 1051 754 1077 in
767 1060 799 1077 eo
814 1050 886 1085 quod
901 1051 991 1076 datum
1008 1050 1054 1082 est,
1068 1050 1185 1077 releuari
1199 1060 1256 1078 reni

203 1095 347 1122 iudicatam
360 1096 477 1126 oportet,
497 1096 527 1115 ut
540 1095 633 1124 nempe,
646 1087 713 1122 quod
723 1096 752 1113 ex
764 1085 936 1113 transaH'ione
947 1086 1031 1112 datum
1050 1085 1093 1119 est,
1103 1086 1224 1121 procedat
1237 1095 1260 1113 et

203 1134 337 1166 imputetur
351 1137 400 1155 reo.
487 1125 595 1159 leian,
608 1124 636 1150 in
648 1122 665 1149 l.
680 1132 698 1156 4
713 1123 742 1149 in
755 1122 839 1157 princ.
853 1123 886 1149 D.
903 1122 935 1148 de
949 1121 1074 1149 Cenlibus
1095 1122 1170 1148 Illam
1186 1123 1259 1149 enim

203 1166 365 1201 aequitatem
379 1162 457 1189 debet
471 1160 611 1188 admittere
627 1159 749 1191 censitor,
769 1164 797 1185 vt
811 1156 901 1185 officio
914 1159 970 1184 eius
984 1164 1127 1191 congruat,
1143 1158 1258 1185 releuari

204 1212 275 1233 eum,
288 1201 371 1235 quiet
389 1199 417 1225 in
431 1197 548 1233 publicas
563 1195 664 1222 tabulas
678 1195 766 1220 delato
780 1194 862 1221 modo
882 1194 936 1220 frui
957 1194 1034 1220 certis
1052 1203 1083 1219 ex
1102 1194 1181 1220 caulis
1205 1203 1260 1221 non
1279 1199 1312 1224 30
1325 1194 1481 1228 diligentia)
1499 1193 1570 1219 ree'te
1583 1193 1720 1220 iudicandi
1738 1191 1883 1221 necestitate
1901 1194 2048 1222 collationis
2068 1196 2193 1224 Addanm

205 1237 308 1273 potuit;
330 1244 411 1270 quare
424 1241 449 1260 et
463 1233 481 1259 si
495 1233 552 1266 agri
560 1232 650 1266 portio
658 1230 787 1257 chasmate
797 1229 1089 1270 perierindebebit'per
1102 1230 1260 1270 censitorem

202 1272 327 1301 releuari.
398 1268 522 1296 Releuari
531 1287 540 1300 ,
562 1269 593 1294 In
605 1270 731 1302 integrum
744 1265 843 1298 restitui
856 1265 1020 1292 Modestinus
1033 1275 1061 1305 in
1074 1265 1091 1292 l.
1105 1266 1192 1292 Etiam
1212 1264 1235 1302 §
1249 1275 1258 1292 1

203 1310 235 1336 D.
251 1309 282 1334 de
296 1306 460 1333 Minoribus.
496 1304 532 1330 Ex
546 1304 619 1329 causa
639 1301 785 1328 curationis
803 1302 976 1327 condemnata
998 1301 1113 1335 pupilla,
1133 1301 1259 1328 aduersus

202 1353 287 1371 vnum
300 1347 376 1376 caput
389 1340 532 1366 sententiae
544 1338 647 1364 restitui
660 1337 781 1364 volebat:
802 1337 866 1372 quia
878 1336 1020 1363 videbatur
1032 1339 1061 1363 in
1074 1338 1183 1364 caeteris
1202 1338 1258 1364 litis

201 1377 336 1415 speciebus
350 1376 468 1402 releuata
480 1373 563 1399 fuisse.
718 1406 723 1411 .
818 1405 825 1415 ³
965 1406 970 1413 1

241 1422 260 1441 R
269 1421 286 1441 E
297 1420 314 1439 L
324 1413 396 1439 izvss.
408 1417 429 1437 τ
441 1417 462 1436 v
474 1417 486 1436 s
496 1429 503 1441 ,
524 1418 548 1443 a,
562 1416 618 1434 uin.
655 1407 750 1433 Partic.
787 1406 1004 1445 [avanuoemffiis]
1041 1412 1081 1437 vt,
1101 1408 1177 1433 Mens
1192 1408 1259 1434 scie,

201 1457 263 1479 vata
275 1458 290 1476 a
305 1456 366 1475 cura
379 1444 554 1473 Ouid.Trist.
570 1452 590 1474 1,
601 1452 637 1475 ιο,
650 1451 686 1468 iz.
795 1441 922 1467 Releuata
937 1440 1006 1466 inihi
1026 1446 1052 1467 et
1071 1447 1189 1468 recreata
1208 1451 1260 1468 res-

202 1486 310 1523 publica
326 1483 434 1511 videtur
452 1479 603 1522 Ci⁰·‚C‘[²¹i¹·
618 1486 668 1512 2‚7
682 1486 703 1503 c.
713 1486 740 1510 4.
991 1512 996 1516 Ι
1222 1513 1228 1518 .

239 1529 258 1548 R
267 1528 283 1547 r,
294 1528 308 1546 L
320 1527 364 1547 Ev
374 1526 395 1545 Α
405 1524 426 1544 Τ
436 1524 446 1543 1
455 1524 474 1543 0
484 1536 492 1548 ‚
510 1523 579 1542 onis.
605 1514 625 1540 f.
671 1513 766 1539 Gelan.
778 1513 848 1538 Hor.
863 1521 883 1544 i,
896 1520 913 1544 9
932 1512 1099 1546 Capillorurn
1117 1512 1260 1539 releuatio.

238 1564 257 1584 n
269 1562 286 1583 Ε
299 1556 503 1585 ιενᾸΜΕΝ,
528 1551 589 1577 inii.
626 1558 653 1575 n.

203 1599 301 1630 partus.
554 1621 560 1626 ι
584 1620 590 1626 .

240 1636 259 1655 R
272 1634 289 1654 r,
298 1629 349 1653 iis
358 1632 377 1652 o
387 1644 394 1656 ‚
411 1627 464 1650 are.
499 1622 636 1657 Papinian.

238 1670 281 1691 RE
293 1670 309 1689 L
321 1670 329 1687 i
339 1668 358 1688 D
369 1667 403 1691 O,
422 1662 477 1685 ere.
512 1657 619 1683 Laedere
632 1654 800 1691 repugnando.

201 1699 334 1726 infirmata
346 1695 463 1722 relidunt
476 1694 574 1720 Auson.
588 1691 666 1725 Epist.
683 1698 719 1723 25,
733 1699 775 1724 43.

235 1740 308 1761 κει.
322 1738 423 1762 isvs,
450 1738 480 1761 a,
497 1737 552 1755 um.

199 1769 309 1798 Caffiani
322 1778 348 1794 v.
363 1771 406 1799 48.
649 1800 653 1804 ἡ
695 1799 698 1803 .
790 1798 795 1803 .
875 1798 878 1802 ⁴
1021 1798 1024 1802 ⁵
1138 1800 1143 1804 ι

236 1813 256 1833 R
265 1812 280 1832 Ε
291 1811 306 1830 1,
317 1811 325 1830 l
336 1810 352 1830 C
364 1802 374 1829 ἰ
385 1809 406 1828 N
417 1808 437 1827 v
447 1806 475 1832 S,
493 1808 518 1832 a,
533 1808 589 1825 um.
626 1795 769 1834 Significat,
785 1805 812 1821 in
826 1802 923 1830 occiput
937 1795 1259 1832 refugientecaptllamento

198 1841 342 1877 recrispum.
416 1836 493 1877 Apul.
507 1834 623 1862 Florida
639 1839 762 1872 p.34i,37
781 1831 809 1857 de
818 1831 935 1867 maffia,
957 1831 1088 1872 Laudauit
1099 1833 1165 1865 sese,
1182 1833 1256 1872 quod

200 1884 255 1905 erat
269 1884 295 1903 et
308 1883 383 1902 coma
396 1873 532 1903 relicinus,
545 1876 571 1897 et
585 1869 666 1896 barba
678 1867 821 1903 squalidus,
829 1874 853 1893 et
868 1867 974 1901 pastore
989 1867 1115 1895 hirsutus.
1152 1868 1259 1896 Ibidem

856 1655 931 1686 Qiae
946 1653 1048 1680 firmata
1063 1654 1196 1688 probant,
1215 1661 1260 1682 aut

811 1689 870 1716 add.
888 1691 1024 1717 Fortunat.
1041 1690 1130 1716 Carni.
1145 1690 1193 1716 lib.
1203 1698 1223 1723 ς.

200 1921 295 1948 p,344‚
310 1921 337 1944 19
353 1910 381 1935 de
396 1907 546 1944 imaginibus
554 1904 706 1935 Alexandri,
730 1904 760 1930 Et
773 1903 871 1929 tabulis
885 1910 910 1929 et
925 1904 1081 1930 toreumatis
1096 1904 1165 1930 idem
1180 1905 1260 1945 vigor
1276 1911 1309 1938 50
1327 1904 1473 1938 religiones
1485 1911 1578 1928 omnes
1591 1902 1729 1934 Pollueris,
1742 1909 1786 1929 etc.

201 1947 325 1976 acerrimi
339 1945 485 1975 bellatoris,
500 1942 570 1968 idem
585 1941 724 1975 ingenium
737 1939 849 1965 maximi
861 1939 973 1979 honoris
986 1958 993 1970 ‚
1014 1939 1105 1966 eadem
1119 1940 1206 1966 forma
1220 1948 1260 1966 Vi—

200 1984 267 2012 ridis
282 1984 423 2011 iuuentae,
444 1978 535 2005 eadem
548 1976 634 2010 gratia
648 1975 775 2001 relicinae
789 1975 895 2015 frontis.
905 1981 1066 2018 cei-nerftiir.
1108 1976 1259 2017 [simsupra

200 2019 318 2047 Licinus.
363 2015 452 2050 Nescio
465 2012 580 2048 quidJibi
592 2013 654 2037 velit
675 2011 734 2036 Vet.
743 2008 824 2035 Glofl.
838 2010 975 2035 Relicinus
989 2008 1142 2037 υποδεδυκως.

235 2056 452 2082 RELic‘rvs,
472 2048 763 2082 vid-RELiNQvo.

236 2098 256 2118 R
265 2097 282 2117 Ε
291 2096 324 2115 Li
336 2093 356 2114 G
369 2094 385 2113 E
395 2092 416 2111 N
428 2092 441 2111 S
459 2081 854 2117 Participmliforma‚tanquc1m
866 2090 880 2105 a
893 2080 966 2106 uerbo
980 2086 1049 2106 REL
1060 2087 1069 2105 1
1080 2085 1100 2106 G
1112 2086 1132 2107 o
1147 2079 1180 2113 es}
1192 2080 1260 2116 apud
1277 2086 1309 2118 55,
1326 2081 1454 2108 Trahere
1468 2082 1496 2107 in
1511 2082 1669 2115 religionem
1685 2081 1746 2108 Liu.
1755 2091 1822 2115 3323.

200 2126 262 2154 Gell
288 2135 306 2159 4
329 2132 344 2156 9
359 2122 401 2148 ubi
418 2118 471 2155 post
480 2118 626 2153 Nigidium
640 2115 765 2150 Figulum
786 2114 874 2149 adfert
896 2116 1001 2140 versum
1020 2124 1051 2141 ex
1071 2117 1182 2150 antiquo
1203 2126 1258 2143 car-

202 2146 274 2189 mine
287 2144 418 2186 m'emoria
431 2155 549 2189 dignuin,
561 2153 728 2186 Religentem
741 2150 789 2176 else
804 2154 925 2183 oportct;
944 2150 1101 2189 religiosum
1109 2152 1195 2177 nefas:
1215 2161 1258 2178 cu-

200 2199 242 2225 ius
257 2203 343 2223 autem
359 2193 384 2220 id
404 2199 508 2219 carmen
525 2189 565 2220 sit,
584 2196 639 2213 non
660 2186 769 2217 scribit,
784 2186 863 2211 Gellio
883 2186 941 2218 teste
954 2185 1092 2218 Nigidius.
1155 2186 1260 2212 Videtur

201 2241 282 2262 autem
297 2230 418 2263 Religeiis
430 2228 504 2261 plane
517 2223 612 2251 dietum
625 2221 668 2256 esst
682 2228 710 2247 vt
724 2221 848 2258 diligens.
921 2221 952 2246 Ει
966 2229 1037 2260 ςυρψ
1053 2223 1261 2255 ωηιΡαΜηοῃεη,

201 2269 274 2298 babet
287 2266 369 2300 Legio
383 2263 416 2290 ad
429 2263 570 2296 legentem,
586 2268 637 2285 eam
650 2257 721 2284 habet
734 2255 769 2282 ad
780 2255 938 2295 religenteni
953 2257 1051 2289 religm
1061 2266 1066 2281 :
1078 2290 1084 2294 ⁴
1103 2259 1259 2282 comparium

201 2312 282 2333 autem
297 2300 433 2335 diligentis
447 2304 469 2324 tt
481 2294 618 2330 religentis
632 2292 665 2325 est
679 2292 824 2326 negligens.
864 2291 947 2316 Fuerit
967 2293 1051 2331 itaque⁸
1060 2290 1195 2325 secundum
1211 2293 1260 2317 Ni.

219 2340 297 2366 idium
310 2338 435 2371 religcns,
449 2336 492 2370 qui
505 2338 605 2358 veretur
618 2336 641 2355 et
653 2327 778 2361 offendere
791 2329 878 2352 metuit
892 2325 1105 2365 deos,religiosus
1117 2334 1208 2358 autem,
1217 2330 1259 2361 qm·

200 2351 218 2377 Ζ
227 2379 306 2402 'mium
319 2383 357 2400 ρος
371 2373 467 2401 metuit,
487 2374 516 2394 ut
529 2365 700 2394 meticulosus
714 2372 729 2389 a
749 2367 884 2400 metuente
904 2360 990 2394 distat.
1046 2361 1170 2395 Religens
1180 2368 1260 2396 pom,

195 2387 278 2447 Jiinile
287 2410 375 2446 fuerit
388 2404 540 2436 reuerenti,
563 2405 590 2428 in
610 2410 657 2436 quo
671 2399 822 2433 Pracpolitio
835 2396 921 2423 itidem
941 2400 1117 2423 merementum
1137 2396 1261 2433 quoddam

204 2455 227 2474 et
254 2451 409 2482 augmentum
427 2439 568 2477 βςνιζβῑαῑ.

204 2484 357 2545 θ’ξέἶιὶὶρ
369 2521 427 2546 10,
447 2512 514 2538 ῡῃὶς,
555 2509 576 2537 f,
611 2504 765 2543 [Benann'offi
787 2503 930 2535 θεοσέβεια,
956 2502 1105 2538 ἓνοιγισμᾶς]
1155 2502 1262 2530 Videtur

220 2557 286 2581 rima
301 2544 552 2588 originefignificaffi‘
564 2552 679 2580 magnum
694 2542 798 2581 gradum
812 2539 982 2573 diligentiae:
996 2549 1050 2579 cum
1058 2538 1171 2579 diligens
1185 2546 1208 2565 et
1222 2547 1262 2579 re-

199 2561 348 2624 figens-sint
362 2595 411 2612 non
424 2586 506 2610 minus
519 2587 721 2619 cognata‚.quam
734 2577 840 2610 disputo
854 2583 877 2601 et
892 2581 997 2609 reputo,
1013 2574 1122 2601 dimitto
1135 2581 1159 2601 et
1169 2581 1262 2601 remit-

204 2633 233 2652 to
246 2632 292 2651 etc.
329 2621 434 2655 Diligit,
449 2621 491 2655 qui
504 2626 578 2643 unum
592 2616 656 2649 legit
665 2622 728 2648 prae
739 2614 815 2643 aliis,
829 2611 980 2647 &siparum
1001 2610 1142 2646 religitqui
1149 2610 1261 2646 strepitis.
1277 2613 1313 2642 70
1329 2610 1430 2637 vestrae
1445 2618 1523 2650 quam
1539 2609 1604 2635 odio
1620 2616 1741 2643 pareatis.

210 2660 270 2689 Vid.
285 2668 345 2695 quae
359 2656 427 2683 modo
439 2658 467 2681 in
482 2660 568 2681 REI-<1
578 2658 598 2677 G
608 2657 655 2677 FN
665 2657 678 2676 S
693 2646 763 2674 dicia
771 2647 844 2684 sunt.
916 2647 985 2687 Ter.
996 2647 1077 2689 Andr..
1093 2655 1121 2679 ς,
1134 2655 1162 2679 4,
1182 2654 1214 2682 37
1232 2650 1260 2672 j„

204 2698 374 2732 recognitione
387 2692 499 2727 puellae,
520 2696 537 2715 C
548 2694 568 2713 H
579 2694 622 2713 RF.
631 2693 656 2712 M
667 2691 682 2711 E
695 2692 707 2711 S
723 2690 798 2719 pater
807 2703 814 2715 ,
833 2683 866 2709 At
887 2682 954 2708 mihi
963 2703 971 2715 ,
999 2689 1092 2718 inquit,
1112 2691 1178 2708 vnus
1193 2684 1261 2724 scru-

222 2732 280 2758 ulus
290 2731 367 2757 etiam
384 2725 579 2760 restat,quimc
588 2722 657 2748 male
664 2720 750 2747 habet.
788 2725 898 2758 PAMPH
910 2724 994 2758 liv&
1012 2725 1108 2758 amator
1120 2724 1262 2752 mipatiens,

205 2743 306 2802 pDignus
315 2775 340 2791 es
349 2766 417 2792 Cum
425 2770 468 2789 tua
476 2760 606 2795 religione
614 2757 723 2784 odium:
741 2754 841 2795 nodum
850 2764 878 2780 in
887 2755 974 2788 scirpo
988 2762 1103 2788 quaeris.
1145 2760 1162 2780 c
1169 2760 1260 2786 RiTO,

207 2803 279 2837 Qud
296 2801 359 2828 istuc
374 2799 427 2826 est?
449 2803 532 2824 CER.
545 2803 643 2821 nomen
656 2801 710 2819 non
729 2796 863 2834 conuenit.
936 2829 938 2832 Ι
1038 2829 1042 2832 .
1162 2827 1165 2830 .

205 2844 233 2867 in
246 2837 381 2875 qumrfnilo
390 2855 397 2868 ‚
412 2836 494 2861 cautio
505 2842 553 2859 non
566 2838 653 2857 temere
664 2827 789 2867 credendi.
827 2828 857 2852 Et
872 2835 900 2851 ne
911 2826 996 2855 dicar,
1015 2825 1056 2851 hic
1068 2824 1165 2866 versari
1178 2831 1259 2863 tamen

224 2879 320 2902 ietatcm
346 2881 404 2908 quat
417 2875 522 2906 cognata
527 2867 564 2901 fit
581 2868 714 2901 religioni;
753 2864 809 2889 Cic.
830 2863 946 2901 Orat325
962 2867 1001 2890 c.8
1021 2860 1049 2900 de
1063 2860 1262 2901 ..Athenienstaug

200 2883 331 2945 {Qui-uni
345 2910 447 2940 semper
459 2905 511 2931 fuit
526 2902 639 2937 prudens
652 2900 835 2932 sincerumque
855 2896 1002 2936 iudicium,
1023 2895 1092 2936 nihil
1113 2902 1140 2922 vt
1161 2897 1258 2935 ponent

206 2947 254 2973 nili
270 2946 454 2976 incorruptum
468 2939 560 2966 audire
574 2944 599 2963 et
614 2937 727 2969 elegans.
800 2933 898 2959 Eorum
919 2932 1047 2965 religioni
1066 2940 1126 2957 cum
1147 2932 1259 2958 seruiret

206 2988 315 3011 orator,
329 2979 431 3005 nullum
445 2975 557 3003 verbum
571 2972 684 2999 'insolens
697 2969 799 2996 millum
813 2968 937 2994 odiosum
952 2973 1000 2999 (an
1008 2968 1145 3001 otiosum)
1161 2976 1259 3001 ponere
1278 2964 1310 2990 80
1327 2976 1350 2995 et
1364 2977 1454 2994 vanum
1474 2975 1562 2993 „mum
1579 2966 1696 2992 adnuere,

206 3017 328 3045 audebat.
401 3014 442 3040 sic
466 3012 522 3039 Cic.
550 3010 632 3036 Bruto
654 3012 703 3036 282
736 3005 833 3032 Oratio
864 3004 948 3030 nimia
978 3003 1110 3037 religione
1141 3010 1258 3030 attenua·

207 3060 233 3080 ta
273 3056 291 3078 i.
311 3052 454 3086 diligentia.
525 3045 573 3074 Sed
590 3054 645 3070 mox
665 3041 818 3076 Religioni,
837 3048 897 3075 quae
918 3038 950 3072 est
971 3039 1118 3075 scrupulosa
1138 3039 1259 3081 *quaedam

208 3073 351 3117 (liliiriztia,
372 3084 523 3111 domicilium
541 3082 608 3108 velut
633 3078 790 3114 affignariint
820 3079 847 3102 in
873 3077 940 3101 cultu
967 3082 990 3101 et
1017 3081 1177 3117 reuerentia,
1198 3084 1259 3110 quae

198 3100 330 3164 stipiirmcw
353 3127 456 3147 natm-ae
485 3118 533 3151 line
552 3119 603 3143 Deo
635 3114 751 3145 debetur,
781 3114 892 3147 omnique
923 3110 983 3137 adeo
1015 3108 1110 3145 officio,
1135 3111 1175 3137 vbi
1202 3120 1259 3137 exa-

208 3159 248 3186 εἶα
261 3158 365 3193 quadam
378 3164 439 3182 carii
458 3161 480 3180 et
501 3153 683 3188 obseruatione,
708 3158 763 3175 cum
780 3154 844 3174 metu
859 3147 980 3183 peccandi
993 3145 1126 3173 commata
1142 3154 1201 3181 opus
1216 3145 1260 3179 esti*
1278 3141 1308 3171 85
1328 3153 1494 3174 1NCVT10.

207 3195 344 3220 videbatur.
405 3192 564 3217 Contrarium
579 3185 704 3220 religioni
719 3194 766 3210 non
778 3187 859 3209 minus
872 3192 944 3218 quam
957 3182 1111 3216 diligentiae
1126 3182 1161 3208 est
1176 3182 1258 3216 negli-

208 3230 276 3266 (ηιμ
289 3227 430 3255 ῃςαῐςξῒιις.
485 3225 543 3250 Cum
558 3226 585 3249 in
606 3222 736 3255 religione
750 3219 787 3254 Jit
806 3226 884 3245 vietur
902 3219 1037 3253 peccandi,
1053 3225 1101 3253 pro
1115 3218 1168 3258 ipsa
1182 3221 1260 3244 mm..

209 3266 241 3291 du
251 3276 264 3290 n
280 3250 452 3290 soi-liiidinem
467 3260 535 3291 dici,
548 3268 596 3285 non
610 3261 699 3284 mirwn
715 3254 757 3288 cll.
818 3254 876 3281 Vid.
885 3256 951 3280 Dan.
967 3254 1053 3289 Heins.
1069 3253 1102 3280 ad
1114 3254 1160 3280 Sil,
1176 3262 1207 3295 ²⁰.
1216 3258 1255 3283 32,

208 3302 282 3333 Virg.
298 3301 361 3325 Aen.
377 3306 403 3333 7,
416 3300 451 3324 60
472 3295 624 3328 Multosque
637 3299 708 3320 metu
725 3292 826 3318 seruata
847 3299 894 3324 per
908 3299 991 3317 annos
1005 3292 1111 3316 Laurus.
1194 3292 1255 3316 Mat,

410 1019 551 1054 leian.in
565 1018 581 1043 Ι.
597 1016 652 1051 post
666 1024 723 1042 rein
731 1015 762 1042 D.
771 1015 803 1041 de
816 1014 1037 1041 Transaciionib.
1051 1014 1101 1041 Etsi
1116 1015 1259 1043 transaffio
1279 1023 1311 1050 25
1325 1014 1448 1049 ligioniS‚
1462 1015 1577 1041 nimium
1591 1016 1639 1041 esse
1652 1016 1861 1050 superstitiosum
1874 1026 1929 1043 non
1943 1025 2075 1052 oportere.

1278 1379 1307 1406 35
1325 1377 1415 1398 mente
1429 1371 1599 1405 persoluunti

608 1726 696 1752 Relisa
716 1726 806 1752 fronte
827 1726 929 1759 lignum
947 1725 1036 1751 dissilit
1057 1726 1181 1753 Prudent.
1201 1727 1260 1761 pais.
1277 1727 1311 1753 45
1329 1725 1519 1759 implicuisses?

627 2435 686 2464 Vid.
704 2433 797 2468 statim
825 2438 844 2459 R
855 2439 872 2459 E
882 2438 899 2459 L
909 2438 918 2457 Ι
928 2438 948 2459 G
958 2439 967 2457 1
978 2438 1012 2463 Ο,
1038 2441 1068 2458 e).-
1087 2432 1198 2467 CicUde
1223 2433 1261 2469 N.
1279 2432 1311 2463 65
1327 2433 1412 2459 Marci
1425 2432 1529 2458 Luculli
1543 2431 1668 2465 responso
1680 2439 1709 2456 ac
1724 2431 1809 2457 verbo
1823 2431 1987 2459 liberemur?

1301 3269 1307 3281 x
1324 3256 1365 3282 hh.
1378 3265 1422 3281 υυ.

1692 71 1724 110 R
1805 72 1955 114 EL
2297 87 2354 136 ¹36

1318 161 1457 196 perstitiosi
1473 162 1530 188 sunt
1542 160 1682 196 appellati:
1702 159 1773 194 quod
1786 169 1884 187 nomen
1898 163 1982 197 patuit
1995 166 2083 198 postea
2091 165 2178 194 latius.
2249 167 2303 200 Qii
2316 177 2358 198 au.

1319 204 1373 224 tem
1386 197 1559 232 omnia,quae
1566 197 1598 224 ad
1612 197 1710 222 cultum
1725 196 1834 222 deorum
1842 199 2159 237 pertinerent‚diiigenter
2168 203 2359 240 pertraeiarent,

1315 234 1345 260 ‘et
1358 240 1482 268 tanquam
1494 235 1643 270 relegerent:
1665 233 1721 258 sunt
1739 231 1805 258 dieii
1823 233 1929 267 religiosi
1941 243 1973 261 ex
1991 236 2132 272 relegendo,
2154 242 2182 262 vt
2195 238 2313 273 elegantes
2329 249 2360 268 ex

1320 270 1441 304 eligendo,
1452 276 1576 303 tanquam
1589 278 1604 295 a
1617 267 1743 305 deligendo
1756 268 1897 303 diligentes,
1904 277 1935 295 ex
1947 272 2107 307 intelligendo
2120 274 2293 307 intelligentes.
2313 276 2360 303 Ηὶς

1321 305 1393 330 enini
1408 305 1436 331 in
1450 305 1539 331 verbis
1553 305 1677 331 omnibus
1692 303 1755 329 inest
1769 303 1808 329 vis
1821 303 1917 338 legendi
1929 306 2029 339 eadem,
2039 308 2141 342 quaein
2153 308 2287 341 religioso.
2322 312 2359 339 lta

1321 339 1421 366 facium
1434 340 1469 366 est
1483 341 1511 366 in
1527 340 1708 374 superstitioso
1721 345 1746 365 et
1759 339 1900 373 religioso:
1916 340 2027 368 alterum
2040 343 2104 369 vitii
2118 352 2231 374 nomen,
2252 343 2360 375 alterum

1321 375 1414 402 laudis.
1501 377 1652 403 Lae‘tantius
1666 385 1694 408 4,
1709 380 1738 405 28
1752 383 1765 400 a
1779 374 1924 408 Religando
1944 376 1996 404 dici
2010 378 2178 413 Religionem
2196 379 2293 411 tradit,
2311 390 2362 409 car.

1317 414 1404 446 pitque
1418 414 1644 447 interpretationem
1658 412 1784 437 Ciceronis
1793 422 1800 435 :
1818 420 1865 436 non
1878 409 1959 444 recle,
1977 415 2096 440 arbitror.
2176 414 2250 440 idem
2264 415 2319 442 Cic.
2331 417 2362 445 de

1325 446 1385 472 Nat.
1400 447 1480 473 Deor.
1498 456 1522 479 i,
1541 453 1580 477 118
1601 448 1628 473 de
1640 447 1720 474 atheis
1735 448 1843 482 loquens,
1863 447 1966 473 Horum
1980 449 2051 474 enim
2065 450 2207 476 sententiae
2219 458 2273 476 non
2286 452 2364 480 modo
2390 451 2391 454 ¹

1277 489 1306 508 10
1324 481 1536 514 superstitionem
1556 484 1670 515 tollunt,
1689 482 1717 508 in
1738 491 1788 516 qua
1812 481 1877 507 inest
1890 482 1972 508 timor
1989 483 2075 511 inanis
2088 486 2213 516 deorum,
2233 485 2276 511 sed
2288 487 2363 515 etiam

1323 516 1494 550 religionem:
1515 527 1583 552 quae
1597 518 1709 545 deorum
1724 518 1795 544 cultu
1808 518 1854 552 pio
1874 519 2031 546 continetur.
2085 522 2159 548 Cuius
2175 520 2240 547 <iiiii
2258 526 2365 551 meminit

1324 552 1482 588 Augustinus
1496 553 1528 580 de
1541 555 1658 581 Ciuitate
1670 563 1697 587 4,
1711 561 1752 586 30.
1822 553 1896 579 Idem
1910 553 2010 580 ibidem
2024 557 2051 587 6,
2063 564 2081 588 9
2100 557 2186 591 Qiale
2199 562 2286 583 autem
2300 557 2364 586 illud

1325 586 1369 617 est,
1382 589 1452 620 quod
1466 591 1550 616 Varro
1564 590 1719 624 religiosum
1734 598 1749 615 a
1761 589 1940 623 superstitioso
1955 598 1984 615 ea
1997 589 2166 618 distinffione
2179 592 2319 627 discernit,
2337 600 2364 622 vt

1329 630 1343 648 a
1360 622 1537 655 superstitioso
1550 626 1619 651 dicat
1633 625 1725 651 timeri
1739 624 1816 651 deos:
1832 633 1846 650 a
1859 625 1986 659 religioso
1999 632 2084 653 autem
2099 633 2198 654 tantum
2218 630 2323 662 vereri,
2338 636 2366 657 vt

1284 666 1311 691 15
1327 663 1460 691 parentes·,
1478 669 1532 686 non
1544 667 1573 687 vt
1587 660 1670 687 hostes
1685 660 1792 687 timeri?
1822 661 1889 687 Add.
1903 662 1942 687 Id.
1956 661 2099 695 Retrae‘tn,
2114 672 2147 696 ¹3·
2162 671 2186 690 et
2198 663 2231 689 de
2244 672 2306 690 vera
2318 666 2366 692 Re-

1326 694 1372 727 lig.
1386 702 1408 719 e.
1418 702 1453 725 55-
1525 697 1630 722 Ponitur
1643 703 1723 722 tamen
1738 696 1863 723 interdum
1874 704 1921 731 pro
1935 695 2116 731 superstitione.

1326 738 1346 755 ii
1367 729 1483 755 Cruenta
1497 731 1628 758 sacrorum
1641 732 1772 766 religione
1786 739 1811 758 et
1825 732 1920 758 scelere
1936 741 1984 766 pro
1999 735 2117 760 remedio
2130 734 2176 761 vsi.
2246 735 2320 761 Idem
2327 744 2366 769 22,

1324 767 1350 795 6,
1364 773 1374 790 1
1395 765 1531 793 Terrebat
1543 776 1587 793 eos
1602 769 1717 801 portenti
1730 768 1837 802 religio.
1890 768 1972 795 scam
1993 769 2076 794 bonam
2093 776 2190 804 partem
2203 770 2266 805 fere
2278 771 2367 804 Cicero,

1325 809 1352 826 υ.
1365 810 1391 836 g.
1406 801 1506 833 Pietas,
1526 802 1662 835 sanetitas,
1681 803 1795 837 religio,
1816 811 1883 838 quae
1897 804 1990 830 omnia
2005 813 2068 838 pure
2081 812 2105 831 et
2119 805 2184 832 caste
2197 807 2307 832 deorum
2323 816 2367 834 nu-

2090 841 2197 875 Religio
2218 842 2253 868 est
2271 842 2369 870 iustitia

1326 880 1387 906 erga
1400 873 1463 898 deos
1483 871 1519 898 Id.
1534 872 1562 898 in
1576 874 1666 900 Partit.
1681 879 1722 908 78.
1812 875 1968 909 Superstitio
1983 875 2104 902 imitatur
2123 877 2282 911 religionem
2296 877 2368 906 idem

1323 906 1391 933 ibid.
1406 913 1441 937 81.
1535 908 1608 935 Idem
1619 918 1668 943 pro
1683 910 1761 936 Dom.
1771 918 1813 942 ως
1827 919 1848 937 c.
1857 920 1892 943 40
1901 912 2036 947 aJPerrIma
2047 915 2074 937 in
2087 912 2195 938 Clodium
2206 914 2301 946 Ironia‚
2315 913 2368 940 Ad-

1325 943 1428 977 spicitc‚
1441 943 1568 978 adspicite
1583 944 1733 975 Pontifices,
1746 944 1883 972 hominem
1897 947 2062 981 religiosum,
2081 954 2117 980 et,
2129 948 2146 974 si
2163 948 2241 975 vobis
2257 949 2372 982 videtur,

1328 978 1401 1012 quod
1415 978 1451 1005 est
1465 979 1600 1006 bonorum
1614 979 1787 1013 Pontificum,
1799 988 1906 1007 monete
1921 991 1991 1015 eum,
2004 982 2113 1010 modum
2128 984 2259 1018 quendam
2273 986 2321 1011 esse
2333 993 2372 1012 re·

2146 1019 2247 1046 Diuum
2268 1021 2372 1055 religio,

1324 1053 1344 1076 i.
1357 1051 1456 1086 Religio
1470 1060 1529 1091 erga
1543 1050 1598 1076 deos
1610 1051 1713 1078 Lucret.
1725 1054 1751 1083 6,
1767 1059 1841 1085 ¹274·
1912 1053 2037 1080 Caelestes
2051 1055 2193 1089 religiones
2206 1057 2297 1083 Tacit.
2305 1059 2372 1083 Ann.

1327 1094 1347 1118 1,
1361 1095 1392 1112 ii.
1465 1086 1550 1112 Prisca
1564 1086 1694 1121 religione
1711 1087 1782 1113 sacer
1799 1087 1907 1113 recessus
1922 1088 2002 1115 Ouid.
2016 1091 2082 1116 Met.
2099 1099 2137 1123 10,
2152 1094 2209 1124 693.
2245 1093 2372 1127 Quaeque

1327 1121 1449 1148 Aetheris
1461 1121 1509 1148 alti
1523 1121 1631 1156 relligio
1644 1122 1719 1156 Virg.
1736 1122 1801 1149 Aen.
1811 1127 1901 1154 12,181.
1915 1126 1933 1149 i.
1948 1125 2068 1160 quidquid
2081 1129 2108 1152 in
2123 1129 2188 1153 caelo
2199 1128 2324 1154 colendum
2331 1126 2373 1162 est.

1325 1155 1346 1193 fl
1366 1166 1379 1183 2
1421 1157 1516 1183 Verba:
1530 1157 1718 1192 Plin.Epist.4,
1734 1165 1769 1188 13,
1781 1165 1798 1191 7
1818 1158 1845 1183 Si
1864 1159 2013 1190 patentibus
2047 1176 2093 1181 -—
2127 1162 2226 1196 religio
2238 1166 2373 1194 (accurata

2241 1200 2293 1225 vid.
2310 1206 2332 1226 A
2343 1206 2373 1226 D·

1327 1235 1348 1254 Η
1359 1236 1368 1254 1
1378 1235 1394 1255 Β
1403 1235 1418 1255 Ε
1428 1235 1457 1254 Ο.
1530 1228 1659 1255 Nondum
1669 1228 1777 1254 diuinae
1790 1228 1947 1262 religionis,
1959 1239 2012 1257 non
2023 1232 2132 1259 humani
2147 1233 2231 1260 officii
2244 1235 2313 1261 ratio
2321 1236 2374 1261 Co-

1326 1263 1431 1291 lebatur
1442 1264 1500 1291 Cic.
1513 1264 1544 1290 de
1558 1265 1663 1290 Inuent.
1678 1272 1699 1295 i,
1711 1272 1736 1289 2.
1805 1262 1890 1303 'Cadit
1902 1264 2029 1293 labefa&a
2040 1268 2137 1302 religio
2156 1270 2249 1297 Claud.
2262 1271 2289 1296 in
2304 1270 2374 1297 Ruff.

1326 1308 1346 1326 i.
1364 1308 1402 1333 14.
1474 1300 1530 1326 Cic.
1545 1308 1594 1333 pro
1608 1299 1694 1325 Planc.
1707 1305 1738 1328 80
1757 1299 1813 1331 Qu
1827 1299 1916 1334 saneti,
1930 1302 1976 1334 qui
1995 1303 2154 1337 religionum
2170 1304 2307 1339 colentes,
2326 1306 2374 1332 nifi

1326 1336 1372 1370 qui
1392 1335 1516 1362 meritam
1537 1335 1588 1361 diis
1607 1333 1806 1361 immortalibus
1828 1335 1939 1368 gratiam
1959 1336 2032 1363 iustis
2052 1338 2199 1366 honoribus
2214 1349 2243 1367 et
2259 1342 2375 1368 inemori

1668 1368 1808 1396 Conficere
1822 1370 1892 1395 sacra
1905 1371 2011 1395 Cereris
2024 1373 2121 1398 summa
2133 1375 2263 1408 religione
2272 1397 2280 1409 ‚
2294 1378 2374 1403 caeri-

1328 1408 1472 1441 moniaque
1486 1407 1541 1432 Cic.
1555 1415 1604 1441 pro
1619 1404 1692 1431 Balb.
1708 1412 1746 1437 55.
1838 1405 1994 1431 consecrata
2013 1406 2133 1431 omnium
2147 1409 2285 1442 religione.
2322 1413 2375 1438 uid.

1329 1448 1347 1468 c
1359 1448 1379 1467 0
1390 1449 1412 1467 N
1422 1449 1435 1467 s
1445 1449 1461 1468 Ε
1470 1449 1487 1468 c
1497 1448 1516 1468 R
1527 1447 1559 1469 0.
1627 1440 1769 1466 Discedere
1781 1448 1796 1466 a
1810 1440 1943 1474 religione
1957 1440 2093 1476 (diligenti
2109 1441 2282 1477 obseruatione)
2296 1446 2377 1474 officii

1327 1477 1385 1503 Cic.
1399 1477 1476 1502 Verr.
1490 1486 1511 1508 3,
1524 1485 1550 1503 2.
1619 1475 1694 1502 Idem
1709 1484 1758 1509 pro
1771 1476 1859 1501 Domo
1867 1484 1915 1509 ¹04
1933 1476 2075 1503 Publiusne
2086 1477 2206 1510 Clodius,
2215 1480 2260 1512 qui
2273 1489 2303 1507 ex
2310 1482 2374 1510 Pon-

1327 1511 1407 1538 tificis
1421 1512 1535 1537 Maximi
1550 1510 1632 1537 domo
1647 1511 1806 1544 religionem
1815 1511 1930 1545 Eripuit,
1946 1512 1968 1537 is
1982 1512 2010 1538 in
2017 1513 2374 1551 meaniintulit3pr0fanw1't

2188 699 2280 726 lustin.
2295 705 2330 733 18,
2342 694 2369 733 6,

727 1548 852 1575 Priscian.
867 1548 967 1581 Perieg.
982 1548 1078 1574 Facilis
1096 1547 1260 1574 releuamine
1267 1553 1308 1578 sto
1322 1547 1399 1584 sacra
1407 1547 1489 1573 Bonae
1499 1548 1574 1572 Deae.
1610 1546 1722 1579 Expiare
1734 1546 1874 1572 sollemnes
1891 1547 2035 1581 religiones
2049 1548 2178 1582 supplicio
2195 1549 2299 1577 alicuius
2314 1553 2365 1580 Cic,

1330 1591 1379 1616 pro
1395 1583 1493 1609 Milon.
1508 1589 1553 1616 74.
1626 1580 1747 1615 Expiabo
1760 1581 1920 1615 religionem
1934 1583 2039 1608 aedium
2051 1592 2170 1610 mearum
2178 1584 2232 1611 Cic.
2244 1586 2272 1612 de
2279 1588 2345 1614 Arul'
2360 1608 2366 1614 .

1329 1619 1405 1652 Resp.
1416 1627 1453 1644 10.
1545 1616 1652 1643 Habere
1665 1616 1826 1650 religionem
1847 1617 1919 1643 Idem
1933 1627 1982 1652 pro
1997 1619 2074 1645 Doni.
2088 1621 2138 1645 v26.
2228 1621 2294 1648 Idem
2305 1598 2358 1650 ibiii

1328 1661 1371 1686 105
1385 1657 1412 1679 in
1430 1653 1540 1679 Clodium
1548 1653 1675 1684 inuelem,
1696 1653 1773 1685 Quae
1786 1659 1811 1678 te
1824 1658 1895 1679 tanta
1909 1655 2370 1688 mentisimbecillitastenuit,vtnon

1325 1695 1433 1723 putares
1448 1689 1517 1715 Deos
1532 1689 1592 1715 satis
1607 1690 1675 1722 polle
1689 1688 1801 1723 placari,
1816 1688 1863 1714 nili
1879 1690 1959 1716 etiam
1972 1690 2149 1717 muliebribus
2162 1698 2187 1718 te
2206 1692 2372 1727 religionibus

1593 1725 1767 1758 Interponere
1785 1724 1942 1758 religionem
1966 1726 2022 1751 Cic.
2039 1728 2066 1752 in
2080 1728 2165 1753 Pison.
2181 1735 2222 1760 50.
2291 1730 2369 1756 Intro-

1326 1761 1425 1795 spicere
1438 1760 1580 1794 religiones
1596 1761 1737 1787 numinum
1751 1759 1820 1786 Tac.
1836 1761 1914 1793 An.3‚
1928 1763 1971 1787 60.
1997 1765 2016 1788 i.
2032 1766 2175 1798 cognosere
2192 1763 2221 1789 cie
2233 1767 2285 1790 iure
2298 1766 2370 1800 asylo-

1326 1806 1391 1823 rum.
1463 1797 1572 1822 Manere
1586 1796 1614 1820 in
1628 1795 1760 1830 religione
1774 1796 1925 1830 Virg.Aen.
1943 1805 1965 1828 3,
1978 1806 2043 1830 409.
2097 1800 2153 1824 Cic.
2169 1808 2218 1833 pro
2230 1800 2315 1827 Domo
2330 1809 2371 1834 124

1328 1841 1350 1858 c.
1365 1840 1402 1867 47
1424 1831 1564 1865 Numquid
1580 1831 1664 1865 igitur
1678 1832 1699 1857 is
1713 1831 1783 1858 bona
1796 1832 1903 1858 Lentuli
1920 1833 2047 1866 religioni
2062 1834 2211 1869 Obliga-nit.
2247 1836 2293 1862 Sed
2304 1837 2370 1864 MSS.

1328 1868 1428 1903 qnidam
1442 1867 1620 1901 religionibus
1636 1867 1772 1901 religauit.
1861 1869 1907 1894 Cic
1910 1887 2024 1895 .....
2046 1870 2116 1903 Quid
2135 1877 2161 1896 te
2175 1872 2312 1905 impurius,
2329 1873 2369 1908 qui

1859 1903 1968 1931 Possidet
1981 1906 2141 1939 religionem
2155 1914 2276 1940 paternus
2283 1914 2366 1934 mater-

1326 1947 1429 1974 nusque
1441 1939 1544 1973 sanguis
1558 1937 1616 1964 Cic.
1630 1947 1679 1973 pro
1693 1939 1768 1965 Rosc.
1784 1939 1875 1966 Amer.
1889 1942 1923 1965 66
1937 1948 2008 1974 024.
2099 1942 2222 1976 Religare
2236 1943 2363 1976 religione,

1325 1975 1379 2002 vid.
1393 1974 1463 2001 modo
1471 1975 1607 2009 Obligare.
1680 1974 1815 2009 Suscipere
1829 1975 1930 2002 cultum
1944 1975 2064 2009 deorum,
2076 1983 2102 2004 et
2117 1987 2209 2012 puram
2221 1979 2359 2013 religionem

1326 2011 1385 2037 Cic.
1399 2009 1431 2036 de
1445 2010 1537 2044 Legib.
1548 2018 1567 2043 ι,
1581 2012 1624 2043 69.
1720 2010 1869 2045 Suscipiunt
1888 2018 1977 2046 gentes
1992 2012 2059 2040 bella
2075 2022 2123 2047 pro
2137 2014 2190 2040 suis
2204 2014 2356 2049 religionibus

1325 2046 1399 2076 Idem
1412 2055 1462 2080 pro
1477 2047 1553 2072 Font.
1570 2055 1613 2072 20.
1721 2047 1836 2073 Tollere
1851 2048 2010 2081 religionem
2030 2049 2104 2075 Idem
2125 2049 2157 2075 de
2172 2049 2266 2076 Diuin.
2279 2058 2299 2081 ι,
2315 2057 2357 2082 ιος.

1912 2084 2003 2110 Tueri
2016 2085 2143 2119 populum
2156 2086 2266 2120 antiqua
2279 2083 2320 2112 sub
2329 2093 2362 2111 te·

1325 2116 1427 2150 ligione
1441 2117 1536 2142 dicitur
1550 2117 1639 2142 donum
1653 2118 1778 2149 Palladis,
1793 2127 1868 2152 equm
1885 2120 2011 2146 Troianus
2025 2122 2100 2155 Virg.
2116 2122 2216 2152 Aen.2,
2230 2127 2279 2152 188.
2319 2120 2367 2147 Cic.

1325 2152 1357 2178 de
1371 2152 1434 2178 Nat.
1450 2152 1531 2178 Deor.
1546 2159 1579 2182 ε,
1600 2159 1630 2189 1013
1652 2152 1786 2189 Gracchus
1804 2162 1886 2184 quum
1904 2155 2013 2181 comitia
2035 2156 2214 2183 nihilominus
2236 2154 2371 2192 peregisset,

1327 2195 1437 2221 remque
1451 2187 1525 2213 illam
1540 2186 1567 2211 in
1581 2185 1741 2219 religionem
1757 2187 1855 2219 populo
1869 2188 1972 2213 Venisse
1987 2191 2110 2223 sentiret,
2131 2201 2187 2217 rem
2207 2194 2240 2218 ad
2255 2193 2372 2220 Senatum

1316 2222 1429 2247 -retulit.
1500 2221 1610 2247 Violare
1625 2221 1785 2255 religionem
1798 2222 1854 2247 eie.
1871 2222 1949 2247 Verr.
1963 2232 1991 2254 4,
2005 2228 2042 2252 88.

2114 2226 2302 2261 Religionibus
2319 2228 2375 2254 suut

1280 2256 1316 2281 60
1327 2262 1405 2282 tenor
1424 2254 1524 2290 vsuaque
1549 2255 1702 2281 obseruatio
1720 2256 1852 2282 reddenda
1874 2257 2011 2283 Val.Max.
2022 2267 2048 2290 i,
2064 2267 2089 2289 1,
2103 2264 2124 2288 8.
2324 2260 2344 2300 q
2363 2270 2375 2294 3

1328 2293 1452 2326 Frequens
1483 2294 1511 2316 in
1539 2292 1635 2324 primis
1666 2289 1698 2322 gli
1731 2292 1789 2325 usin
1800 2310 1808 2322 ‚
1835 2291 1877 2316 vbi
1903 2292 2058 2325 affec‘lionrm
2088 2295 2156 2320 illam
2187 2299 2267 2322 animi
2297 2304 2378 2330 notat,

1324 2335 1397 2361 quam
1435 2328 1508 2361 vulgo
1532 2326 1639 2351 dicimus
1666 2325 1833 2361 Conscientiae
1859 2326 2001 2361 scrupulum
2016 2348 2025 2361 ‚
2069 2332 2087 2357 i.
2119 2337 2205 2356 metum
2244 2333 2375 2366 peccandi,

1326 2362 1383 2387 Cic.
1399 2360 1432 2386 de
1445 2361 1538 2394 Arusp.
1553 2361 1666 2394 Resp.10
1687 2362 1762 2392 Qiae
1769 2367 1841 2387 tanta
1854 2361 1952 2395 religio
1963 2362 2008 2393 est,
2017 2372 2069 2398 qua
2080 2373 2134 2390 non
2147 2366 2174 2391 in
2186 2366 2284 2394 nostris
2300 2368 2380 2394 dubi-

1328 2396 1486 2428 tationibus,
1503 2402 1582 2430 atque
1598 2396 1625 2420 in
1639 2396 1763 2421 maximis
1782 2397 2013 2430 superstitionibus
2032 2399 2109 2425 vnius
2128 2400 2201 2425 Publ.
2220 2402 2327 2428 Seruilii
2347 2412 2376 2429 ac

2050 2434 2126 2460 Arffi
2141 2434 2205 2460 nodi
2217 2435 2379 2469 religionum

1329 2468 1434 2494 Lucret.
1447 2477 1474 2501 4,
1488 2470 1513 2494 6.
1568 2466 1651 2493 Liber
1664 2466 1794 2501 religione
1806 2475 1919 2499 animus,
1992 2468 2093 2495 Afferre
2107 2470 2275 2504 religionem,
2331 2473 2379 2498 Ce-

1329 2504 1368 2538 pit
1383 2504 1510 2537 quosdam
1533 2502 1639 2536 religio.
1694 2502 1748 2528 md.
1767 2503 1808 2528 hh.
1827 2512 1872 2529 υυ.
1975 2504 2128 2539 Constringi
2151 2506 2284 2539 religione
2305 2507 2381 2535 Curt.

1329 2542 1412 2573 6,7‚7
1479 2540 1521 2565 -Ita
1530 2538 1637 2572 Religio
1653 2537 1749 2564 iudicis
1764 2536 1796 2570 cst
1809 2544 1927 2564 accurata
1934 2543 2027 2571 cautio,
2035 2549 2063 2565 ne
2071 2542 2244 2567 iusiurandum
2253 2542 2325 2575 iliud,
2333 2552 2379 2578 quo

1328 2573 1466 2605 adilriflus
1480 2573 1521 2606 est,
1535 2575 1620 2599 violet.
1644 2582 1671 2598 υ.
1685 2583 1711 2609 g.
1747 2574 1802 2599 Cic.
1816 2582 1865 2607 pro
1879 2573 1984 2600 Cluent.
2001 2580 2040 2608 158
2054 2585 2075 2602 c.
2089 2581 2116 2609 58
2138 2577 2273 2610 Religioni
2294 2580 2377 2612 potius

1713 2608 1716 2612 ’
1813 2609 1885 2635 Ideni
1901 2618 1948 2643 pro
1965 2610 2040 2637 Caec.
2055 2617 2085 2641 28
2106 2612 2191 2638 Decus
2210 2618 2288 2647 atque
2303 2620 2374 2642 orna-

1329 2652 1449 2674 mentum
1463 2645 1642 2675 iudicioruni,
1661 2643 1794 2678 exemplar
1811 2644 1936 2678 antiquae
1955 2646 2103 2679 religionis.
2177 2648 2341 2676 Callistratus
2352 2650 2378 2676 in

1328 2683 1346 2709 l.
1360 2683 1437 2709 diuus
1456 2681 1586 2707 Adrianus
1601 2680 1633 2705 D.
1652 2679 1684 2705 de
1706 2688 1735 2705 re
1748 2680 1803 2705 iud.
1821 2681 2025 2714 Conspiratione
2044 2683 2255 2709 aduersariorum
2273 2685 2376 2712 testibus

1329 2719 1439 2753 pecunia
1453 2716 1595 2750 corruptis,
1614 2715 1773 2749 religionem
1789 2715 1885 2742 iudicis
1898 2717 2106 2744 circumuentam
2116 2721 2171 2745 eli'e.
2210 2721 2322 2753 Parajm'
2332 2730 2374 2748 vox

1329 2755 1411 2780 Plaut.
1426 2753 1504 2779 Cure.
1518 2760 1548 2784 2,
1563 2760 1592 2783 3,
1607 2759 1635 2785 71
1658 2753 1740 2777 Vocat
1757 2750 1788 2776 ad
1809 2760 1932 2778 coenam:
1953 2753 2049 2788 religio
2068 2752 2134 2786 fuit,
2154 2755 2284 2789 denegare
2298 2757 2376 2785 nolui.

900 2790 1008 2823 Religio
1028 2787 1060 2822 est
1074 2790 1114 2815 hic
1126 2789 1260 2824 diligentia
1279 2789 1312 2818 75
1328 2790 1398 2816 Ter.
1412 2789 1507 2815 Heaut.
1523 2796 1548 2819 2,
1558 2790 1612 2817 i,16
1627 2787 1704 2813 Tum
1720 2786 1793 2821 quod
1808 2787 1867 2813 dem
1882 2788 1923 2820 ei,
1937 2788 2008 2815 ree‘te
2020 2789 2070 2815 est:
2090 2799 2148 2816 nam
2164 2790 2233 2817 nihil
2246 2793 2295 2818 effe
2304 2792 2377 2826 mihi,

1325 2824 1423 2859 religio
1437 2823 1472 2849 est
1486 2823 1575 2849 dicere
1588 2823 1722 2859 diligenter
1736 2832 1817 2854 cauco,
1832 2833 1860 2849 ne
1871 2824 1962 2850 dicam.
2035 2827 2104 2852 Suet.
2119 2828 2184 2860 Aug.
2200 2830 2246 2853 e.6
2265 2829 2327 2855 Huc
2340 2829 2376 2855 iri-

1327 2862 1412 2887 troire
1421 2880 1428 2892 ,
1442 2859 1490 2885 nili
1504 2859 1647 2885 necessario
1660 2864 1685 2884 et
1699 2858 1781 2890 caste,
1794 2859 1891 2894 religio
1905 2860 1950 2892 est,
1969 2863 1987 2887 i.
2000 2868 2087 2887 cauent
2098 2862 2216 2894 homines,
2230 2863 2259 2889 de
2272 2866 2332 2895 loco,
2339 2864 2378 2891 vbi

1326 2895 1453 2933 Augustus
1468 2898 1578 2924 nutritus
1593 2893 1635 2927 est.

1726 2894 1834 2928 Religio
1854 2895 1924 2922 mihi
1938 2904 1993 2922 non
2006 2896 2050 2928 est,
2065 2906 2119 2931 quo
2131 2898 2218 2924 minus
2226 2899 2277 2925 hoc
2285 2901 2378 2928 faciam

1325 2934 1382 2960 Cic.
1396 2933 1424 2958 in
1438 2930 1549 2963 Catil.3,
1563 2938 1587 2963 ις
1603 2939 1623 2955 c.
1633 2932 1659 2956 6.

1732 2931 1853 2957 Eximere
1867 2931 2025 2965 religionem
2045 2933 2172 2965 Liu.4,31
2192 2937 2209 2959 i.
2224 2937 2376 2970 §crapulam

1767 2967 1911 2993 hxsoluere
1930 2967 2069 3001 religione.
2106 2968 2158 2994 vid.
2177 2975 2194 2995 Ε
2205 2977 2224 2997 x
2237 2976 2250 2996 s
2262 2977 2281 2997 Ο
2293 2978 2310 2997 1.
2322 2977 2378 2998 vo.

1328 3004 1385 3031 Cic.
1400 3003 1452 3030 Off.
1467 3012 1490 3035 2,
1506 3010 1530 3035 ςι
1549 3002 1606 3028 Nec
1619 3008 1707 3028 tamen
1720 3006 1749 3027 vt
1763 3001 1813 3028 hoc
1829 3002 1986 3036 fugiendum
2000 3003 2050 3034 est,
2068 3004 2105 3030 ita
2119 3004 2271 3033 habendum
2292 3007 2328 3034 est
2342 3016 2379 3034 re-

1328 3039 1433 3075 ligioni,
1445 3044 1584 3065 nocentem
1598 3037 1742 3072 aliquando
1755 3043 1780 3063 ct
1795 3037 1927 3064 nefarium
1937 3037 2078 3065 defendere
2093 3040 2269 3076 impiumque.
2305 3043 2377 3078 Conf.

1326 3077 1400 3103 Idem
1414 3074 1446 3102 de
1460 3075 1551 3100 Diuin.
1565 3082 1575 3099 i
1594 3083 1615 3099 c.
1631 3082 1668 3105 ες.
1739 3073 1866 3107 impediri
1881 3074 2023 3108 religione,
2059 3076 2112 3102 oid.
2137 3083 2280 3104 miramo.
2337 3080 2378 3106 In-

1327 3111 1395 3139 cessit
1416 3111 1478 3137 dein
1498 3110 1596 3144 religio
1615 3109 1706 3135 Tacit.
1721 3109 1788 3135 Ann.
1803 3117 1830 3141 3,
1850 3117 1888 3144 71.
1982 3110 2101 3138 Incutere
2118 3112 2289 3146 religionem,
2325 3113 2376 3142 vid.

1566 3145 1623 3171 Cic.
1641 3144 1754 3179 Philipp.
1768 3154 1787 3176 1,
1803 3154 1827 3177 ¹3
1847 3146 1882 3171 Vt
1901 3145 2075 3180 inexpiabiles
2094 3147 2238 3182 religiones
2259 3149 2288 3175 in
2301 3149 2378 3176 Rem-

1325 3185 1387 3219 pub.
1402 3181 1609 3210 inducerentur?
1643 3182 1729 3207 Metus
1736 3187 1759 3206 et
1765 3188 1858 3216 poenae
1871 3181 1903 3209 ob,
1912 3183 2007 3208 violata
2020 3181 2111 3216 officia.
2185 3184 2269 3211 Intixa
2282 3186 2378 3213 animis

1326 3219 1432 3254 religio,
1503 3218 1618 3244 Iniicere
1631 3217 1791 3250 religionem
1804 3217 1916 3243 alicuius
1930 3217 1979 3248 rei,
2051 3218 2154 3246 Mederi
2170 3220 2309 3254 religioni,
2322 3220 2376 3248 vid.

1506 3253 1629 3279 Minuere
1642 3252 1710 3286 Nep.
1726 3260 1764 3287 17,
1776 3263 1804 3286 4,
1819 3257 1841 3282 8.
1913 3253 1969 3279 Cic.
1984 3252 2097 3289 Philipp.
2112 3264 2143 3287 2,
2159 3261 2185 3287 83
2203 3256 2374 3285 Obstrinxisti

1323 3290 1453 3325 Populum
1472 3289 1624 3315 Romanum
1643 3288 1792 3322 religione,
1806 3297 1891 3322 augur
1909 3289 2022 3323 auguri,
2037 3290 2134 3317 Consul
2148 3292 2257 3318 Consuli
2272 3292 2374 3319 obnun-

208 3335 300 3362 Theb.
312 3337 382 3366 ;,66i
399 3335 499 3359 Primus
509 3333 536 3358 in
544 3330 686 3358 orbcDeos
695 3327 757 3353 fecit
765 3327 855 3352 timor.
883 3325 1253 3357 SedvideamusdeReligione,
1276 3330 1312 3354 90
1322 3326 1401 3353 tiasti.
1424 3325 1475 3352 vid.
1491 3330 1682 3356 OBNVNTlO,
1697 3328 1728 3350 it.
1743 3329 1891 3351 SERVARE
1914 3323 1946 3349 de
1965 3325 2046 3351 caelo.
2083 3326 2187 3353 Offerre
2205 3327 2374 3362 religionem,

207 3380 278 3406 quam
294 3370 408 3395 doct-bunt
416 3369 522 3403 exempla
530 3369 581 3393 tria
585 3365 734 3401 pracsertim
742 3365 875 3391 continere,
882 3363 951 3388 illam
958 3365 1036 3388 animi
1048 3363 1087 3388 vel
1093 3359 1252 3395 affefflonem

207 3408 247 3432 vel
264 3405 383 3433 habitum,
399 3413 442 3438 quo
455 3401 552 3428 imluc‘ii
565 3403 674 3429 homines
687 3405 756 3426 caute
770 3401 838 3424 circa
849 3398 939 3437 cultum
953 3397 1133 3439 Dei,fi1umque
1146 3395 1252 3431 officium

207 3441 357 3477 versantur;
376 3439 462 3464 ‹iciriiie
475 3437 505 3469 est
515 3439 623 3473 qualitas
636 3433 734 3467 obath,
753 3430 837 3465 buces}
854 3433 950 3466 religio
965 3434 1089 3459 tribuitur
1096 3442 1131 3458 ret
1146 3434 1185 3459 orl
1194 3439 1252 3473 pcr-

201 3478 285 3513 sonae,
299 3479 367 3501 circa
381 3483 452 3509 quam
464 3480 531 3498 caute
546 3481 568 3499 et
581 3482 634 3499 cum
647 3477 711 3498 nictu
720 3467 994 3510 pcc-canili‘veisundum
1003 3467 1052 3499 esl;
1069 3469 1170 3503 denique
1190 3468 1253 3494 reli-

1320 3362 1373 3388 vid.
1388 3369 1408 3388 O
1417 3368 1433 3388 F
1444 3367 1460 3387 F
1474 3366 1516 3386 ER
1526 3367 1555 3387 o.
1665 3360 1774 3386 Soluere
1788 3359 1923 3386 ciuitatem
1936 3360 2068 3394 religione
2089 3362 2144 3388 Cic.
2159 3370 2207 3396 pro
2217 3364 2372 3397 Caecin.98.

1320 3398 1403 3425 Plaut.
1419 3397 1498 3423 Mei-c.
1509 3404 1530 3428 ς,
1543 3405 1569 3428 2,
1583 3405 1627 3429 40.
1663 3396 1724 3422 Liu.
1734 3405 1762 3427 7,
1776 3403 1800 3421 2.
1843 3395 1899 3420 Vid.
1910 3396 2015 3422 Gronou.
2031 3397 2064 3423 ad
2071 3398 2131 3423 Liu.
2144 3397 2162 3423 l.
2173 3407 2194 3424 c.
2225 3402 2256 3425 it.
2264 3399 2372 3434 ad4,31.

1324 3434 1428 3460 Taubm.
1444 3432 1477 3458 ad
1490 3433 1569 3458 Plaut.
1585 3432 1602 3458 l.
1618 3441 1639 3457 c.
1714 3431 1805 3464 Tangi
1819 3430 1950 3464 religione
1973 3432 2034 3459 Liu.
2049 3441 2073 3464 ι,
2093 3441 2133 3465 45.
2201 3434 2275 3461 Idem
2292 3442 2339 3467 26,
2352 3442 2375 3462 it

1320 3471 1351 3496 Et
1371 3469 1475 3504 postero
1495 3467 1537 3493 dic
1558 3467 1652 3494 eodem
1673 3467 1733 3493 loco
1752 3467 1819 3492 acies
1841 3466 1979 3493 instruclas
1993 3468 2084 3494 eadem
2102 3469 2239 3503 tempestas
2255 3470 2372 3497 diremit.

206 3514 252 3547 gio
266 3510 439 3546 etpracfiwim
449 3509 558 3543 plurium
566 3517 664 3534 numero
673 3503 878 3540 reiigioncsfime
885 3508 1046 3531 caerimoniae
1054 3507 1157 3535 etritus,
1166 3504 1253 3539 quibus
1269 3506 1300 3536 95
1320 3506 1368 3532 vbi
1382 3504 1532 3539 recepissent
1548 3504 1572 3529 se
1588 3504 1615 3529 in
1630 3502 1727 3534 castra,
1748 3502 1815 3528 mira
1837 3503 1960 3529 serenitas
1975 3512 2034 3530 cum
2053 3505 2248 3538 tranquillitate
2268 3506 2372 3533 orieba-

206 3545 362 3583 obseruanda
393 3551 464 3570 uiant
477 3543 582 3569 homines
591 3546 667 3569 Deum
681 3542 731 3578 asc
744 3543 799 3571 coli,
808 3542 946 3575 piac-artur.
1003 3540 1049 3567 Sed
1062 3539 1185 3566 interdum
1200 3539 1253 3575 dis-

199 3584 269 3618 ficilt¹
282 3580 314 3615 cjll
329 3581 365 3613 <lis
379 3583 488 3616 inguert,
502 3578 562 3613 quid
573 3579 657 3604 horum
668 3580 771 3614 proprie
777 3573 915 3612 sptfletiir,
929 3575 1054 3601 interdum
1063 3577 1139 3610 plura
1153 3578 1252 3602 coniun-

206 3625 309 3654 guntur,
323 3624 369 3642 etc.
461 3614 505 3639 Cui
523 3616 598 3639 otium
613 3612 654 3645 qil,
670 3614 834 3649 farraginem
847 3620 919 3646 quam
936 3611 1069 3646 referimus
1083 3612 1254 3645 exemplorum,

205 3654 319 3689 disponat
332 3653 482 3678 accuratius.
553 3649 607 3674 Cic.
622 3649 652 3673 de
663 3651 763 3675 lnuent.
773 3649 846 3680 2,161
861 3656 881 3672 c.
893 3655 918 3679 53
934 3654 1034 3682 partem
1041 3646 1114 3682 facit
1127 3650 1179 3672 eiut
1190 3646 1255 3681 quod

206 3696 299 3716 natura
314 3687 355 3712 ius
368 3684 409 3718 est,
424 3693 489 3720 quae
511 3684 654 3718 superioris
674 3684 808 3710 cuiusdam
823 3690 932 3709 naturae
952 3686 1049 3717 (quam
1066 3682 1185 3708 diuinam
1206 3690 1252 3708 vo-
1263 3683 1309 3701 ¹00
1320 3683 1479 3710 confidentia
1493 3681 1595 3707 dicant:
1613 3687 1669 3707 tum
1684 3680 1845 3714 intelligetis,
1854 3691 1903 3717 qua
1918 3681 2048 3714 religione
2066 3682 2162 3709 dicant.

205 3730 280 3754 cant)
301 3732 389 3748 curaui
402 3721 642 3752 caerimoniamque
658 3719 741 3745 affert.
795 3719 875 3744 Etiam
888 3721 921 3744 66
937 3727 957 3744 c.
967 3727 995 3744 22
1004 3718 1051 3754 sub
1065 3718 1124 3744 iure
1143 3724 1252 3757 naturae

199 3763 274 3795 ponit
282 3759 457 3789 Religionem,
475 3764 540 3788 quae
557 3756 584 3780 in
599 3760 669 3780 metu
682 3761 705 3780 et
721 3755 881 3780 caerimonia
894 3753 1005 3780 deorum
1019 3753 1057 3780 fit.
1135 3754 1204 3792 ‘Cic.
1220 3752 1252 3779 de

205 3796 266 3822 Nat.
280 3787 360 3820 Deor.
375 3801 400 3825 2,
413 3800 446 3825 72
459 3800 480 3816 c.
496 3797 525 3819 28
546 3791 610 3816 Non
624 3789 694 3815 enim
708 3789 858 3823 philosophi
874 3796 985 3822 tantuin,
998 3798 1091 3815 verum
1105 3794 1184 3814 etiam
1199 3798 1251 3815 uia-

203 3834 272 3857 iores
287 3829 368 3855 nostri
382 3826 593 3860 superstitionem
608 3834 621 3851 a
635 3825 765 3858 religione
778 3826 972 3858 separaum-unt.
1030 3824 1101 3850 Nam
1115 3825 1162 3858 qui
1180 3831 1250 3850 totos

202 3867 257 3893 dies
269 3863 443 3901 precabantur
456 3868 481 3887 et
496 3861 685 3892 immolabant,
699 3866 727 3887 vt
740 3860 789 3891 sibi
804 3860 841 3886 sui
855 3860 935 3888 liberi
948 3859 1096 3895 superstites
1107 3861 1196 3893 client,
1209 3861 1249 3887 su-
1260 3859 1303 3885 ¹05
1319 3867 1346 3889 et
1360 3861 1517 3892 solicitudo,
1535 3858 1624 3893 inquit
1641 3859 1747 3887 Seruius
1762 3860 1835 3894 Virg.
1850 3859 1917 3885 Aen.
1934 3861 1964 3890 8,
1978 3866 2037 3891 344.

1323 3549 1376 3568 tur,
1450 3541 1479 3566 In
1492 3539 1651 3573 religionem
1665 3547 1694 3564 ea
1708 3546 1749 3564 res
1762 3537 1829 3573 apud
1844 3539 1946 3565 Poenos
1966 3539 2037 3566 versa
2050 3539 2094 3564 est.
2130 3543 2148 3565 i.
2164 3542 2239 3567 Poeni
2253 3545 2387 3578 ίηιενρνθωἱ

1322 3580 1374 3604 tati
1399 3583 1444 3603 unt
1457 3575 1485 3601 id
1498 3576 1548 3601 diii
1561 3584 1608 3600 non
1616 3576 1725 3610 placere,
1745 3580 1774 3599 vt
1782 3581 1831 3608 pro
1845 3575 1901 3600 urbe
1915 3576 1991 3601 Roma
2004 3574 2121 3609 capienda
2140 3577 2318 3613 confligerent,
2336 3576 2375 3604 vel

1320 3620 1349 3639 vt
1364 3613 1424 3640 vrbs
1437 3612 1513 3637 Roma
1525 3614 1604 3636 armir
1617 3616 1809 3645 oppugnaretur.
1898 3613 2048 3638 Accuratam
2054 3610 2120 3643 fidei
2131 3616 2158 3636 in
2171 3615 2319 3641 testimoniis
2331 3612 2369 3639 ob-

1312 3649 1479 3683 seruationem
1492 3653 1572 3677 notat,
1640 3646 1696 3672 Cic.
1710 3653 1758 3679 pro
1774 3645 1856 3672 Flacc.
1872 3655 1900 3672 io
1920 3647 2010 3679 Itaque
2024 3645 2124 3678 videte,
2136 3656 2190 3681 quo
2203 3649 2296 3681 vultu,
2317 3656 2366 3682 qua

2235 3684 2369 3710 Testimo-

1320 3720 1427 3746 niorum
1443 3717 1603 3751 religionem
1618 3724 1643 3742 et
1656 3717 1734 3742 fidem
1750 3726 1884 3751 nunquam
1900 3717 1947 3743 ista
1957 3716 2031 3742 natio
2039 3718 2122 3744 coluit
2137 3720 2191 3745 Cic.
2199 3728 2248 3753 pro
2258 3720 2370 3753 Flacc.9.

1321 3756 1412 3782 Homo
1426 3753 1477 3779 fine
1492 3753 1544 3779 vlla
1557 3753 1687 3786 religione
1698 3758 1724 3777 et
1739 3751 1790 3778 fide
1804 3753 1873 3787 Nep.
1883 3761 1920 3784 12,
1934 3758 1957 3784 8,
1971 3760 1992 3777 2.
2065 3753 2171 3781 Seruata
2185 3755 2282 3788 religio
2296 3758 2369 3782 iuris-

1320 3790 1425 3817 iurandi
1438 3789 1506 3822 Nep.
1522 3795 1558 3821 17‚
1574 3796 1600 3819 2.
1614 3796 1635 3820 ς.
1674 3788 1741 3813 Hinc
1755 3788 1863 3823 Religio
1873 3796 1922 3824 pro
1934 3787 1987 3822 ipso
2006 3789 2180 3815 iureiurando.-
2219 3791 2269 3817 ωό.
2290 3791 2371 3820 Schul-

1319 3829 1385 3861 ting.
1399 3824 1432 3850 ad
1444 3823 1573 3857 Quinelil.
1589 3823 1703 3849 Declam.
1723 3832 1729 3849 i
1754 3833 1776 3857 p.
1793 3833 1823 3850 ii.
2030 3820 2050 3860 ff
2071 3834 2089 3857 4
2126 3825 2251 3860 Religio,
2276 3827 2369 3857 Metus,

2112 3860 2168 3892 Iam
2191 3868 2249 3889 tuni
2263 3861 2369 3899 relligio

2291 3903 2361 3932 paui·
