2434 4156
200 110 246 149 75
589 78 947 135 RAP‘
1705 91 1979 134 ΒΑΚ
2271 66 2375 148 '76'

201 182 360 218 numidae,
379 184 409 205 vt
424 180 561 209 Aeacidae.
602 182 685 210 Puut.
696 182 755 208 Aul.
769 191 796 215 2,
808 186 855 216 ’με
874 179 1065 215 Rapacidarum
1076 178 1124 206 vbi
1137 183 1239 205 tantum
1338 187 1360 208 ι
1370 187 1393 209 Λ
1402 179 1446 209 rv⁹
1455 188 1471 208 ι
1483 189 1504 209 v
1513 188 1556 211 M,
1575 181 1594 209 ῑ.
1627 190 1654 207 n.
1692 180 1790 207 Dimin.
1829 181 1995 219 [γογγύλσσν]
2029 185 2097 212 Hor.
2112 184 2194 213 Serm.
2205 194 2230 218 2,
2243 190 2267 219 8,
2281 191 2296 216 8

202 219 248 246 fiet
259 219 286 244 in
301 213 416 241 aedibus.
519 220 522 221 ’
1182 247 1187 252 1
1494 219 1526 244 In
1541 217 1633 252 primis
1647 218 1766 243 Lucanus
1778 224 1840 249 aper
1854 216 1907 243 leni
1919 218 1971 245 fuit
1986 220 2081 247 Austro

237 256 306 279 RAP
315 256 336 275 A
346 256 362 276 C
372 248 384 276 ἶ
393 256 444 278 ΤΑ
455 258 486 282 S,
504 252 561 278 Ξίίι.
599 251 619 277 f.
657 251 706 285 [τό
718 249 882 285 ἑρπακτικᾰν]
919 248 1051 288 Coluinel.
1065 255 1094 279 1,
1105 255 1123 281 7
1151 247 1208 286 Nisi
1222 247 1242 273 fi
1496 254 1610 288 Captus,
1625 259 1655 280 vt
1668 253 1754 279 aiebat
1768 260 1864 278 coenae
1878 258 1964 285 pater:
2000 257 2071 282 aeria
2084 255 2184 283 circum

202 285 312 312 maxima
325 285 369 311 vel
384 286 543 321 negligentia
557 286 624 312 serui
637 305 644 316 ,
664 286 707 312 vel
719 283 845 317 rapacitas
865 284 1018 309 interuenit.
1097 316 1103 321 ι
1124 282 1247 308 Martial:
1496 289 1604 323 κςψῃιᾶ,
1778 287 1845 314 Atld,
1866 288 1906 313 112,
1920 297 1946 321 2,
1957 297 2029 323 2‚23.

198 328 236 351 12,
250 327 277 351 33
299 320 380 347 Dirae
396 321 467 348 filius
481 322 516 347 est
529 319 683 354 ημῃςῑηῑὶς,
748 317 816 351 Quis
830 317 859 345 in
875 318 1018 353 rapacitate
1031 317 1152 344 auarior!
1185 318 1241 344 Cic.
1270 328 1284 354 ς
1339 326 1591 357 RArisTRVM,
1609 323 1629 351 i.
1669 332 1696 349 n.
1732 324 1823 350 Planta
1842 323 1973 359 quaedam,
1992 336 2022 352 ex
2044 332 2159 363 raporum
2181 332 2267 363 genere
2286 328 2339 354 Co-

197 363 246 389 pro
260 355 330 382 Cael.
346 364 369 388 13
384 366 405 383 c.
420 360 443 383 6.
481 356 509 381 de
525 355 642 381 Catilina.
1305 354 1396 383 lumel.
1410 366 1436 390 9,
1448 367 1476 391 4.

234 390 424 422 karson,
450 400 481 422 δ,
506 399 560 416 1¹⁰¹-
600 387 660 415 Adl-
696 387 863 423 [¹5wm'mcit]
904 389 981 415 Velox
994 399 1002 414 .·
1037 387 1181 428 ‹ib-eornm,
1200 390 1243 428 qtfi
1337 398 1538 427 RAPICIVS,
1557 393 1610 428 fiue
1642 399 1862 426 RAPACiVS,
1881 402 1911 426 a,
1931 403 1984 422 um.
2013 397 2072 424 Adi.
2111 397 2185 433 ‚Qud
2206 397 2241 423 αᾱ
2257 397 2340 432 Rapaa
2374 415 2381 418 -

195 428 313 460 rapiunt,
333 427 466 453 celeritate.
519 423 587 450 Plin.
601 426 639 456 16,
656 431 687 456 39
706 423 828 450 Tantum
840 424 1030 458 tempestiuitas
1042 429 1122 462 etiam
1134 432 1162 450 in
1174 432 1243 458 rapi·
1297 429 1424 460 pertinet,
1443 435 1473 454 vt
1492 429 1630 464 Rapicium
1644 431 1732 456 semen
1752 430 1808 456 Cae.
1824 430 1853 455 R.
1868 430 1897 455 l'..
1912 439 1932 456 c.
1947 439 1998 464 134.
2068 433 2147 467 Subjt.
2183 433 2299 466 Rapicia,
2312 432 2339 469 s.

195 459 229 486 da
242 460 374 487 celeritate
386 461 476 494 pollet.
549 459 721 494 Corripiunt,
734 458 876 494 rapidique
894 459 994 486 rotanti
1008 458 1114 485 turbine
1128 464 1235 493 portant
1304 459 1431 495 Rapacia,
1450 464 1573 492 intellecto
1585 466 1659 501 forte
1680 466 1768 497 olera,
1786 467 1910 499 Raporum
1922 465 2047 501 frondes,
2065 477 2127 503 qnos
2148 468 2257 496 homine,-
2273 468 2341 494 deco.

195 495 301 522 Lucret.
318 506 337 528 1,
350 503 404 528 293.
446 493 561 529 Rapidus
576 495 604 521 in
618 494 711 521 vrbem
726 494 816 521 vedius
838 495 907 522 Tac.
920 495 988 521 Hist-
1002 503 1027 524 2,
1039 501 1082 534 54,
1097 502 1122 520 2-
1192 495 1241 520 Ae·
1254 505 1290 532 ιιο
1304 492 1359 520 Has
1370 500 1397 523 in
1415 498 1492 525 cibum
1499 500 1611 535 sumum.
1647 501 1715 528 Plin.
1731 507 1764 533 ιε,
1777 509 1800 533 ι3
1817 500 2002 535 Qadrupedco
2016 511 2041 530 et
2054 503 2152 530 froude
2171 512 2264 530 eorum
2277 512 2339 537 gau-

196 538 267 564 quor
293 531 415 566 rapidum
456 530 544 556 Valet.
578 531 676 565 Argon.
705 539 735 563 4,
756 538 815 564 270.
898 530 988 556 Aestus
1009 530 1083 563 Virg.
1099 529 1240 562 Ecl.3,10.
1304 528 1386 557 dent:
1420 539 1446 559 et
1458 533 1564 562 homini
1583 545 1636 563 non
1655 537 1745 563 minor
1757 538 1922 570 rapaciorum
1937 538 1988 563 suis
2004 537 2075 564 horis
2088 540 2188 573 gratia,
2207 547 2284 572 quam
2298 548 2340 570 cy<
2373 540 2388 558 .·

197 567 299 600 Agmen
326 566 393 592 Tac.
414 565 481 591 Hist.
500 574 527 598 2,
541 574 580 597 30,
594 574 614 592 i.
690 566 756 592 Alae
772 565 865 593 Claud.
880 565 911 592 de
925 567 999 598 Rapt.
1015 565 1133 599 Proserp.
1146 573 1169 597 3,
1182 573 1240 598 254.
1301 573 1420 599 marum,
1437 575 1483 595 etc.
1572 571 1666 607 Rursus
1680 572 1799 602 &effla-3
1818 573 1886 600 Cato
1907 581 1933 604 33
1957 573 2082 607 napinam
2092 594 2100 606 ‚
2120 581 2146 601 et
2162 574 2232 602 coles
2244 574 2340 608 rapicii

195 601 288 628 Amnis
307 601 382 635 Virg.
397 601 461 627 Aen.
474 602 501 633 6,
514 608 568 633 550.
674 601 771 627 Amnes
789 601 897 636 rapidos
910 605 1015 627 tranant
1050 600 1157 628 Lucret.
1174 608 1240 633 1‚1;.
1301 599 1372 626 vnde
1401 601 1479 636 fiant,
1495 610 1522 632 ct
1555 606 1701 641 raphanum
1733 607 1762 634 in
1793 608 1853 634 loco
1886 607 2026 635 stercorato
2059 609 2143 646 bene,
2157 617 2203 637 aut
2223 610 2252 635 in
2279 609 2340 636 loco

197 637 278 663 Arma
295 636 342 663 Sil.
355 644 377 669 ς,
390 641 431 669 98.
503 637 573 662 Aura
587 636 676 670 rapida
688 636 807 663 velocius
828 637 909 663 Ouid.
922 635 987 662 Met.
1000 644 1025 668 3,
1036 643 1097 670 209.
1170 636 1242 662 Bella
1303 636 1383 662 crass'o
1397 637 1486 665 serito.

196 671 291 698 Claud.
306 672 334 698 in
347 671 427 698 Cons.
441 671 496 697 Stil.
511 680 531 703 1,
546 676 596 701 188.
683 672 765 698 Canes
785 673 890 698 Luci-ct.
904 678 925 703 ς,
937 676 995 703 890.
1103 671 1241 698 Clamores
1259 682 1287 710 15
1341 677 1391 710 ¹³:⁶¹
1401 673 1512 706 ΡῙΝΑ,
1531 684 1569 702 ae.
1607 677 1629 704 f.
1669 678 1865 715 Vbiftmiazstur
1877 685 1970 714 rapum.
2006 679 2138 707 Columel.
2153 690 2186 713 11,
2197 689 2210 708 ,τ
2230 681 2302 708 Nam
2314 684 2341 706 et

193 706 282 741 rapidi
317 708 378 733 Stat.
393 705 482 732 Theb.
497 715 520 738 5,
533 708 576 739 96.
611 707 672 733 Alia
685 709 834 742 exemplaria
847 707 936 733 habent
945 706 1047 734 Rabidi.
1137 708 1240 733 Currus
1305 715 1426 741 napinac‚
1448 707 1564 744 itemque
1575 713 1681 746 rapinae
1694 713 1814 740 ficcanejs
1827 715 1891 741 locis
1904 723 1950 748 per
1964 714 2011 741 hos,
2025 716 2079 741 dies
2092 716 2166 744 fiunt⁸
2237 717 2279 746 Sa,-
2292 724 2341 743 mo.

194 743 270 777 Virg.
286 743 348 769 Aen.
364 750 396 773 12,
407 746 467 776 478.
537 742 634 768 Curuus
660 742 734 769 Ideni
748 742 814 769 ibid.
828 750 851 775 ς,
866 751 921 775 291.
1012 743 1142 769 Decursus
1159 742 1235 776 Virg.
1303 741 1335 768 do
1349 742 1464 770 laudatus
1479 744 1619 780 Catoc.35.
1690 750 1814 777 Scaeuola
1828 750 1845 777 ι,
1858 755 1889 784 93
1902 749 1927 788 9,
1941 753 1968 777 16
1984 752 2016 778 D,
2029 751 2059 777 de
2072 751 2149 787 legat,
2163 761 2186 785 Ξ,

195 779 262 804 Aen.
278 787 313 811 ιε,
326 785 377 810 523.
490 776 560 810 Equi
585 777 666 804 Ouid.
680 778 758 813 Epist.
771 787 797 811 9,
812 783 851 807 28.
928 777 1011 804 Ferae
1036 777 1110 804 Idem
1124 777 1190 804 ibid.
1205 786 1240 810 11,

197 822 243 840 ιιι.
333 812 439 839 Flamen
459 811 534 846 Virg.
548 813 612 839 Aen.
626 822 654 847 4,
668 822 722 848 241.
839 813 956 839 Flamma
976 812 1057 839 Ouid.
1070 814 1135 840 Met.
1150 821 1175 845 2,
1189 822 1239 844 123.
1677 821 1706 854 R
1813 824 1840 855 A
1944 825 1973 856 R

196 849 304 875 Flumen
320 848 388 874 Hor.
404 847 486 873 Serm.
501 856 527 881 2,
541 857 562 880 3,
576 857 636 880 242.
726 847 800 884 Cous.
814 848 890 883 Virg.
904 848 956 874 Ecl.
971 857 991 880 1,
1003 849 1047 874 66.
1130 848 1241 875 Flumen
1254 859 1290 878 20

195 882 384 918 rapidissimum
403 883 475 908 Caes.
491 884 556 910 Bell.
571 885 655 910 Ciuil.
671 893 691 915 1,
705 891 745 916 50.
813 884 913 918 Gurges
934 883 991 910 Cic.
1006 883 1038 910 de
1050 884 1115 910 Nat.
1130 884 1209 910 Deor.
1216 892 1240 916 2,
1338 890 1386 911 ΒΑ
1396 891 1487 913 RESC
1498 893 1532 918 ο,
1548 893 1592 915 etc.
1611 889 1665 916 vid.
1684 890 1758 926 infra
1777 897 1899 921 RAirvs.

197 921 252 946 106.
315 918 388 958 &¹¹³⁵
408 918 485 958 Virg.
500 919 596 954 Georg.
611 930 639 953 4,
653 922 709 950 263.
779 918 838 946 Irae
857 920 918 947 Stat.
932 918 1025 946 Theb.
1040 928 1062 951 3,
1075 921 1119 951 96.
1191 920 1239 946 La·
1339 926 1418 947 RAR
1428 927 1449 946 v
1460 930 1490 954 s,
1513 932 1543 955 a,
1562 932 1614 950 uin.
1636 925 1696 952 Adi.
1732 928 1841 961 [οἷραιὸς,
1863 929 1954 962 gards,
1973 929 2063 956 mrim,
2071 932 2084 965 J
2120 932 2223 965 proprie
2237 929 2342 963 dicitur,

195 955 253 989 psus
265 953 351 987 rapidi
366 954 506 980 fluminum
528 955 594 981 Hor.
609 956 696 982 Carm.
709 963 728 985 1,
741 962 776 986 12,
789 962 815 987 9.
922 955 1024 980 Leones
1044 954 1118 980 Idem
1132 953 1163 980 de
1174 956 1239 981 Arte
1302 955 1376 990 Qod
1388 966 1436 982 non
1450 956 1482 990 ist
1497 958 1608 993 deufhm,
1630 961 1815 997 nonfrgqufm·
1872 966 1922 996 Vl,
1941 966 2024 992 Kame
2040 969 2148 992 arbores
2169 967 2235 1001 Nep·
2250 975 2270 999 ι,
2284 976 2306 998 5,
2319 974 2343 998 3·

196 991 266 1016 Poet.
282 997 334 1021 393.
405 989 479 1023 Lupa
499 990 579 1016 Ouid.
594 990 626 1016 de
638 991 701 1016 Arte
709 991 768 1016 Ani.
778 998 801 1022 3,
813 996 836 1019 8.
902 990 977 1016 Mare
999 989 1145 1029 Tibull.4,
1157 998 1238 1030 1,141.
1302 992 1377 1025 Virg.
1393 993 1458 1019 Aen.
1473 1002 1501 1026 4,
1514 1003 1550 1025 131
1571 995 1646 1021 Retia
1658 1005 1726 1029 rara,
1745 998 1842 1032 plagae,
1861 1006 1887 1025 et
1899 999 1953 1026 lato
1966 1002 2098 1028 venabulo
2112 1002 2192 1028 ferro.
2264 1002 2342 1035 Virg.

194 1025 251 1051 Cic.
265 1023 298 1050 dc
312 1024 400 1050 Finib.
417 1033 438 1055 2,
451 1033 463 1056 3
501 1026 592 1058 Quum
610 1026 681 1052 enim
694 1025 778 1051 fertur
793 1024 863 1059 quasi
878 1030 981 1052 torrens
995 1030 1099 1057 oratio,
1116 1033 1240 1058 quamuis
1256 1041 1288 1067 23
1303 1026 1368 1053 Aen.
1381 1036 1405 1059 9,
1425 1034 1471 1060 508
1504 1030 1563 1063 Qia
1585 1039 1643 1057 rara
1665 1031 1700 1058 est
1721 1034 1803 1066 acies,
1823 1034 2012 1070 interlucetque
2033 1046 2150 1064 corona:
2185 1037 2343 1072 Infrcqueng

193 1059 277 1086 multa
295 1059 422 1094 cuiusque
434 1059 508 1086 modi
530 1062 630 1095 rapiat,
650 1060 719 1088 nihil
739 1065 827 1087 tamen
839 1067 943 1093 teneas,
963 1060 1033 1087 nihil
1048 1060 1238 1095 apprehendas,
1300 1064 1482 1097 interpretante
1495 1065 1569 1091 Non.
1583 1074 1611 1098 4,
1623 1071 1675 1098 388.
1778 1069 1876 1096 Rarum
1890 1072 2028 1103 interdum,
2046 1073 2120 1108 ,de
2132 1082 2179 1098 non
2199 1073 2285 1108 ubique
2303 1082 2343 1099 re.

192 1104 322 1129 nusquam
356 1096 507 1122 orationem
531 1096 650 1130 rapidam
669 1098 796 1123 cocrccas.
867 1096 950 1123 Passus
982 1096 1056 1131 Virg.
1070 1097 1135 1122 Aen.
1149 1104 1174 1131 7,
1188 1099 1240 1131 156.
1294 1100 1415 1133 peritur,
1433 1099 1498 1125 vnde
1512 1104 1586 1126 ctiam
1600 1108 1647 1136 pro
1660 1101 1801 1135 praestanti
1809 1105 1927 1140 fimritur.
1962 1108 2017 1135 Cic.
2032 1109 2064 1134 de
2080 1109 2163 1134 Amic.
2180 1113 2204 1138 81
2220 1117 2277 1134 c.21
2292 1109 2341 1134 Ra-

193 1130 270 1157 Rotis
283 1131 382 1165 rapidis
396 1130 510 1158 insistere
533 1132 606 1167 Virg.
622 1133 719 1166 Georg.
735 1140 756 1163 3,
770 1140 822 1165 114.
894 1132 939 1158 Sol
959 1131 1034 1158 Idem
1046 1131 1115 1158 ibid.
1131 1141 1155 1166 ι,
1175 1141 1239 1166 424.
1301 1142 1362 1159 rum
1376 1143 1457 1168 genus
1473 1138 1511 1167 (et
1525 1136 1635 1171 quidem
1649 1138 1739 1165 omnia
1751 1140 1880 1173 praeclara
1898 1145 1972 1173 rara)
1985 1153 2032 1169 nec
2047 1144 2191 1178 quidquam
2205 1142 2341 1169 difficilius

191 1166 317 1193 Torrens
333 1166 406 1202 Virg.
420 1167 485 1193 Aen.
501 1175 522 1198 2,
536 1175 591 1200 303.
661 1167 762 1195 Turbo
782 1168 886 1194 Lucrct.
903 1176 923 1200 1,
935 1170 989 1199 633.
1061 1168 1142 1194 Venti
1164 1169 1239 1202 Virg.
1302 1178 1382 1202 quam
1407 1171 1524 1205 reperire
1544 1172 1615 1205 quod
1638 1172 1668 1198 fit
1687 1175 1761 1200 omni
1786 1184 1817 1202 ex
1842 1182 1915 1210 parte
1941 1177 1969 1203 in
1995 1180 2041 1205 suo
2071 1188 2165 1214 genere
2186 1178 2342 1213 perfcf'suin-

192 1202 259 1229 Aen.
273 1204 300 1234 6,
316 1209 355 1236 73.
434 1201 511 1229 Vnda
524 1203 645 1237 rapidior
666 1204 741 1230 Curt.
755 1212 784 1236 4,
797 1211 823 1235 9,
836 1208 870 1233 18.
941 1202 1067 1230 Volucris
1080 1203 1239 1237 rapidissima
1256 1219 1288 1243 30
1302 1205 1440 1238 Optimum
1455 1206 1581 1241 quodque
1593 1208 1747 1236 rai-iffimmn
1762 1211 1797 1237 est
1817 1212 1872 1238 Cic.
1888 1212 1946 1239 Fin.
1960 1222 1976 1239 ιι
1991 1223 2013 1240 c.
2026 1222 2065 1247 ις.
2157 1215 2225 1241 Plin.
2245 1216 2339 1248 Paneg·

193 1237 276 1264 Ouid.
290 1239 354 1264 Met.
369 1245 392 1269 2,
404 1240 456 1269 716.
572 1239 673 1267 Vortex
702 1239 780 1274 Virg.
793 1239 860 1267 Aen.
879 1247 899 1271 1,
914 1247 963 1265 121.
1035 1239 1156 1267 Vortices
1175 1240 1243 1274 rapi·
1303 1242 1346 1271 60,
1358 1243 1375 1266 6
1396 1241 1444 1267 Sed
1458 1244 1486 1267 in
1500 1243 1620 1277 principe
1631 1252 1721 1271 rarum
1733 1254 1761 1272 ac
1779 1255 1860 1282 prope
1873 1247 2010 1275 insolitum
2023 1250 2076 1279 est,
2095 1257 2123 1277 vt
2137 1251 2161 1277 se
2177 1256 2250 1284 putet
2270 1250 2340 1276 obli-

192 1272 289 1300 diss'uni
315 1273 390 1313 Curi.
412 1281 440 1306 9,
454 1281 525 1306 4,11.
750 1309 755 1315 ¹
901 1309 906 1313 -
1093 1310 1099 1315 -
1222 1310 1228 1315 Ι
1302 1282 1415 1316 gatum,
1428 1283 1489 1310 aut,
1511 1278 1529 1317 li
1543 1284 1635 1312 putat,
1654 1287 1733 1307 amet.
1847 1283 1922 1318 Virg.
1935 1285 1998 1311 Aen.
2013 1294 2033 1317 1,
2052 1280 2096 1312 122
2134 1288 2265 1320 Apparent
2286 1286 2340 1311 rari

228 1315 277 1334 ΒΑ
288 1313 304 1334 P
316 1315 326 1334 1
338 1315 356 1334 D
367 1314 392 1347 Ε..
413 1308 482 1335 Adu.
518 1307 689 1344 [ὅρμητικῶς]
723 1310 781 1336 Cic.
798 1309 831 1335 de
843 1309 936 1343 Legib.
950 1318 974 1342 2,
987 1311 1004 1336 6
1033 1309 1188 1345 Rapideque
1202 1310 1241 1337 di·
1301 1317 1391 1337 nantes
1408 1320 1435 1337 in
1447 1321 1552 1347 gurgite
1565 1314 1654 1347 vasto,
1673 1315 1731 1342 hinc
1743 1316 1800 1342 inde
1813 1317 1919 1352 quidam,
1932 1324 2017 1353 pauci.
2051 1322 2134 1348 Rarus
2147 1321 2343 1355 reperiebatur,

191 1343 277 1378 lapsus
299 1343 354 1369 cito
377 1350 405 1368 in
427 1352 510 1369 vnum
534 1345 654 1371 confluit.
689 1344 718 1370 de
739 1345 841 1371 Fibreno
854 1345 946 1380 fluuio.
1049 1346 1106 1372 Cic.
1123 1346 1151 1371 in
1164 1347 1238 1373 Orat.
1302 1347 1349 1380 qui
1363 1354 1407 1373 etc.
1427 1349 1537 1381 Qiiuci.
1554 1358 1581 1375 12
1595 1351 1636 1377 Pr.
1649 1358 1670 1382 3.
1774 1351 1849 1384 Virg.
1862 1353 1960 1385 Georg.
1980 1363 2008 1385 4,
2022 1363 2064 1385 ¹30
2084 1357 2135 1382 Hic
2148 1365 2238 1383 rarum
2251 1364 2339 1383 tamen

193 1384 237 1408 128
253 1387 273 1405 c.
290 1385 319 1413 37
343 1377 424 1411 Qiod
438 1387 523 1413 quum
535 1377 626 1412 rapide
641 1379 742 1410 fertur,
760 1380 883 1406 sustineri
895 1380 970 1405 nullo
987 1380 1064 1413 paffio
1081 1381 1175 1415 potest.
1211 1382 1240 1407 de
1255 1393 1285 1420 33
1302 1382 1331 1408 in
1346 1382 1434 1409 dumis
1447 1384 1504 1409 olus
1514 1403 1520 1414 ,
1537 1391 1582 1410 etc.
1672 1386 1773 1411 Rarum
1786 1384 1949 1419 ctVulgare,
1965 1392 2093 1412 contraria
2126 1391 2183 1416 Cic,
2197 1391 2226 1416 in
2238 1392 2341 1426 Topic,

189 1421 334 1450 argumento
366 1413 430 1449 quod
460 1420 564 1440 vocatur
581 1412 724 1443 παθητικόν.
795 1414 910 1452 Compar,
945 1415 1073 1447 Rapidius
1102 1416 1238 1442 contracto
1302 1420 1344 1449 69.
1451 1419 1489 1445 Id.
1505 1419 1536 1445 de
1551 1420 1654 1446 [nuent.
1669 1428 1689 1451 1,
1703 1424 1730 1449 81
1776 1421 1891 1454 Oportet
1905 1419 2132 1452 animaduertere,
2150 1430 2184 1447 ne
2197 1433 2280 1455 quum
2288 1427 2342 1452 ali-

189 1449 263 1484 quod
275 1455 330 1476 crat
344 1449 462 1476 militum
480 1448 549 1476 Tac.
563 1449 631 1475 Hist.
644 1458 671 1482 4,
685 1457 723 1485 71,
734 1450 760 1475 6.
801 1448 871 1476 Add.
887 1448 977 1475 Sidon.
990 1449 1036 1483 Ep.
1050 1457 1070 1483 ι,
1084 1457 1106 1475 2.
1155 1450 1239 1476 Fron·
1301 1456 1343 1477 ter
1360 1453 1443 1479 multa
1457 1454 1505 1480 [int
1517 1455 1649 1487 iudicata,
1670 1455 1819 1482 solitarium
1832 1454 1941 1489 aliquod
1950 1475 1959 1488 ‚
1979 1461 2023 1481 aut
2037 1464 2127 1481 rarum
2147 1454 2292 1484 iudicatum
2306 1461 2346 1486 af.

188 1486 238 1512 tin.
255 1486 332 1511 Sti-at,
347 1493 370 1515 2,
388 1492 411 1517 5.
1301 1486 1411 1513 feratur.
1517 1490 1599 1515 Rarus
1617 1490 1645 1515 in
1665 1497 1746 1524 potu,
1764 1491 1817 1525 Q!
1830 1500 1889 1516 raro
1897 1496 1971 1525 potat
1990 1491 2056 1517 Plin.
2070 1496 2093 1522 8,
2107 1492 2144 1517 16.
2247 1492 2346 1522 Rarum

226 1527 293 1548 RAP
304 1527 312 1546 1
323 1526 340 1546 D
350 1519 396 1546 xil.
408 1526 430 1547 v
442 1526 471 1552 s,
488 1529 521 1554 a,
539 1528 593 1546 um.
622 1519 683 1546 Adi.
717 1520 796 1546 Mart.
811 1519 911 1554 Capell.
925 1524 939 1550 8
951 1529 977 1554 p.
992 1527 1041 1552 270
1061 1519 1187 1554 Rapiduli
1200 1521 1240 1546 so·
1302 1520 1374 1547 die'lu
1384 1541 1392 1554 ,
1413 1522 1461 1548 else
1475 1523 1594 1557 aliquid,
1613 1524 1656 1549 cui
1668 1525 1750 1558 profit
1762 1525 1938 1559 negligentia,
1960 1529 1979 1553 ε’.
1993 1524 2133 1560 nonpotcst
2150 1525 2179 1551 de
2191 1528 2274 1554 multis
2291 1529 2343 1557 dici

189 1556 262 1583 nitus
287 1556 408 1583 raucitas.
1256 1566 1293 1591 40
1303 1557 1370 1583 Plin.
1388 1563 1422 1589 ις,
1437 1560 1471 1584 16.
1579 1559 1622 1586 Sic
1639 1567 1666 1591 9,
1681 1567 1710 1594 ¹7
1736 1560 1820 1586 Rarus
1831 1562 1952 1587 inuentu.
2060 1561 2193 1595 Quinciil.
2209 1570 2250 1595 10,
2262 1571 2295 1599 7,
2307 1573 2339 1600 ²4

227 1598 298 1619 RAP
308 1598 316 1617 1
327 1597 346 1617 D
357 1591 366 1618 ἵ
377 1597 468 1623 TAs,
505 1590 562 1618 atis.
600 1591 620 1617 f.
656 1588 704 1624 [τὲ
726 1588 853 1625 §sumundi
862 1590 885 1628 ]·
918 1590 994 1616 Velox
1014 1593 1129 1624 impetus.
1166 1591 1240 1630 Caes.
1302 1592 1441 1625 Optimum
1455 1593 1506 1622 est,
1523 1598 1553 1619 vt
1571 1595 1694 1627 quotidie
1708 1594 1825 1622 dicamus
1844 1594 2013 1622 audientibus
2026 1595 2162 1630 pluribus,
2183 1598 2292 1626 maxime
2306 1601 2339 1628 de

189 1627 255 1654 Bell.
271 1627 355 1654 Ciuil.
371 1636 392 1659 1,
403 1628 434 1653 62
454 1626 531 1653 Tum
550 1625 631 1652 etiam
655 1625 796 1659 rapiditate
811 1625 928 1650 fluminis
942 1625 976 1651 ad
990 1625 1177 1652 transeundum
1190 1635 1239 1652 im·
1302 1636 1417 1660 quorum
1430 1628 1509 1654 limus
1521 1628 1625 1655 iudicio
1642 1638 1670 1656 ac
1684 1630 1813 1664 opinione
1828 1631 1933 1658 soliciti.
1970 1632 2066 1658 Rarum
2080 1632 2115 1658 est
2129 1633 2215 1666 euim,
2237 1639 2266 1660 vt
2282 1635 2340 1662 fatis

191 1663 353 1698 pediremur,
1300 1663 1326 1688 se
1358 1663 1499 1697 quisquam
1529 1671 1661 1691 vereatur.
1756 1667 1887 1692 quenum
1904 1667 2045 1694 rariffimus
2081 1668 2143 1694 Stat.
2156 1667 2221 1696 Silu.
2236 1673 2294 1703 4,8,
2307 1679 2343 1702 3²·

227 1704 393 1725 RAPTiM.
413 1696 480 1723 Adu.
518 1693 679 1731 [ἁρπάγδην]
721 1695 860 1735 Velocifer,
878 1697 938 1721 cito.
975 1694 1041 1734 Plin.
1059 1703 1137 1731 17,14
1157 1696 1239 1722 Semi·
1301 1698 1382 1736 Ouid.
1397 1699 1461 1725 Met.
1477 1708 1516 1732 14,
1529 1707 1575 1735 337
1595 1700 1624 1727 de
1641 1701 1760 1736 Nympha
1780 1709 1897 1734 amente,
1918 1703 1986 1728 Rara
2007 1703 2115 1738 quidem
2135 1704 2218 1736 facie,
2240 1705 2283 1731 sed
2303 1713 2348 1732 ra-'

190 1742 223 1760 ne
237 1734 333 1769 raptim
347 1733 438 1760 auium
450 1733 519 1762 fame
535 1732 672 1758 deuorato.
778 1731 839 1756 Liu.
854 1739 911 1770 3⁵²3
933 1729 1030 1756 Fabius
1045 1731 1140 1771 omissis
1153 1733 1239 1758 omni-
1251 1740 1285 1767 45
1300 1741 1358 1759 rior
1371 1740 1426 1760 arte
1439 1735 1558 1762 canendi.
1754 1735 1775 1773 ἦ
1796 1746 1808 1763 2
1844 1735 2002 1770 Substantiua
2017 1749 2024 1764 .·
2058 1740 2135 1766 Acies
2145 1740 2236 1767 rarior
2253 1739 2345 1768 Tacit.

187 1769 254 1802 bus,
271 1768 395 1804 praedam
408 1777 439 1794 ex
453 1767 542 1794 castris
556 1767 652 1801 raptim
666 1766 778 1792 Antium
791 1765 926 1792 conuelut.
1021 1767 1077 1794 Cic.
1092 1768 1146 1793 Att.
1169 1776 1192 1799 1,
1208 1776 1237 1802 17
1300 1768 1368 1795 Hist.
1382 1777 1405 1801 3,
1420 1777 1460 1803 25.
1575 1771 1629 1798 ΑΕΓ
1641 1780 1714 1799 rarus
1735 1773 1839 1799 Luci-et,
1853 1782 1878 1806 2,
1893 1776 1948 1800 106,
2055 1775 2189 1802 Animalia
2208 1775 2282 1811 Virg,
2294 1777 2351 1805 ΕςΙ,.

187 1806 220 1833 Et
235 1805 332 1838 raptim
345 1805 374 1831 in
387 1813 443 1830 eam
459 1803 615 1829 sententiam
627 1802 728 1837 pedarii
744 1807 924 1828 cucurrerunt.
997 1802 1069 1829 Caes.
1078 1803 1144 1829 Bell.
1154 1804 1236 1830 Ciuil.
1301 1806 1329 1837 6,
1343 1813 1388 1838 40.
1496 1805 1628 1833 Audentia
1649 1818 1655 1833 2
1691 1808 1781 1835 Tacit.
1796 1809 1828 1835 dc
1841 1810 1964 1836 German.
1979 1817 2004 1841 31
2023 1810 2091 1838 Rara
2105 1818 2130 1837 et
2142 1812 2246 1846 priuata
2261 1812 2353 1838 cuius-z

190 1849 212 1874 1,
226 1848 239 1874 ς
248 1847 289 1875 pr.
311 1841 361 1866 His
375 1839 406 1865 de
418 1838 499 1865 causis
513 1844 626 1872 aguntur
639 1837 730 1863 omnia
742 1838 839 1871 raptim
852 1843 930 1871 atque
946 1837 1059 1864 turbate.
1132 1840 1237 1866 Lucret.
1301 1849 1352 1874 que
1366 1839 1496 1867 Audentia
1511 1842 1578 1875 apud
1592 1843 1682 1869 Cattos
1695 1843 1722 1869 in
1737 1844 1889 1870 consensum
1904 1845 1993 1872 vertit.
2100 1847 2208 1874 Coniux
2220 1847 2347 1876 rariffima

189 1884 215 1908 3,
230 1883 285 1908 1013
306 1875 335 1900 Et
349 1874 422 1908 plani
437 1874 534 1907 raptim
549 1874 615 1906 petit
627 1881 743 1906 aequora
756 1873 850 1907 campi.
915 1872 966 1898 Iste
978 1873 1004 1899 se
1017 1874 1114 1908 raptim
1127 1875 1238 1902 domum
1300 1876 1362 1902 Stat.
1377 1876 1441 1902 Silu.
1456 1884 1478 1909 ς,
1492 1885 1512 1909 1,
1526 1885 1558 1905 ιι.
1630 1878 1703 1913 Conf.
1719 1880 1800 1906 Ouid.
1816 1889 1847 1906 ex
1862 1882 1945 1907 Ponto
1960 1889 1985 1913 2,
1998 1890 2017 1912 3,
2031 1889 2067 1914 55.
2141 1883 2296 1919 Brouckhus.
2313 1883 2348 1910 ad

191 1912 264 1938 suam
279 1910 388 1936 coniicit
402 1909 504 1936 Auctor
518 1907 550 1935 td
566 1909 664 1935 Hercu·
677 1910 752 1940 4›65·
823 1907 979 1948 Conquifita
990 1910 1098 1944 nauigia
1118 1910 1183 1937 Plin.
1194 1912 1238 1937 Pa·
1251 1923 1283 1949 30
1300 1912 1376 1945 Prop.
1400 1920 1420 1944 1,
1447 1918 1471 1944 8,
1485 1921 1523 1943 42.
1632 1914 1760 1941 Cribrurn
1789 1916 1872 1942 Ouid.
1893 1917 1959 1944 Met.
1977 1925 2014 1948 12,
2028 1925 2088 1951 437.
2182 1919 2259 1946 Fides
2277 1920 2348 1950 Hor.

190 1955 250 1980 neg.
264 1955 285 1972 c.
299 1954 339 1978 34.
423 1945 526 1971 Ducere
560 1944 628 1970 Tac.
643 1947 710 1983 Ann.
727 1952 747 1975 1,
763 1945 801 1975 56,
815 1952 839 1971 2.
877 1951 900 1969 ct
925 1943 994 1984 Hist.
1007 1953 1030 1977 3,
1044 1951 1077 1976 18,
1091 1955 1119 1979 4.
1190 1948 1239 1973 Ex·
1301 1947 1390 1974 Carni.
1406 1956 1426 1980 i,
1441 1955 1476 1979 35,
1490 1957 1524 1974 21.
1633 1949 1751 1977 Frutices
1763 1952 1818 1978 rari
1830 1960 1953 1986 apparent
1968 1953 1996 1979 in
2009 1954 2109 1980 vertice
2130 1954 2348 1989 Ouid.Epist.10‚

190 1981 291 2016 stingui
307 1981 375 2008 Tac.
390 1981 458 2007 Ann.
473 1982 509 2011 16,
525 1988 557 2010 13,
573 1988 594 2011 3.
631 1980 696 2005 Frui
711 1985 830 2013 tempore
845 1979 923 2018 *i-ior.
939 1980 1017 2013 Epist.
1029 1989 1054 2012 2,
1067 1990 1092 2013 2,
1106 1987 1149 2013 198
1186 1983 1237 2009 Im—
1299 1990 1339 2015 23.
1448 1984 1541 2010 Gratia
1555 1983 1667 2011 fratrum
1681 1994 1740 2013 rara
1753 1987 1789 2013 est
1819 1987 1900 2014 Ouid.
1914 1989 1979 2015 Met.
1993 1997 2012 2020 ι,
2027 1997 2079 2021 145.
2184 1991 2289 2025 Ingenii
2306 2000 2348 2017 ra·-

191 2018 266 2053 peria
284 2017 382 2051 raptim
399 2021 499 2042 mutata
530 2014 576 2041 Sil.
589 2022 617 2049 7,
629 2022 671 2053 21.¹
774 2015 881 2048 Raptim
896 2015 1003 2053 mittere
1027 2017 1131 2043 Lucret.
1148 2026 1167 2047 i,
1180 2020 1237 2049 663.
1298 2017 1390 2045 riffimi
1404 2017 1487 2045 homo
1507 2020 1565 2046 Seu.
1581 2021 1675 2047 Contr.
1688 2028 1729 2051 23.
1798 2023 1918 2050 Lacrima
1937 2025 2004 2050 Hor.
2019 2025 2142 2058 Carni-4,
2156 2034 2178 2058 1,
2190 2034 2228 2058 34.
2297 2027 2348 2053 La-

192 2053 251 2080 Cic.
265 2053 319 2079 Att.
335 2061 357 2085 2,
374 2060 391 2085 9
418 2050 513 2078 Subito
534 2049 705 2089 quum-mihi
721 2048 824 2090 di-xill‘et
838 2049 969 2076 Caecilius
983 2051 1114 2083 Qaestor
1125 2061 1238 2086 puerum
1299 2063 1370 2088 nugo
1390 2055 1457 2080 Plin.
1472 2060 1496 2087 8,
1511 2063 1551 2090 37.
1646 2057 1747 2084 Literas
1765 2067 1837 2085 raras
1857 2066 1913 2085 tuas
1934 2060 2056 2094 quidem,
2075 2060 2119 2086 sed
2138 2061 2228 2088 suaues
2242 2062 2352 2096 accipio
2368 2056 2370 2060 ⁸
2396 2080 2397 2083 =

192 2089 219 2116 se
232 2089 344 2115 Romam
357 2088 479 2126 mittere,
502 2085 566 2112 haec
579 2084 665 2119 scripsi
685 2091 792 2119 raptim.
1139 2121 1144 2127 .
1208 2121 1226 2127 ..
1253 2098 1282 2124 55
1300 2088 1356 2128 Cic.
1372 2090 1442 2116 Fam.
1457 2099 1479 2122 2,
1492 2100 1520 2117 12
1536 2094 1653 2127 (13)pr.
1744 2093 1829 2120 Locus
1843 2103 1916 2121 rarus
1931 2102 1956 2122 et
1969 2095 2099 2129 angustus.
2141 2097 2197 2124 Cic.
2212 2098 2241 2124 in
2254 2098 2345 2125 Somn.

229 2130 352 2151 RAPTI
363 2130 399 2154 o,
415 2125 483 2149 onis.
523 2121 544 2147 f.
581 2119 720 2159 [o‘e'gmocffaq]
755 2120 825 2160 Ter.
849 2119 961 2160 Adelph.
984 2130 1008 2153 3,
1030 2129 1052 2153 3,
1070 2130 1094 2161 2.
1111 2122 1238 2157 Disperii,
1300 2124 1366 2162 Scip.
1383 2133 1413 2156 14
1432 2125 1511 2150 Vides
1527 2126 1643 2153 habitari
1658 2128 1686 2153 in
1700 2134 1770 2154 terra
1783 2131 1850 2156 raris
1865 2137 1891 2157 et
1904 2132 2018 2166 angustis
2031 2131 2060 2157 in
2072 2131 2157 2158 Locis.
2235 2133 2347 2161 Racemi

193 2159 381 2194 Ctesiphonem
395 2157 488 2184 audiui
501 2156 587 2183 filium
599 2165 651 2182 vna
663 2156 739 2182 fuilse
754 2163 783 2181 in
797 2160 919 2190 raptione
932 2164 990 2181 euni
1004 2156 1143 2183 Aeschino.
1192 2158 1240 2183 Vbi
1300 2160 1376 2192 Virg.
1392 2160 1443 2185 Ecl.
1459 2169 1480 2191 ς,
1495 2167 1521 2193 7.
1627 2161 1705 2187 Retia
1741 2163 1814 2189 Ideni
1827 2166 1892 2191 Aen.
1907 2175 1936 2198 4,
1950 2175 1995 2197 13¹·
2094 2168 2167 2195 Salus
2192 2168 2259 2194 Plin.
2275 2177 2292 2203 7
2315 2178 2344 2203 4.

192 2196 311 2223 Donatus
326 2205 331 2221 :
365 2194 462 2230 Raptio
483 2192 515 2219 ad
537 2193 673 2227 personam
693 2190 809 2218 refertur
824 2201 829 2216 ε
868 2191 968 2224 Rapina
983 2190 1015 2216 ad
1029 2199 1085 2217 rem
1100 2201 1105 2217 c
1142 2192 1240 2225 Raptus
1300 2193 1396 2220 Tediis
1410 2195 1474 2221 raris
1490 2194 1607 2222 habitata
1619 2197 1731 2230 mapalia
1753 2198 1827 2230 Virg.
1841 2200 1938 2232 Georg.
1952 2209 1974 2231 3,
1987 2210 2042 2232 3⁴0-
2136 2203 2269 2234 Quinctil.
2282 2189 2335 2238 9⁹,4

192 2231 226 2258 ad
238 2231 373 2266 stuprum,
386 2229 403 2256 fi
418 2228 513 2265 propie
527 2228 603 2263 loqui
615 2227 749 2254 volumus.
814 2226 857 2255 Sic
864 2226 982 2252 Helenae
994 2231 1083 2260 raptus
1105 2227 1203 2254 Auson.
1213 2227 1242 2252 in
1303 2235 1331 2262 17
1352 2229 1448 2262 Neque
1469 2229 1535 2256 illud
1554 2231 1583 2256 in
1605 2231 1680 2263 Lyfia
1694 2231 1800 2259 dicendi
1814 2233 1933 2260 Textum
1946 2244 2036 2261 rarum
2053 2235 2210 2263 laetioribus
2226 2225 2348 2266 numeri}

190 2267 269 2295 Iliad·
280 2274 324 2302 ΡΥ,
1253 2267 1288 2291 60
1301 2263 1526 2297 corrumpendum
1540 2270 1605 2291 erat.
1707 2267 1806 2294 Turba
1819 2269 1959 2296 rarissima:
1995 2270 2076 2297 Ouid.
2091 2271 2122 2297 de
2131 2273 2291 2305 ArteAu1.:,
2300 2281 2346 2305 28t

226 2309 277 2329 RA
288 2308 303 2329 Ρ
315 2304 328 2329 i
335 2308 406 2333 ΝΛ,
425 2309 464 2327 ae.
491 2300 513 2326 f.
549 2297 694 2335 [δράγμα]
729 2297 774 2325 Ad
783 2306 834 2324 rem
846 2296 958 2331 refertur
971 2308 980 2323 :
1021 2297 1136 2324 Violenta
1159 2307 1240 2324 rerum
1302 2299 1365 2324 Sunt
1388 2304 1475 2323 tamen
1498 2304 1523 2325 et
1548 2298 1640 2325 doctae
1663 2302 1789 2327 rarissima
1820 2304 1918 2330 Turba
1940 2306 2049 2339 puellae.
2152 2308 2274 2343 Raraque
2286 2319 2346 2337 non

190 2337 293 2366 ablatio.
340 2336 420 2364 Nihil
436 2336 551 2370 cogitare
567 2335 614 2361 nifi
627 2335 732 2368 rapinas
748 2333 804 2360 Cic.
818 2333 897 2359 Catil.
911 2342 927 2359 2
941 2343 962 2359 c.
977 2340 998 2366 ς.
1089 2334 1120 2359 Et
1135 2333 1197 2359 Diu.
1212 2333 1241 2358 in
1302 2333 1388 2359 frafio
1402 2334 1517 2366 vestigia
1533 2334 1641 2366 puluere
1657 2335 1771 2369 pendent
1790 2337 1852 2364 Stat.
1866 2339 1958 2365 Theb.
1970 2344 1997 2372 6,
2009 2343 2070 2374 640.
2106 2345 2125 2368 i.
2144 2343 2273 2370 admodum
2291 2349 2344 2372 exi.

191 2375 269 2402 Caec.
284 2382 297 2406 3
330 2374 401 2406 Qas
414 2381 456 2399 res
470 2372 588 2398 luxuries
602 2371 630 2397 in
647 2369 771 2405 flagitiis,
791 2368 930 2395 crudelitas
945 2369 973 2395 in
986 2367 1135 2403 suppliciis,
1154 2369 1239 2395 auari-
1301 2370 1346 2395 lia.
1383 2368 1436 2394 υιίἰ.
1461 2368 1546 2394 Schol.
1576 2370 1637 2396 Vet.
1754 2372 1845 2399 Verba
1862 2373 1966 2400 rariora
1989 2375 2056 2400 Gell.
2072 2381 2104 2406 18,
2115 2382 2137 2406 8.
2240 2380 2344 2407 Vmbm

189 2410 228 2438 ‘ia
243 2410 271 2435 in
283 2409 398 2443 rap-mis⁹
417 2408 540 2442 superbia
554 2407 581 2433 in
594 2405 761 2433 contumeliis
776 2403 879 2431 efficere
894 2405 1022 2439 potuisset.
1094 2405 1166 2430 Caes.
1173 2404 1239 2443 βεΗ.
1302 2405 1377 2438 Virg.
1391 2405 1442 2444 Ecl.
1458 2411 1484 2438 7,
1497 2406 1541 2437 46.
1578 2439 1584 2444 .
1646 2405 1764 2432 Vocibus
1777 2408 1843 2434 raris
1856 2407 1929 2435 hisco
1952 2410 2024 2444 Virg.
2038 2410 2104 2436 Aen.
2119 2420 2140 2442 3,
2153 2420 2205 2445 314.
2273 2415 2343 2443 Vsu·

191 2446 261 2472 Gall.
276 2454 293 2476 1,
310 2452 339 2480 17
363 2444 430 2470 Satis
449 2442 564 2470 habebat
586 2443 613 2468 in
631 2441 777 2476 praesentia
810 2440 911 2466 hostem
936 2440 1037 2475 rapinis
1061 2440 1240 2473 populatioui-
1253 2441 1284 2474 6,-
1302 2441 1358 2466 eius
1372 2439 1511 2467 rarissimus
1531 2439 1662 2472 Quinctil.
1679 2449 1698 2471 1,
1711 2449 1739 2474 ς,
1754 2450 1796 2474 42.

191 2481 294 2515 busque
321 2479 474 2515 prohibere.
576 2478 638 2512 Spes
652 2477 761 2511 praedae
775 2485 804 2501 ac
819 2475 973 2510 rapinarum
991 2476 1048 2502 Cic.
1062 2476 1135 2501 Fam.
1152 2484 1188 2507 12,
1206 2484 1241 2502 12.
1340 2483 1358 2502 R
1372 2482 1393 2502 Α
1406 2483 1425 2502 R
1438 2481 1453 2501 E
1466 2496 1474 2509 ,
1493 2476 1578 2501 melius
1598 2482 1708 2503 RARO.
1730 2477 1798 2503 Adu.
1836 2479 1949 2513 [μανᾶς,
1969 2481 2083 2513 σπανίως,
2104 2480 2227 2516 ὄλιγοέκις]
2263 2483 2347 2510 Colu-

192 2517 283 2544 Τεΐη
295 2516 380 2550 patuit
395 2515 481 2541 inuita
493 2514 600 2548 rapinae
621 2513 782 2548 proserpinae
799 2512 880 2538 Ouid.
895 2513 959 2539 Met,
975 2520 997 2545 ς,
1009 2519 1068 2545 492.
1154 2511 1241 2537 Auida
1304 2511 1364 2538 niel.
1383 2520 1404 2541 2,
1417 2520 1463 2544 9,3
1481 2512 1550 2538 Nam
1565 2511 1613 2537 nifi
1627 2520 1686 2538 rare
1700 2513 1856 2545 conseritur,
1875 2524 1969 2542 vanam
1983 2522 2009 2542 et
2020 2517 2150 2544 minutam
2164 2518 2259 2553 spicam
2271 2519 2348 2547 facit.

192 2552 284 2586 rapina
304 2551 386 2579 Ouid.
404 2550 490 2578 Trist.
505 2559 525 2582 1,
541 2558 573 2585 ιι,
588 2558 622 2582 3ι.
718 2548 812 2582 Ingens
834 2548 896 2573 Stat.
911 2548 1002 2574 Theb.
1021 2556 1059 2579 ιο,
1072 2551 1130 2576 820.
1201 2547 1241 2573 ln·
1303 2547 1364 2578 scd,
1375 2547 1400 2581 Ji
1417 2548 1472 2582 tylis
1486 2545 1518 2580 est
1531 2547 1575 2573 hoc
1588 2546 1713 2574 Aduerbio
1729 2549 1871 2582 Columella,
1883 2550 1940 2586 post
1959 2553 2094 2578 Varronem
2115 2553 2206 2580 demum
2224 2553 2288 2579 illud
2304 2564 2346 2581 or-

193 2587 297 2614 vidiosa
315 2587 398 2614 Ouid.
408 2587 499 2614 Amor.
507 2594 525 2617 1,
539 2591 561 2617 8,
575 2592 612 2618 53.
682 2583 800 2618 Rapina,
821 2592 870 2618 pro
886 2583 959 2610 Loco
973 2584 1021 2610 vbi
1034 2591 1126 2617 rapum
1139 2582 1243 2614 seritur,
1303 2590 1355 2609 tum
1370 2583 1478 2609 videtur.
1532 2583 1572 2610 Sic
1585 2586 1648 2608 enim
1661 2583 1701 2609 illc
1714 2585 1781 2619 opud
1794 2585 1862 2612 Gell.
1876 2594 1898 2617 ε’,
1912 2594 1943 2619 23
1961 2588 2029 2614 Item
2041 2596 2055 2614 a
2064 2588 2256 2624 probusprobe‚
2273 2598 2289 2616 a
2301 2590 2347 2615 do-

193 2622 247 2650 vjsl,
266 2629 392 2649 RAPVM.
1252 2627 1286 2654 70
1304 2618 1361 2644 Hm
1374 2617 1443 2644 doeh
1456 2629 1463 2643 :
1500 2618 1543 2644 sed
1565 2627 1578 2644 a
1597 2628 1672 2645 rarus
1692 2628 1746 2645 non
1766 2620 1866 2648 dicitur
1884 2632 1956 2653 rare,
1975 2623 2018 2649 sed
2036 2623 2085 2650 alii
2097 2633 2155 2650 raro
2172 2624 2278 2657 dicunt,
2296 2625 2347 2652 alii

230 2665 301 2685 RAP
311 2665 319 2683 1
330 2664 353 2684 N
366 2660 388 2685 ,εἰ
399 2664 421 2685 Τ
433 2664 452 2684 o
465 2664 483 2683 R
498 2676 506 2689 ‚
532 2655 596 2683 oris.
636 2664 673 2683 m.
708 2655 863 2690 Antiquom,
882 2657 943 2690 pro'
962 2655 1061 2690 Raptor
1087 2653 1241 2689 vfhrpotum.
1304 2661 1427 2680 ram-nter.
1543 2654 1609 2680 Plin.
1626 2662 1664 2689 17,
1678 2663 1710 2689 27
1729 2656 1856 2683 Caeterac
1885 2658 1972 2684 rarius
1999 2659 2151 2686 tondentur.
2179 2659 2204 2687 h.
2218 2669 2238 2687 e.
2259 2660 2346 2696 Infre-

196 2693 358 2729 [οἶοπακτής]
413 2692 497 2720 Lucil.
512 2691 579 2727 apud
598 2691 673 2718 Non.
687 2699 712 2724 2,
725 2693 777 2723 468
814 2691 904 2717 Homo
918 2691 1067 2724 impudicus
1082 2689 1188 2723 impune
1206 2689 1241 2715 est
1304 2693 1428 2724 quemuis.
1499 2689 1593 2716 Rarius
1615 2690 1718 2716 vimine
1737 2693 1811 2718 tenui
1824 2699 1961 2720 contextus
1974 2695 2057 2720 saccus
2077 2694 2206 2721 Columel.
2221 2704 2246 2727 9,
2262 2704 2296 2728 ις,
2311 2705 2346 2724 12.

197 2720 343 2764 rapinator.
416 2729 490 2764 Conf.
504 2727 620 2762 Gotlvofr.
633 2729 694 2753 Not.
709 2727 743 2753 ad
754 2727 827 2753 Non.
843 2729 860 2752 Ι.
875 2736 896 2753 c.
950 2726 1045 2761 Doti-fite
1056 2726 1110 2752 Rei.
1125 2726 1202 2750 Lucil.
1215 2732 1243 2759 p.
1304 2726 1360 2751 Cic.
1376 2726 1446 2752 Fam.
1462 2733 1505 2759 ¹⁵7
1526 2725 1605 2758 Qiod
1618 2725 1635 2751 fi
1651 2726 1737 2752 rarius
1752 2727 1807 2759 fier,
1819 2737 1898 2763 quam
1911 2735 1938 2755 tu
1951 2729 2124 2763 exspectabis,
2139 2730 2167 2756 id
2180 2731 2231 2757 erit
2245 2732 2347 2765 causae,

196 2775 237 2799 ²7-
315 2766 345 2792 In
376 2764 509 2792 inuidiam
539 2763 647 2790 veniant
678 2762 729 2789 hoc
760 2762 818 2797 ipso
848 2762 1012 2797 rapinatores
1059 2762 1145 2786 Varro
1178 2760 1244 2795 apud
1305 2761 1375 2796 quod
1392 2770 1445 2787 non
1460 2762 1515 2786 cius
1529 2761 1630 2795 generis
1648 2770 1721 2788 meae
1738 2762 1831 2790 literae
1852 2766 1927 2798 sunt,
1945 2772 1973 2791 vt
1987 2774 2028 2791 eas
2040 2765 2149 2792 audeam
2163 2771 2262 2793 temere
2275 2776 2348 2794 com-

196 2801 270 2828 Νοη,
285 2809 306 2833 2,
319 2808 372 2835 753,
1255 2804 1286 2832 73
1305 2797 1419 2823 mittere.
1491 2796 1624 2823 Rarisshue
1643 2797 1761 2825 accidere
1788 2800 1919 2827 Columel.
1933 2808 1955 2833 ς,
1970 2808 1991 2833 5.
2059 2801 2127 2827 Add.
2142 2802 2242 2829 Charis.
2257 2812 2280 2837 p.
2295 2811 2348 2836 193.

232 2844 252 2863 R
261 2843 306 2863 Al>
316 2842 336 2861 γ
346 2843 387 2868 M,
406 2836 426 2862 j,
463 2845 490 2862 ῃ,
526 2834 678 2869 [γσγγύλη]
714 2831 818 2860 Radia-is
839 2832 944 2867 escariae
957 2840 1041 2868 genus.
1079 2831 1145 2857 Plin.
1164 2836 1197 2861 ιε,
1219 2839 1242 2863 13
1304 2834 1371 2858 Haec
1384 2835 1456 2858 friam
1470 2831 1583 2858 cirris-um
1596 2832 1639 2865 tffe
1646 2832 1745 2867 poſjunt
1760 2834 1790 2861 ab
1802 2835 1928 2868 usitatiore
1945 2837 2015 2871 longe
2027 2844 2105 2868 raro,
2127 2841 2196 2863 cuim
2208 2842 2257 2864 iam
2270 2847 2347 2865 exem-

190 2871 248 2908 post
268 2872 345 2898 multa
363 2873 429 2904 alia,
449 2872 552 2898 Genera
573 2879 666 2895 eorum
686 2869 781 2895 Graeci
799 2868 853 2894 duo
868 2869 952 2902 prima
967 2868 1069 2899 fecere,
1089 2867 1242 2897 masculum,
1298 2870 1344 2904 pla
1356 2872 1479 2902 ponimus.
1532 2869 1587 2894 Cic.
1604 2869 1656 2895 Off.
1672 2878 1693 2902 i,
1707 2872 1750 2901 136
1769 2870 1794 2896 Si
1808 2870 1838 2897 ad
1852 2870 1902 2897 hoc
1914 2880 1993 2906 genus
2005 2871 2145 2905 castigandi
2158 2882 2232 2905 saro,
2252 2875 2346 2901 immi·

197 2907 426 2941 femininumque,
447 2912 472 2932 et
494 2914 524 2932 ea
542 2904 645 2932 serendi
667 2903 766 2937 modo,
786 2912 817 2931 ex
830 2904 925 2930 eodeni
937 2903 1044 2929 semine.
1116 2903 1242 2928 Deniiorc
1304 2914 1356 2939 que
1370 2904 1515 2930 veniamus.
1621 2904 1695 2931 Idem
1709 2914 1757 2939 pro
1770 2906 1844 2934 Rosc.
1857 2908 1945 2933 Amet.
1959 2915 1991 2940 37
2003 2915 2024 2932 c.
2039 2915 2060 2938 ¹3
2079 2908 2109 2933 ln
2122 2908 2173 2935 hoc
2187 2914 2275 2942 tanin,
2289 2917 2348 2938 tam

197 2943 270 2970 enim
292 2943 347 2969 satu
369 2942 567 2971 masculescerc,
586 2941 650 2967 item
667 2940 694 2965 in
719 2946 788 2966 terra
807 2938 922 2966 difficili.
958 2940 1051 2965 Scinen
1072 2939 1243 2972 praestantius
1305 2940 1402 2971 atroci,
1423 2946 1474 2965 tam
1496 2939 1618 2972 (iugulari
1639 2940 1786 2971 maleficio,
1807 2942 1880 2977 quod
1898 2943 1934 2969 ita
1951 2950 2012 2968 raro
2030 2944 2144 2977 exstitit,
2162 2951 2190 2971 vt
2204 2945 2222 2971 ii
2238 2945 2347 2980 quando

198 2988 251 3014 quo
265 2978 396 3005 subtilius.
466 2977 568 3012 Species
581 2985 646 3002 vero
662 2975 785 3001 oninium
797 2980 858 3001 tres.
930 2975 982 3001 Aut
997 2975 1067 3001 enim
1083 2975 1110 2999 iu
1125 2974 1241 3000 latitudi-
1255 2978 1286 3004 80
1305 2976 1424 3002 auditum
1447 2975 1491 3007 iit,
1508 2976 1622 3009 portenti
1643 2985 1671 3002 ac
1690 2976 1808 3010 prodigii
1826 2978 1911 3005 simile
1929 2984 2092 3006 numeretur.
2210 2981 2270 3008 Huc
2283 2989 2346 3008 raro

198 3024 258 3040 nem
282 3013 375 3045 fundi,
395 3018 440 3040 aut
466 3012 495 3039 in
515 3011 707 3039 rotunditatem
722 3010 836 3045 globati.
905 3010 1031 3037 Tertiam
1045 3009 1157 3044 speciem
1169 3010 1242 3036 illue·
1305 3012 1333 3038 in
1347 3012 1441 3038 vrbem
1454 3017 1584 3037 commeat
1605 3012 1673 3038 Ter.
1690 3013 1753 3039 Hec.
1769 3021 1789 3046 i,
1802 3021 1827 3045 α,
1842 3022 1895 3040 100.
1967 3015 2034 3040 Hor,
2049 3015 2100 3041 (Μ,
2113 3023 2136 3046 3,
2149 3024 2162 3042 2
2175 3023 2240 3042 Fxo..
2273 3017 2346 3043 Raro

198 3050 275 3076 strem
289 3049 468 3084 appellauere,
487 3047 515 3074 in
532 3047 727 3081 longitudinem
740 3046 828 3073 radice
840 3052 1028 3080 procurrente,
1046 3045 1155 3079 raphani
1173 3046 1241 3072 iimi-
1305 3047 1500 3074 antecedentem
1514 3046 1646 3073 scelestum
1662 3048 1782 3075 Deseruit
1796 3049 1859 3083 pede
1873 3049 1957 3075 Poena
1970 3049 2071 3075 claudo.
2177 3051 2262 3077 Valde
2282 3061 2347 3079 raro

199 3084 329 3117 litudine,
347 3090 372 3111 et
392 3084 461 3110 folio
482 3083 608 3118 anguloso
620 3082 777 3117 scabroque,
795 3082 870 3108 succo
884 3082 939 3108 acri
954 3093 958 3108 :
995 3082 1041 3116 qui
1055 3083 1122 3108 circa
1137 3083 1240 3107 mcli‘em
1304 3083 1423 3109 Scribon.
1436 3091 1475 3116 71.
1584 3083 1638 3109 Cic.
1656 3082 1687 3108 de
1705 3085 1808 3110 Inuent.
1830 3092 1850 3117 ι,
1863 3094 1892 3118 43
1921 3084 2022 3110 Deinde
2043 3090 2135 3112 natura
2158 3087 2214 3113 eius
2236 3088 2346 3114 euenire

198 3126 320 3155 exceptus
344 3119 434 3146 oculos
457 3125 566 3154 purgat,
588 3118 708 3145 medetur
730 3117 837 3151 caligini
860 3117 972 3144 admisto
994 3117 1062 3144 lafle
1088 3117 1240 3143 mulierum.
1304 3119 1386 3153 vulgo
1401 3118 1494 3149 soleat,
1516 3126 1547 3143 an
1564 3118 1706 3145 insolenter
1719 3128 1746 3146 ac
1760 3128 1830 3146 raro.
1901 3121 1985 3147 Varro
1998 3120 2030 3146 de
2043 3121 2072 3146 L.
2089 3122 2117 3147 L.
2132 3126 2156 3153 8,
2170 3131 2203 3155 42
2217 3132 2241 3157 p.
2258 3131 2304 3157 113,
2317 3130 2349 3158 35

199 3169 244 3176 —
278 3156 365 3182 Palma
379 3155 407 3180 in
421 3155 538 3182 Nursmo
551 3163 615 3188 agro
631 3153 811 3185 nascentibus,
824 3160 869 3179 etc.
884 3153 946 3188 fiant
959 3156 1021 3179 cuim
1031 3155 1115 3188 plura.
1171 3154 1242 3179 Mar·
1259 3164 1287 3191 85
1305 3155 1346 3180 Ab
1363 3153 1546 3180 huiuscemodi
1559 3155 1763 3187 cognominibus
1779 3164 1840 3182 raro
1854 3155 2017 3182 declinantur
2030 3157 2196 3190 cognomina.

199 3191 257 3217 rial.
275 3193 342 3223 ι3,ι6
359 3190 452 3225 iocose,
471 3191 541 3216 Haec
554 3190 604 3216 tibi
619 3189 733 3216 brumali
747 3188 890 3224 gaudentia
902 3188 1004 3222 frigore
1018 3197 1080 3223 rapa
1117 3190 1192 3222 Quae
1201 3189 1251 3215 da-'
1342 3197 1359 3215 R
1370 3198 1389 3216 Λ
1402 3198 1419 3216 1<
1430 3189 1442 3215 f
1453 3196 1502 3214 ‘ssi
1513 3198 1539 3219 s,
1560 3190 1617 3215 atis.
1640 3190 1660 3216 f.
1698 3191 1814 3223 [onds-15,
1833 3190 1958 3224 μανότης]
1995 3192 2060 3218 Plin.
2076 3201 2099 3225 2,
2114 3198 2138 3223 18
2157 3194 2279 3228 Namque
2287 3201 2344 3220 rno-

201 3235 274 3258 nius,
294 3228 322 3253 in
335 3226 406 3252 caelo
421 3225 550 3252 Romulus
565 3227 612 3252 effe
627 3226 700 3252 solet.
772 3226 858 3251 Varro
871 3223 903 3250 de
917 3224 947 3250 R.
962 3225 990 3251 R.
1008 3233 1028 3257 1,
1038 3233 1059 3250 ιι
1080 3225 1150 3250 Nam
1164 3233 1193 3250 ex
1207 3225 1243 3251 se·
1305 3224 1340 3250 do
1355 3224 1497 3251 multitudo
1511 3226 1628 3252 conferta
1641 3226 1706 3252 inest
1719 3226 1788 3252 circa
1799 3225 1926 3253 dimidios
1941 3226 2020 3253 orbes
2033 3228 2124 3260 lunae,
2144 3228 2244 3263 placida
2263 3228 2344 3255 noCle

202 3261 273 3286 mine
294 3261 412 3288 brassicae
432 3262 486 3287 sato
505 3261 573 3287 nasci
595 3261 669 3287 nitunt
687 3269 748 3295 rapa
765 3271 770 3286 :
805 3266 830 3286 ct
846 3265 935 3286 contra
951 3269 981 3286 ex
996 3269 1138 3294 raporum,
1158 3259 1243 3286 brassi-
1306 3260 1399 3287 leuiter
1421 3261 1565 3286 illustrante
1584 3269 1645 3287 cas:
1680 3262 1761 3288 modo
1780 3262 1882 3288 raritas.
1986 3263 2121 3290 Mirabilis
2152 3264 2272 3294 raritate,
2290 3264 2344 3290 vid.

203 3305 267 3322 cam.
353 3297 487 3324 Colutnel.
502 3306 524 3328 2,
538 3305 582 3328 10,
596 3305 625 3328 23
654 3297 726 3330 Rapa
737 3296 834 3330 campis
850 3296 876 3321 in
891 3295 955 3322 locis
971 3295 1086 3322 humidis
1099 3295 1243 3326 laetantui-3
1307 3303 1481 3323 miſtrinam.
1551 3296 1617 3322 l’lin.
1632 3306 1671 3329 ιι,
1695 3306 1724 3329 27
1761 3296 1873 3323 Cicadae
1885 3306 1939 3323 non
1952 3299 2093 3327 nascuntur
2105 3300 2133 3327 in
2144 3299 2251 3327 raritate
2265 3299 2346 3326 arbo-

202 3340 284 3365 napus
301 3331 426 3358 deuexam
440 3338 523 3363 amat,
543 3338 568 3359 et
582 3331 670 3358 liccam
684 3332 811 3365 tenuique
824 3331 979 3365 propiorem
999 3338 1096 3358 terram
1111 3342 1115 3357 :
1153 3331 1242 3366 itaque
1257 3342 1292 3367 90
1307 3341 1374 3358 rum.
1402 3343 1420 3359 1.
1444 3332 1491 3358 Vbi
1504 3332 1646 3368 raraesum
1657 3332 1771 3365 arbores,
1792 3339 1815 3358 et
1830 3341 1877 3358 non
1890 3333 1960 3368 densi*
1973 3335 2084 3367 consitae.
2171 3335 2346 3362 Foraminum

202 3366 326 3400 glareosis
347 3368 518 3403 sabulosisque
539 3368 611 3394 aruis
627 3367 723 3393 melior
736 3367 808 3398 exit,
824 3366 931 3401 locique
946 3367 1091 3400 proprietas
1105 3366 1243 3401 Vtriusque
1306 3369 1373 3393 Vitr.
1389 3377 1414 3400 2,
1429 3376 1441 3400 ς
1453 3374 1476 3392 et
1491 3375 1514 3398 9.
1608 3368 1664 3394 Cic.
1678 3367 1709 3393 de
1725 3367 1785 3394 Nat.
1799 3368 1879 3394 Deor.
1893 3377 1918 3400 2,
1934 3372 1976 3401 136
1990 3379 2009 3395 c.
2025 3378 2052 3402 33
2076 3372 2105 3396 ln
2117 3368 2287 3404 pulmonibus
2303 3371 2345 3396 in-

202 3403 288 3428 semen
303 3408 453 3428 commutat.
521 3404 592 3430 Nam
608 3403 635 3429 in
648 3403 702 3429 alio
715 3403 771 3428 solo
785 3410 846 3436 rapa
859 3402 970 3428 biennio
984 3403 1035 3429 sata
1049 3408 1242 3429 conuertuntur
1306 3404 1342 3428 cst
1361 3404 1451 3430 raritas
1471 3403 1617 3436 quaedam,
1638 3409 1663 3430 et
1684 3402 1798 3429 amuulis
1817 3403 1933 3438 spongiis
1954 3405 2096 3439 mollitudo
2115 3404 2147 3431 ad
2167 3404 2345 3435 hauriendum

203 3438 231 3464 iu
246 3446 341 3471 napum
352 3457 359 3469 ,
378 3437 406 3463 in
419 3438 471 3464 allo
486 3448 567 3473 napus
579 3447 703 3473 raporum
716 3438 810 3472 accipit
831 3438 952 3471 speciem.
1047 3437 1185 3464 Adriuncti
1207 3439 1243 3463 sc·
1304 3440 1426 3473 spiritum
1439 3438 1573 3472 apullima.

204 3472 307 3498 ditione
321 3472 430 3507 quadani
443 3482 504 3506 rapa
516 3474 544 3498 in
557 3484 616 3500 eum
630 3473 697 3501 iacta
710 3475 769 3500 sunt
795 3473 864 3499 Suet.
881 3474 956 3508 Vesp.
970 3482 991 3498 c.
1004 3482 1032 3505 4.
1128 3474 1241 3508 Mcmph.
1342 3482 1360 3501 R
1370 3482 1391 3501 Α
1404 3482 1421 3501 R
1434 3482 1440 3499 i
1454 3479 1476 3500 T
1488 3475 1506 3499 κ’*
1518 3479 1536 3499 D
1547 3479 1568 3500 ο
1577 3493 1585 3506 ,
1611 3473 1673 3500 inis.
1711 3474 1731 3499 f.
1769 3473 1919 3510 [ἐραιότης]
1956 3475 2024 3503 Idem
2036 3475 2099 3510 quod
2111 3476 2226 3502 Raritas.
2262 3477 2345 3503 Colu-

202 3509 304 3542 Rapum
320 3510 406 3535 Seneca
418 3508 495 3539 dixit,
514 3510 579 3543 quod
590 3513 616 3535 in
628 3513 709 3545 capite
723 3509 817 3536 radicis
830 3508 920 3538 haeret,
941 3515 964 3534 ee
972 3507 1176 3543 sustinet-fibras,
1190 3513 1243 3543 qui·
1257 3517 1288 3543 93
1306 3510 1367 3536 niel.
1383 3510 1415 3536 de
1427 3509 1576 3535 Arboribus
1587 3517 1610 3541 3,
1623 3517 1642 3544 7
1664 3509 1693 3535 Et
1706 3508 1835 3535 mediocri
1850 3511 1998 3538 raritudine
2012 3511 2111 3545 optima
2126 3511 2162 3537 est
2176 3511 2276 3538 vitibus
2291 3518 2344 3540 ter-

202 3544 246 3570 bus
260 3543 357 3569 ardoris
376 3543 451 3569 rotlix
471 3545 606 3570 ..uoluitur
620 3556 627 3570 .·
662 3545 740 3579 Epist.
754 3550 785 3578 87
805 3545 979 3577 Magnarum,
996 3546 1096 3579 inquit,
1116 3543 1243 3570 arborum
1305 3554 1342 3572 ra.
1457 3546 1543 3570 Varro
1557 3545 1589 3571 de
1602 3545 1632 3571 L.
1645 3545 1674 3571 L.
1691 3553 1718 3577 4,
1733 3553 1764 3576 29
1780 3545 1887 3572 Dic‘hnn
1904 3553 1960 3573 rete
1971 3555 1985 3573 a
1997 3545 2151 3573 raritudine.

203 3583 310 3605 truncos
334 3578 491 3605 circumcisis
512 3580 591 3604 ramis
617 3587 641 3606 ct
663 3581 695 3607 ad
712 3589 795 3607 vnum
813 3579 925 3606 redactis
939 3579 1030 3614 pedem
1046 3588 1105 3604 cum
1119 3588 1183 3613 rapo
1197 3581 1242 3606 suo
1344 3586 1418 3607 RAR
1429 3587 1475 3605 EN
1489 3586 1510 3606 T
1522 3586 1538 3605 E
1550 3586 1580 3606 R.
1621 3579 1688 3606 Adu.
1725 3579 1862 3615 [σπανίως]
1900 3582 1967 3608 Idem
1984 3580 2050 3616 quod
2069 3582 2148 3608 Raro.
2186 3583 2254 3609 Gell.
2268 3592 2297 3615 2,
2312 3591 2344 3615 κς

205 3614 354 3646 transtulit,
374 3613 514 3648 amputatis
537 3615 684 3648 radicibus,
705 3616 800 3644 relicto
822 3621 924 3642 tantum
946 3615 1030 3650 capite
1054 3614 1126 3649 ipso,
1143 3623 1174 3641 ex
1189 3625 1243 3650 quo
1308 3617 1329 3642 A
1343 3624 1415 3642 rarus
1429 3625 1481 3641 non
1495 3615 1594 3642 dicitur
1609 3624 1683 3647 rare,
1702 3615 1747 3641 scd
1761 3615 1807 3642 alii
1822 3626 1883 3644 raro
1895 3617 1998 3647 dicunt,
2017 3617 2065 3642 alii
2076 3623 2203 3644 rarenter.
2275 3619 2343 3644 Cato

204 3648 266 3675 illac
279 3649 460 3683 pependerant.
1310 3659 1353 3683 103
1373 3652 1440 3676 Dato
1454 3657 1572 3678 rarenter
1584 3650 1684 3677 bibere.
1755 3651 1872 3680 Macrob.
1886 3654 1985 3679 Saturn.
2003 3658 2030 3685 7,
2045 3660 2081 3679 12.
2153 3653 2226 3689 Cous.
2237 3653 2293 3680 Cic.
2301 3660 2342 3689 ap.

241 3691 259 3709 R
270 3691 358 3713 111121,
388 3694 426 3710 ae.
460 3684 479 3710 f.
518 3684 667 3718 [γςγγύλη]
705 3687 780 3713 Idem.
817 3685 950 3713 Columcl.
973 3694 1005 3716 11,
1018 3694 1041 3718 3,
1056 3687 1091 3711 16.
1129 3689 1159 3712 it.
1181 3686 1198 3711 s.
1214 3694 1244 3718 59
1254 3696 1299 3714 100
1308 3687 1408 3714 Charis.
1430 3696 1453 3720 p.
1480 3695 1531 3718 193.
1603 3686 1674 3712 Nou.
1698 3694 1724 3717 2,
1746 3693 1796 3721 731.
1869 3687 1934 3715 Gell.
1946 3695 1970 3719 3,
1993 3695 2025 3718 ¹3-
2061 3695 2084 3716 ec
2104 3696 2143 3722 ιο,
2156 3695 2190 3721 15.
2262 3689 2342 3724 Apul.

204 3719 298 3754 Napus
313 3726 337 3745 ct
350 3729 409 3753 rapa
423 3719 485 3745 duas
501 3720 610 3745 sationes
623 3720 733 3754 liabent,
748 3729 773 3748 ct
787 3722 894 3749 eandem
910 3722 1037 3748 culturam
1052 3730 1129 3755 quain
1145 3721 1242 3754 Rapha-
1306 3723 1375 3750 Flor.
1389 3731 1407 3754 4
1428 3731 1451 3756 p.
1466 3730 1516 3753 343.
2002 3739 2005 3743 -
2348 3735 2352 3739 «

204 3764 262 3781 nus.
356 3756 386 3780 Et
401 3758 434 3781 62
458 3755 543 3789 Rapae
559 3756 655 3780 semina
670 3756 789 3791 Hyginus
804 3764 876 3792 putat
891 3758 946 3792 post
961 3757 1081 3783 trituram
1099 3757 1243 3783 iacentibus
1345 3764 1363 3783 R
1378 3765 1397 3783 Λ
1411 3765 1428 3783 R
1439 3764 1456 3783 ο
1467 3777 1475 3788 ,
1501 3761 1554 3783 sire.
1587 3755 1715 3790 [ἐραιᾶω]
1758 3759 1850 3785 Rarum
1875 3757 1971 3792 facere.
2021 3756 2096 3784 Cuius
2127 3757 2257 3794 composita
2280 3759 2344 3795 sunt

205 3790 289 3817 adhuc
308 3789 335 3816 in
349 3798 406 3815 area
420 3790 498 3823 palcis
512 3791 623 3824 inspergi
636 3790 740 3817 debere.
844 3794 938 3820 Semen
951 3801 1027 3826 rapae
1051 3792 1170 3818 Scribou.
1188 3795 1243 3826 ¹76·
1306 3794 1430 3822 nisi-aro,
1452 3799 1477 3818 et
1489 3793 1633 3824 interr-aro,
1653 3793 1719 3827 quod
1736 3792 1768 3825 ist
1787 3795 1819 3821 In
1837 3793 1912 3820 medio
1931 3801 2015 3818 rarum
2025 3792 2115 3828 facio,
2135 3803 2180 3829 quo
2193 3795 2342 3822 Columella

207 3833 263 3860 ¹77·
368 3825 438 3858 Rapa
451 3825 519 3850 (luffa
532 3826 563 3857 ql!
573 3845 580 3856 ,
611 3826 618 3851 i
632 3826 752 3852 credimus
764 3827 857 3854 turicum·
873 3828 988 3858 Varroni
1001 3827 1033 3853 de
1041 3827 1070 3852 L.
1084 3827 1113 3852 L.
1130 3837 1156 3859 4,
1174 3836 1205 3854 22
1220 3837 1243 3861 p.
1304 3840 1329 3864 4,
1339 3838 1369 3860 32
1384 3831 1473 3854 utitur.

205 3867 244 3891 28,
259 3869 291 3898 ¹4,
307 3859 378 3894 quali
407 3861 511 3894 Ruapa,
530 3870 584 3895 quo
628 3867 717 3888 rueret
746 3870 761 3887 e
792 3871 862 3891 rure.
977 3863 1075 3890 Lutosa
1087 3871 1165 3898 rapa,
1189 3863 1242 3891 υιίί.
1252 3869 1297 3896 105
1339 3870 1440 3892 RARE
1451 3869 1468 3891 F
1479 3861 1543 3890 lici
1556 3869 1592 3896 0,
1622 3863 1676 3890 ere.
1713 3862 1875 3900 [οἷραιοπωῧ]
1911 3861 2041 3892 Columel.
2057 3870 2078 3897 ς,
2091 3872 2117 3897 9,
2130 3872 2146 3891 α.
2181 3866 2240 3894 Hoc
2253 3870 2340 3892 antem

204 3902 331 3925 Lv'i'vm.
1963 3938 1968 3939 .
2265 3901 2340 3929 facile
