2434 4156
272 104 336 152 167
606 95 915 138 -REP

273 193 352 214 ωας,
367 190 459 217 cupere
471 183 586 212 videare.
691 185 865 218 Ferocitatem
879 183 989 210 alicuius
1016 182 1071 209 Cic.
1086 181 1138 208 Off.
1155 186 1224 211 2,4o
1237 188 1258 205 c.
1267 187 1298 205 ii.

272 221 345 248 Fla-zu
360 218 468 252 reprimi
484 229 515 246 ne
531 219 594 254 quid
607 219 750 247 scribamus
770 221 825 246 Cic.
840 221 969 251 Att.11‚.5.
1014 218 1137 244 Fluuium
1156 213 1301 240 redundan.

273 262 324 280 teni
344 253 416 280 Idem
429 254 460 280 de
473 256 563 282 Diuin.
581 264 606 287 z,
619 258 661 287 69.
732 256 859 281 Furorem
873 253 1032 280 exultantem
1057 253 1111 278 Cic.
1129 258 1177 282 pro
1191 249 1258 275 Sext.
1270 257 1301 289 95

274 298 294 314 c·
310 296 354 322 44·
434 290 568 317 Genutuiii
582 291 680 316 virtute
706 289 785 315 Ouid.
798 290 861 315 Met.
876 298 900 321 9,
915 291 964 320 163.
1070 289 1198 318 Impetum
1210 283 1302 318 populi

273 325 329 350 Cic.
343 324 374 350 de
386 324 476 359 Legib.
490 335 512 358 3,
527 334 555 360 '⁶7
571 335 591 351 c.
608 333 641 350 12.
1103 356 1106 358 .
1122 355 1126 359 .

273 359 329 385 Cic.
345 361 395 387 itit.
412 369 449 393 1),
465 371 472 387 1
495 361 666 387 Dubitauerat
680 358 797 386 nostrum
812 367 901 390 nemo,
913 360 979 393 quin
991 358 1082 385 Caesar
1096 357 1193 381 itinera
1206 354 1303 388 repres-

274 394 346 422 sisset.
416 398 560 431 Liquorem
575 395 734 428 reprimere,
753 402 811 419 cum
824 394 883 420 satis
898 394 984 420 visum
998 393 1078 419 fuerit
1093 390 1198 421 fluxiffe,
1211 400 1222 430 e
1236 392 1303 415 nari-

273 429 317 456 bus
337 431 453 458 scribon.
468 437 489 461 8.
559 430 614 456 Cic.
628 430 680 455 Att.
696 440 717 461 4,
730 437 753 459 ις
773 429 850 455 Nunc
862 429 1004 464 reprimam
1017 427 1157 460 susceptam
1170 425 1301 459 Obiurga-

275 464 385 494 tionem.
476 465 554 492 Pestis
573 464 634 491 haec
649 463 724 498 Reip.
739 464 878 498 paullisper
893 464 1017 499 reprimi,
1037 470 1090 487 non
1103 460 1131 487 in
1145 468 1301 496 perpetuum

275 503 415 536 comprimi
428 501 511 537 potest
536 500 590 526 Cic.
605 500 661 526 Cat.
679 508 697 530 i,
712 507 749 530 30.

275 548 302 572 2,
314 543 368 571 3-3.
437 539 492 563 Cic.
508 537 581 562 Verr.
595 542 618 568 5,
631 542 661 569 73
682 538 721 560 rit
737 534 765 560 in
777 543 809 561 eo
821 535 932 569 gemitus
945 533 1065 560 omnium
1079 538 1103 559 et
1115 532 1229 564 clamor,
1242 540 1302 558 cum

275 567 362 602 tamen
376 582 390 599 a
403 571 530 606 praesenti
543 570 669 604 supplicio
682 577 728 596 tuo
740 571 764 595 se
777 569 908 596 continuit
925 570 986 603 Pop.
1002 569 1079 595 Rom.
1092 573 1117 594 et
1129 567 1256 602 repreffit‚
1277 572 1303 593 et

274 609 362 637 salutis
374 610 433 635 suae
447 607 575 634 rationem
589 604 709 631 Indicum
720 604 848 631 celeritati
863 603 1016 631 reseruauit.
1083 603 1149 630 Plin.
1166 604 1195 630 in
1210 604 1302 637 Paneg.

276 651 303 678 83
328 645 368 671 Est
387 642 570 677 magnificum,
590 640 660 675 quod
681 647 706 666 te
727 639 759 666 ab
772 640 845 666 omni
860 639 1015 673 contagione
1027 638 1159 666 vitiorum
1170 638 1304 673 reprimis,

275 690 304 708 ac
317 687 424 708 reuocas
438 689 443 703 :
478 675 520 703 secl
533 675 738 710 magnificentius
747 694 754 706 ,
774 675 844 710 quod
858 681 925 701 mOS.
973 679 975 682 '

310 724 329 743 R
338 722 353 741 i:
363 722 377 741 P
387 721 422 741 ιιι
434 721 455 739 M
466 720 480 738 E
491 720 509 738 N
520 720 548 743 s,
567 711 642 737 entis.
678 711 769 737 Partic.
804 709 984 745 Reprimentia
1001 709 1190 742 medicamenta,
1207 715 1237 736 vt
1249 717 1306 736 ver-

275 751 374 783 benae,
394 756 434 785 ap.
449 747 514 773 Cels.
529 755 556 778 3,
571 751 605 777 18.
722 780 728 785 ⁵
1041 780 1048 785 .
1279 779 1284 784 Ι

312 793 328 812 ιι
338 793 354 812 E
362 794 376 812 i>
386 792 404 810 R
414 791 428 810 E
436 790 448 809 s
458 790 470 810 s
481 791 498 808 v
509 790 532 813 s,
545 790 569 814 a,
584 790 637 808 um.
659 782 753 807 Partic.
772 780 982 814 [κατεςαλμένοε]
1017 781 1072 807 Cic.
1081 788 1129 814 pro
1137 780 1205 814 Lege
1213 779 1306 806 Maml.

277 830 301 854 ¹3
314 830 354 853 c.5
374 820 481 846 Tamen
495 818 607 851 impetus
620 816 734 843 hostium
747 817 871 850 repressos
885 816 932 843 else
945 815 1097 850 intelligunt
1109 824 1138 842 ae
1151 814 1307 843 retardatos.

274 858 343 891 Fuga
356 855 465 890 repressa
485 853 539 880 Cic.
555 854 607 880 Att.
619 860 636 887 7
645 872 653 883 ‚
665 854 707 878 26.

311 900 329 919 κ
341 898 380 918 Ei>
391 896 409 917 R
423 895 437 916 Ε
450 897 462 916 s
472 896 483 914 s
493 895 517 915 Ε.
537 888 604 915 Adu.
642 887 708 913 Gell.
723 895 758 917 12,
772 895 794 913 11
817 886 960 921 Repreffius
977 885 1171 920 pudentiusque
1191 883 1308 920 peccabi-

273 933 325 955 tur.
360 928 390 952 αΙ.
405 923 562 960 Supprejffius.
617 923 699 957 Agere
723 922 854 949 Ammian.
867 930 911 955 29,
927 931 966 956 14.

310 969 328 988 R
337 968 353 987 i?
362 970 377 988 Ρ
387 968 405 987 R
414 968 430 986 E
440 967 452 987 s
460 967 472 986 s
483 968 501 985 o
511 967 528 986 R
537 979 546 991 ,
564 959 628 985 oris.
648 966 684 984 m.
719 957 916 990 [καταςαλτῆς]
951 956 1007 983 Cic.
1021 965 1069 991 pro
1082 956 1151 982 Sext.
1167 964 1217 989 ¹44
1228 965 1250 981 c.
1258 955 1305 982 vlt.

275 997 466 1024 Exstinc‘iorem
479 993 615 1020 domestici
629 992 779 1023 latrocinii,
795 993 964 1027 repressorem
978 991 1062 1017 caedis
1076 991 1257 1026 quotidianae,
1265 990 1307 1017 de-

273 1034 404 1060 fensorem
417 1029 576 1064 templorum
588 1035 668 1064 atque
681 1028 822 1061 tectorum,
832 1035 877 1054 etc.

272 1075 295 1100 8.
326 1067 354 1093 de
368 1067 473 1093 Iuliano.
763 1084 766 1089 ,

308 1110 327 1129 R
335 1109 351 1129 E
363 1108 378 1128 i>
387 1108 406 1127 R
416 1099 435 1128 O
443 1107 459 1128 B
470 1106 489 1127 0
499 1120 508 1133 ,
527 1103 580 1126 ΞΓΕ.
617 1097 730 1132 [οἷῧρτέω
738 1117 747 1131 ‚
762 1095 931 1133 οἷποδὶικιμοίξω
944 1097 1023 1124 Gloss-
1038 1098 1094 1125 Lat.
1111 1098 1176 1132 Gn]
1211 1099 1306 1132 Impro-

272 1139 344 1168 bure,
361 1139 469 1164 reiicere.
510 1133 667 1161 laudabatur
682 1136 739 1161 otim
752 1134 807 1160 Cic.
822 1134 900 1160 Acad.
913 1144 942 1166 4,
955 1142 972 1166 4
1000 1134 1055 1166 Qui
1079 1142 1162 1168 quum
1191 1133 1305 1159 Zenonis

272 1174 359 1202 fuisset
372 1171 486 1202 auditor,
498 1169 653 1205 reprobauit
666 1178 704 1201 ea,
716 1178 782 1204 quae
795 1169 840 1196 ille
855 1169 953 1201 verbis,
973 1169 1051 1195 Nihil
1064 1169 1112 1195 else
1125 1168 1236 1198 bonum,
1255 1168 1304 1194 nisi

270 1210 406 1238 virtutem.

271 1244 342 1273 aim.
379 1243 444 1270 Idem
458 1241 580 1268 acciderat
605 1241 661 1268 Cic.
670 1241 702 1267 de
711 1240 796 1268 Amic.
809 1249 843 1274 24
854 1249 875 1267 c.
889 1248 906 1275 7
931 1241 1016 1275 Atque
1029 1239 1078 1266 hoc
1092 1239 1199 1275 quidem
1213 1248 1304 1266 omnes

271 1280 395 1307 mortales
407 1284 432 1304 et
448 1277 614 1311 intelligunt,
633 1281 659 1302 et
675 1285 703 1303 re
719 1275 840 1311 probant.
877 1277 963 1311 Itaque
975 1277 1134 1311 relinquitur,
1153 1274 1305 1311 quodsi-iam

262 1316 334 1353 filus
362 1314 428 1340 locus
463 1312 519 1338 cic.
532 1313 563 1337 de
577 1311 665 1337 Finib.
680 1320 700 1343 i,
712 1320 741 1343 23
760 1321 781 1338 c.
796 1321 809 1344 7
846 1311 991 1338 Confirmat
1004 1310 1091 1338 autem
1107 1311 1174 1337 illud
1192 1312 1234 1337 vel
1249 1319 1302 1337 ma-

271 1350 358 1381 xime,
379 1346 449 1382 quod
462 1347 515 1381 ipsa
529 1352 636 1377 natura,
650 1351 679 1371 vt
693 1346 730 1372 ait
744 1346 803 1378 ille,
821 1347 924 1373 asciscat
938 1352 963 1372 et
978 1347 1119 1381 reprobet,
1134 1346 1162 1373 id
1175 1345 1210 1373 est
1226 1346 1304 1382 (for-

270 1393 295 1414 te
308 1387 354 1421 leg.
367 1383 432 1415 esse)
451 1381 611 1416 voluptatem
625 1386 650 1406 et
664 1380 793 1406 dolorem.

271 1420 404 1456 mflimum:
421 1427 466 1453 quo
484 1426 527 1443 nec
545 1415 713 1448 Lucretium,
730 1414 892 1450 Virgilium,
911 1416 1069 1449 Horatium,
1088 1416 1234 1448 Ouidium,
1254 1417 1305 1442 Va-

711 326 778 351 Iram
793 323 905 357 repreffit
919 324 1019 358 pudore
1038 320 1117 348 Ouid.
1132 321 1195 346 Met.
1208 328 1217 346 1
1226 339 1234 351 ,
1246 326 1301 353 755·
1323 327 1338 353 ς
1364 322 1437 348 tione
1450 324 1616 356 comprobata
1630 323 1688 349 sunt
1701 323 1762 348 haec
1778 321 1856 348 verba
1866 340 1872 351 ‚
1882 321 1932 347 Res
1943 326 1998 349 tuas
2011 323 2059 350 tibi
2074 323 2178 350 habeto.

949 1026 1134 1054 Tributorum
1150 1027 1260 1061 Eutrop.
1270 1035 1307 1059 10,
1330 1026 1648 1068 &respuam-aspernari.

477 1206 522 1233 Sed
543 1205 587 1232 diu
612 1203 661 1238 est,
678 1215 730 1232 cum
751 1204 817 1232 reste
834 1205 870 1232 ibi
883 1205 979 1235 editur,
998 1205 1035 1231 Re
1047 1204 1188 1239 probauit,
1207 1204 1303 1230 disiun-
1316 1216 1349 1241 30
1365 1206 1521 1245 Nomputo,
1536 1203 1684 1239 repudiabis
1697 1205 1725 1231 in
1736 1206 1846 1237 honore,
1858 1215 1937 1240 quem
1951 1206 1979 1232 in
1991 1207 2109 1241 periculo
2121 1206 2250 1242 recepisti.

865 1380 906 1413 1}st
912 1381 976 1415 sane
989 1382 1087 1408 verbum
1099 1382 1160 1407 bona
1172 1388 1251 1408 aetate
1264 1391 1304 1407 ra·
1320 1390 1349 1418 35
1365 1382 1504 1417 repudiare
1518 1381 1693 1417 aequissimam
1724 1381 1781 1408 Cic.
1793 1388 1843 1415 pro
1855 1380 1949 1413 Qiint.
1962 1381 1998 1412 46
2016 1388 2038 1405 c.
2052 1388 2092 1413 14.

1724 89 1759 130 R
1811 64 1874 131 Ἐ
1964 93 1993 134 Ρ
2319 96 2381 145 168

1362 180 1440 212 benc,
1457 179 1529 215 quod
1542 188 1557 207 a
1572 185 1643 214 parte
1656 179 1797 207 accusantis
1809 178 1857 212 (v.
1870 188 1895 215 g.
1907 180 2075 215 repudiatae)
2095 179 2210 208 defensio
2223 179 2259 207 est
2276 179 2320 217 (se
2335 190 2381 210 mm

1361 215 1519 250 commeruisse
1531 216 1678 252 repudium)
1699 222 1724 242 et
1738 213 1900 242 defendentis
1919 216 2059 252 (repudium
2074 227 2086 242 u
2112 227 2123 243 e
2135 214 2243 250 miffurn)
2261 217 2383 245 accusatio

1362 251 1470 284 (uxoris
1483 261 1553 288 quam
1566 251 1733 286 repudiauit).
1838 249 1955 277 Libellus
1967 252 2071 287 repudii
2108 252 2184 286 Vulg.
2200 250 2292 278 Matth.
2304 260 2341 285 19,
2357 259 2382 288 7.

1363 287 1443 313 Gaius
1455 287 1472 313 l.
1484 296 1496 312 2
1512 285 1533 323 §.
1542 295 1557 314 2
1576 289 1606 314 D.
1620 287 1652 313 de
1664 285 1789 313 diuortiis
1802 291 1828 312 et
1841 286 1967 319 repudiis,
1984 288 2015 314 In
2029 287 2160 322 repudiis,
2181 287 2199 313 i.
2208 295 2231 313 e.
2244 287 2382 349 Rtnfflg‘h:

2249 323 2309 348 Item
2335 331 2374 350 aec

1364 357 1440 384 Tuan
1453 366 1492 383 res
1504 357 1555 385 tibi
1567 359 1646 393 agito.
1684 359 1715 384 In
1728 356 1888 392 sponsalibus
1922 370 1966 376 —-
2001 358 2064 385 Tua
2085 359 2238 385 conditione
2252 365 2305 383 non
2317 340 2384 386 vtori
2406 387 2408 391 ‚

1364 392 1437 454 Cossf.
1452 392 1542 420 ifidor.
1556 403 1581 427 9,
1594 399 1616 424 8.
1722 392 1868 428 Repudium
1876 392 1985 418 Verrius
1998 393 2035 420 ait
2048 393 2148 420 dieium
2161 392 2233 427 quod
2248 391 2276 418 fit
2290 392 2384 422 obrem

1363 436 1397 460 pu
1416 427 1517 454 endam.
1537 430 1633 457 Festus.
1701 428 1822 463 Repudio
1836 427 1916 454 eieoa
1935 427 1995 453 Ace.
2007 436 2046 463 ap.
2060 430 2179 456 eundem.
2256 428 2385 461 Papinian.

1365 462 1383 488 l.
1404 467 1418 492 8
1441 463 1473 489 D.
1493 463 1524 489 de
1545 464 1675 492 Diuortiis
1694 470 1719 491 et
1737 463 1827 498 repud.
1862 463 1944 489 Diuus
1957 463 2101 491 Hadrianus
2116 473 2190 495 eum,
2211 463 2257 497 qui
2277 463 2385 492 ahenam

820 499 913 525 Pedem
927 497 1040 533 repressit
1052 502 1123 523 retro
1146 497 1222 531 Virg.
1237 497 1301 522 Aen.
1318 503 1349 523 10
1365 505 1474 524 vxorem
1500 507 1531 524 ex
1548 501 1642 526 itinere
1665 499 1773 526 domum
1796 500 1865 525 suam
1882 498 2003 529 duxisset,
2022 504 2048 526 et
2061 500 2121 526 inde
2136 498 2232 527 marito
2246 498 2300 524 cius
2314 507 2386 533 tepu-
2414 509 2415 515 ¹

1366 531 1438 558 dium
1464 533 1535 567 (fine
1552 534 1622 561 dubio
1635 538 1729 562 nomine
1748 535 1878 568 mulieris)
1895 534 2012 566 misisset,
2030 534 2059 560 in
2079 535 2225 563 triennium
2254 533 2385 568 relegauit.

1364 566 1512 601 Repudium
1527 570 1607 596 alicui
1619 571 1752 598 remittere
1773 571 1842 596 Ter.
1856 569 1959 596 Phorin.
1973 576 1996 601 ς,
2008 571 2034 602 6,
2045 578 2081 603 35.
2171 570 2278 596 Dicitur
2289 574 2315 595 et
2327 569 2386 596 Mit-

1365 607 1421 628 tere
1434 604 1579 637 repudium.
1620 606 1686 632 Add.
1702 606 1781 632 Plaut.
1794 605 1854 632 Aul.
1867 614 1937 639 4,10‚
1947 607 1988 637 69.
2030 604 2087 632 Vid.
2095 603 2194 641 post,in
2208 611 2227 631 R
2235 611 2251 631 ιε
2259 609 2274 629 i>
2282 611 2302 630 v
2312 610 2386 633 D10.

1366 636 1513 671 Repudium
1526 642 1680 667 renunciare
1697 642 1766 668 Ter.
1779 641 1884 667 Phorm.
1898 650 1926 673 4,
1938 648 2008 674 3,73.
2122 640 2235 675 Metaph.
2271 639 2387 674 Plerique

1323 678 1348 705 15
1366 672 1505 707 naufragio
1517 674 1623 702 liberati
1636 677 1730 703 exinde
1741 678 1880 712 repudium
1893 682 1917 702 et
1929 676 1991 701 naui
2003 680 2028 702 et
2040 675 2107 703 mari
2120 676 2210 703 dicunt
2228 674 2345 702 Tertull.
2357 674 2388 703 de
2411 681 2413 690 ⁴

1365 708 1467 735 Poenit.
1487 718 1508 735 c.
1541 729 1548 736 .

1404 751 1423 770 R
1432 750 1448 770 E
1458 749 1474 770 Ρ
1484 751 1505 770 ν
1512 717 1539 770 D⁷
1539 752 1548 770 1
1558 751 1587 778 o,
1600 749 1652 773 are.
1688 745 1851 780 [ἰποκέμπω,
1863 746 1962 778 dmum,
1970 744 2127 779 οἷφοσιόομαι]
2161 745 2388 773 Matrimonium&-

1368 782 1456 806 rimere
1469 789 1498 805 ac
1514 779 1635 808 dimittere
1648 790 1662 806 a
1666 781 1694 816 se
1707 785 1838 818 coniugem.
1874 784 1979 808 Sueton.
1990 782 2016 807 in
2025 781 2094 807 Caes.
2103 790 2124 806 c.
2134 789 2144 806 1
2166 781 2261 815 Neque
2276 786 2302 807 vt
2316 789 2387 815 repuq

1370 814 1453 841 diaret
1467 814 1541 841 illam
1553 816 1674 850 compelli
1686 825 1700 842 a
1713 817 1848 844 Dictatore
1861 817 1931 844 Sulla
1945 817 2001 843 vllo
2016 817 2095 842 modo
2110 816 2204 850 potuit.
2308 816 2389 851 Repu-

1322 858 1357 877 20
1370 850 1426 876 diat
1439 853 1511 877 etiam
1524 853 1640 878 maritum
1652 860 1723 878 vxor.
1759 852 1887 886 Qsmffll.
1901 861 1927 887 7,
1935 857 1981 884 8‚2
2000 853 2078 886 Saepe
2093 850 2224 878 secubanti
2235 851 2390 880 amatorium

1370 885 1455 917 dedit,
1473 886 1584 912 eundem
1607 886 1764 921 repudiauit.
1864 888 1966 922 leian.
1986 888 2004 913 l.
2023 897 2041 921 4
2060 888 2098 913 De
2112 886 2254 919 diuortiis,
2277 887 2390 915 Iulianus

1369 922 1388 949 l.
1406 926 1430 951 18
1450 921 1616 956 Digestorum
1629 922 1746 956 quaerit,
1767 931 1800 948 an
1812 923 1910 949 furiosa
1923 923 2061 958 repudium
2075 924 2189 953 mittere,
2203 921 2246 948 vel
2259 921 2391 956 repudiari
2414 937 2415 946 ι

1369 956 1443 992 poffit
1462 967 1467 983 :
1503 963 1529 984 et
1550 956 1641 984 scribit
1661 957 1786 984 furiosam
1807 958 1940 993 repudiari
1958 960 2024 993 poss‘e
2040 970 2045 984 :
2081 958 2221 992 repudiare
2239 963 2324 983 autem
2337 966 2391 986 non

1369 992 1448 1027 posse,
1462 999 1508 1019 etc.
1698 990 1757 1055 42
1791 993 1938 1027 Repudiare
1966 996 2043 1021 latius
2069 1000 2156 1029 patet,
2176 1000 2204 1019 vt
2216 992 2253 1027 fit
2273 992 2391 1029 rebusare,

1729 1036 1766 1055 er.
1781 1029 1861 1055 Andr.
1874 1039 1908 1062 4,
1919 1032 1952 1062 4,
1967 1038 1994 1056 12
2029 1029 2151 1064 Repudio
2171 1028 2307 1055 confilium
2318 1028 2389 1063 quod

1773 1063 1847 1091 Idem
1860 1064 1933 1090 Adel.
1947 1073 2028 1099 5,4,4
2044 1066 2074 1091 Et
2087 1074 2154 1099 quae
2169 1064 2219 1090 tibi
2233 1063 2330 1097 putaris
2341 1065 2392 1098 pri-

1368 1107 1425 1131 ma,
1441 1098 1470 1124 in
1481 1096 1645 1133 experiundo
1658 1098 1788 1133 repudies.
1855 1099 1929 1126 Ideni
1943 1100 2023 1127 Andr.
2031 1109 2051 1133 1,
2064 1109 2088 1133 5,
2102 1109 2125 1133 15
2143 1099 2221 1132 Qod
2236 1099 2322 1126 modis
2333 1108 2393 1126 eon-

1366 1140 1473 1166 temtus,
1486 1132 1598 1169 spretus!
1616 1132 1834 1166 Fae‘tamansaoa
1846 1135 1949 1162 omnia:
1966 1135 2036 1169 hem,
2043 1136 2193 1170 repudiatus
2207 1142 2319 1170 repetor.
2371 1134 2395 1162 A

1366 1176 1472 1204 parente
1490 1168 1641 1204 repudiatus
1663 1170 1719 1196 Cic.
1732 1179 1781 1204 pro
1793 1171 1863 1197 Mur.
1879 1180 1900 1196 c.
1912 1178 1934 1204 5.
2027 1172 2114 1198 Vatin.
2135 1171 2167 1198 ad
2180 1171 2233 1197 Cic.
2246 1171 2317 1198 Fam.
2329 1177 2359 1203 5,
2377 1177 2401 1203 9,

2319 1205 2368 1232 Rei
2386 1224 2395 1233 .

1366 1250 1413 1274 qni
1425 1249 1478 1267 non
1492 1245 1574 1274 paret,
1590 1240 1643 1274 ipse
1655 1240 1691 1266 est
1703 1246 1772 1268 totus
1786 1241 1963 1276 repudiandus
1979 1243 2034 1269 Cic.
2047 1242 2133 1273 Phits
2147 1251 2168 1268 c.
2183 1247 2206 1272 8.
2312 1214 2398 1276 Repii-
2417 1251 2419 1257 ·

1365 1276 1439 1304 diare
1451 1281 1477 1302 et
1489 1276 1636 1306 Assumere,
1655 1280 1781 1303 contraria
1800 1277 1855 1303 Cic.
1869 1277 1898 1303 in
1911 1278 1984 1304 Orat.
1993 1286 2053 1310 209.
2158 1277 2214 1305 Cic.
2231 1276 2262 1303 de
2276 1276 2362 1303 Finib.
2371 1284 2397 1309 2,

1366 1314 1401 1346 76
1421 1312 1604 1338 Metrodorum
1617 1319 1670 1337 non
1681 1316 1770 1345 putant
1783 1312 1869 1345 ipsum
1882 1312 2037 1346 professum:
2071 1313 2116 1339 sed
2128 1321 2209 1347 quum
2222 1312 2399 1347 appellaretur

1365 1347 1399 1374 ab
1413 1347 1543 1381 Epicuro,
1558 1345 1697 1380 repudiare
1709 1352 1810 1373 tantum
1823 1345 1983 1371 Beneficium
1992 1347 2124 1374 noluisset.
2143 1359 2147 1363 Ι
2207 1348 2398 1375 Conditionem

2196 1383 2335 1410 Custodem
2356 1391 2397 1410 re-

1365 1418 1455 1453 pudiat
1470 1418 1534 1444 fides
1547 1426 1604 1444 mea
1643 1418 1699 1443 Cic.
1716 1417 1777 1443 Diu.
1790 1417 1819 1443 in
1830 1416 1905 1442 Caec.
1920 1422 1946 1448 51
1962 1423 1983 1441 c.
1998 1416 2035 1441 16.
2071 1417 2090 1440 ι’.
2103 1417 2140 1439 ita
2151 1422 2210 1442 nota
2221 1416 2251 1448 est
2258 1418 2398 1451 Jidevmea,

1367 1071 1485 1098 primum
1499 1062 1670 1089 intenderam.

269 1451 814 1485 leriumMaximum,Pliniumvtrumque,
829 1450 934 1485 quinne
947 1450 1089 1484 Apuleium
1097 1450 1217 1485 quidem,
1230 1450 1307 1477 Clau·
1365 1459 1396 1479 ut
1417 1451 1512 1485 custode
1531 1459 1589 1488 opus
1607 1461 1655 1478 non
1678 1450 1720 1485 fit.
1807 1450 1926 1477 Gratiam
1957 1449 2070 1477 alicuius
2092 1449 2229 1483 repudiare
2255 1452 2324 1478 Caes,
2333 1452 2398 1479 Bell,

270 1488 541 1522 dianum,Ausonium
554 1493 614 1514 caet.
628 1487 683 1523 usos
698 1485 812 1520 cffi,boni
820 1486 917 1512 Indices
924 1485 1084 1521 persuadent.
1138 1487 1242 1522 Legitur
1254 1488 1308 1521 qui-
1366 1486 1435 1513 Gall.
1450 1496 1471 1519 1,
1484 1497 1529 1520 40.
1562 1488 1611 1548 r,
1631 1486 1766 1513 Iracundia
1778 1486 1902 1512 omnibus
1916 1486 1944 1511 in
1956 1485 2034 1512 rebus
2046 1484 2206 1519 repudianda
2219 1485 2254 1511 est
2279 1487 2333 1514 Cic,
2345 1487 2397 1515 Ost:

269 1528 322 1555 dem
334 1525 463 1560 Qiinetil.
475 1527 489 1550 6
504 1524 544 1550 Pr.
558 1532 568 1555 3
588 1523 636 1548 Dis
649 1520 850 1556 reprobantibus
866 1531 874 1552 ;
901 1521 948 1557 std
955 1523 1039 1557 plures
1050 1521 1111 1548 libri
1127 1521 1216 1548 habent
1229 1530 1305 1555 repu-
1368 1530 1387 1553 1,
1401 1527 1432 1555 89
1445 1531 1467 1548 c.
1479 1530 1508 1555 25
1521 1526 1561 1548 ext
1578 1539 1586 1547 .
1689 1521 1834 1555 Repudiata
1854 1521 2002 1555 reia-&aque
2015 1521 2125 1555 Legatio
2159 1519 2215 1550 Cic.
2230 1519 2295 1548 Phil.
2306 1530 2323 1556 9
2336 1531 2356 1549 e.
2368 1525 2394 1551 6.

271 1564 410 1599 guantibus
424 1571 430 1587 t
465 1565 489 1586 et
511 1558 649 1585 Ciceronis
673 1560 691 1585 Ι.
706 1567 727 1583 c.
749 1567 798 1583 non
810 1557 880 1592 finis
900 1563 1000 1589 certus,
1023 1559 1050 1582 in
1063 1556 1104 1583 his
1115 1556 1226 1592 quidem,
1245 1565 1305 1592 quae
1318 1567 1355 1593 40
1368 1558 1473 1585 Morem
1489 1558 1602 1592 patrium
1616 1556 1806 1582 contumaciter
1819 1555 1973 1590 repudiare,
1990 1555 2044 1581 uid.
2066 1560 2266 1582 CONTVMAX.
2336 1557 2389 1585 Cic.

264 1601 379 1636 Proxime
387 1594 555 1632 praecedunt,
573 1599 657 1629 aperte
668 1602 768 1620 mancus
780 1591 822 1625 est.
899 1593 988 1619 Vereor
1008 1595 1090 1627 itaque
1107 1600 1136 1618 ne
1150 1592 1219 1618 ICtis
1230 1593 1305 1618 relin-
1368 1602 1418 1628 pro
1434 1594 1509 1619 Font.
1523 1598 1550 1625 38
1570 1592 1684 1623 Cauete‚
1703 1600 1735 1617 ne
1748 1591 1924 1626 periculosum
1938 1590 2129 1626 superbumque
2143 1590 2181 1621 fit,
2202 1591 2258 1617 eius
2269 1599 2312 1618 vos
2320 1592 2389 1619 obse-

268 1633 386 1671 quendum
396 1631 443 1665 fit,
463 1629 528 1665 apud
540 1638 598 1665 quot
612 1628 707 1655 dicitur
719 1627 859 1662 reprobari
872 1627 989 1654 medicus
1002 1627 1018 1653 l.
1032 1636 1053 1653 11
1067 1625 1110 1664 §.3
1125 1627 1157 1654 D.
1165 1627 1196 1653 de
1203 1635 1306 1654 niuner.
1369 1628 1513 1655 crationem
1528 1627 1666 1663 repudiare
1675 1646 1683 1658 ,
1701 1628 1774 1652 cuius
1788 1636 1876 1661 preces
1889 1626 1906 1653 fi
1921 1626 1960 1653 dii
1973 1628 2170 1661 aspernarentur
2179 1646 2187 1659 ,
2204 1626 2268 1652 haec
2277 1627 2391 1655 saluaeffe

269 1677 295 1697 et
307 1669 402 1696 honor.
472 1664 574 1692 Paullus
586 1664 700 1691 Sentent.
715 1671 742 1696 5,
756 1671 794 1696 25,
807 1672 817 1689 1
855 1664 911 1696 Qu
933 1662 1009 1689 vultu
1035 1663 1161 1697 principis
1183 1662 1306 1698 signatam
1367 1672 1421 1690 non
1452 1664 1541 1690 offent.
1608 1663 1663 1690 Cic.
1678 1663 1732 1690 Att.
1746 1671 1772 1695 2,
1789 1671 1817 1695 19
1837 1662 1980 1688 Honestior
1993 1661 2055 1688 haec
2069 1661 2210 1688 declinatio
2224 1662 2340 1694 Pei-iculi,
2350 1662 2393 1691 sed

270 1710 405 1732 monetam
417 1699 608 1736 reprobauerit.
680 1698 828 1733 Reprobari
839 1698 1021 1725 testimonium
1033 1697 1130 1725 dicitur
1153 1698 1171 1725 1.
1184 1706 1212 1724 21
1227 1699 1259 1725 D.
1273 1698 1306 1725 de
1368 1708 1417 1734 ego
1450 1708 1481 1725 oc
1493 1708 1547 1726 non
1562 1698 1683 1732 repudio.

266 1740 317 1771 his,
332 1738 379 1774 qui
390 1743 446 1763 not.
459 1736 550 1762 infam.
1321 1739 1355 1766 45
1368 1744 1389 1761 c.
1404 1737 1443 1767 36.
1546 1735 1636 1761 Preces
1654 1732 1726 1760 Idem
1737 1742 1786 1767 pro
1799 1734 1877 1759 Dom.
1893 1742 1914 1759 c.
1928 1742 1965 1760 10.
2030 1732 2117 1759 Verba
2131 1733 2266 1766 repudiata
2291 1733 2392 1767 Qiin&

302 1782 322 1801 R
331 1781 346 1801 Ε
355 1780 369 1800 1³
378 1779 447 1800 ROB
458 1773 505 1798 ᾹΤ
515 1777 557 1797 vs
567 1789 575 1802 ‚
598 1778 624 1801 a,
636 1778 691 1795 uni.
712 1769 806 1796 Partic.
840 1768 964 1795 Scaeuola
976 1768 1032 1794 ICt.
1046 1768 1146 1796 Statuas
1159 1769 1304 1803 Imperato-
1369 1779 1390 1803 1,
1404 1778 1427 1803 ς,
1439 1778 1475 1800 71.
1511 1776 1535 1796 et
1548 1778 1570 1802 3,
1586 1771 1612 1803 6,
1624 1777 1663 1801 32.
1734 1768 1790 1794 Cic.
1804 1770 1880 1795 Verr.
1894 1774 1950 1801 1‚98
1970 1769 2068 1795 Eorum
2082 1777 2130 1802 ego
2143 1768 2393 1797 Voluntatemomui-

266 1820 327 1841 rum
341 1808 492 1843 reprobatas
508 1806 631 1832 conflare.
1366 1815 1412 1831 um
1430 1804 1588 1839 repudiaui:
1625 1812 1678 1830 uoii
1697 1802 1778 1829 modo
1796 1803 1946 1838 proditori,
1966 1803 2009 1830 sed
2028 1812 2060 1829 ne
2072 1804 2197 1837 perfugae
2211 1804 2314 1838 quidem
2325 1804 2393 1832 locus

302 1853 321 1872 R
331 1853 348 1872 Ε
357 1852 372 1872 i>
382 1851 400 1870 R
410 1850 429 1872 o
438 1850 453 1871 Β
462 1850 484 1870 Α
493 1848 513 1867 Τ
523 1847 570 1873 10,
582 1841 649 1867 onis.
665 1839 687 1867 f.
723 1838 842 1866 Tertull.
856 1839 934 1874 Apol.
946 1847 967 1865 c.
982 1847 1005 1870 ¹3
1025 1839 1081 1865 Nec
1094 1837 1191 1865 eleetio
1204 1839 1255 1866 sine
1264 1849 1304 1866 re·
1365 1842 1394 1867 in
1406 1840 1472 1867 meis
1485 1840 1572 1866 castris
1586 1840 1709 1874 cuiquam
1723 1839 1783 1865 fuit.
1854 1839 1928 1865 Idem
1941 1848 1989 1874 pro
2001 1839 2104 1866 Cluent.
2112 1848 2157 1865 201
2164 1848 2185 1865 c.
2193 1847 2227 1873 70
2245 1839 2392 1868 cniusvota

265 1880 432 1918 probatione.
501 1876 569 1904 Add.
585 1875 657 1902 Idem
670 1875 728 1902 adu.
743 1875 800 1902 Iud.
813 1884 834 1901 c.
844 1883 884 1908 14·
951 1875 982 1901 Et
995 1874 1054 1902 adu.
1068 1875 1150 1902 Marc.
1164 1884 1192 1908 4,
1206 1883 1242 1908 35.
1280 1882 1304 1901 et
1367 1883 1392 1903 et
1405 1884 1492 1911 preces
1507 1884 1521 1902 a
1533 1875 1626 1902 vestris
1638 1873 1770 1901 mentibus
1788 1874 1926 1909 repudiare
1940 1875 2050 1902 debetis.
2120 1875 2272 1902 Aufioritas
2290 1875 2390 1904 alieuiu-

267 1918 299 1945 de
313 1917 385 1950 Fuga
397 1916 426 1941 in
439 1914 536 1940 Persec.
556 1921 577 1938 c.
593 1921 612 1938 1.
1322 1918 1355 1945 50
1366 1911 1518 1946 repudiata,
1550 1911 1575 1938 h.
1591 1920 1609 1938 e.
1631 1913 1670 1937 Ne
1688 1907 1752 1937 Ietta
1763 1913 1829 1937 ratio
1841 1911 1908 1937 illius
1920 1921 1967 1937 non
1980 1911 2065 1937 habita
2103 1910 2159 1937 Cic.
2191 1911 2269 1937 Verr.
2293 1919 2319 1944 1,
2345 1918 2388 1945 153.

302 1959 322 1979 R
331 1959 348 1978 E
361 1958 375 1977 e
388 1957 406 1975 R
417 1956 435 1975 o
445 1956 460 1975 Β
471 1950 520 1974 XT
529 1954 548 1974 O
558 1954 589 1978 R,
602 1946 666 1972 oris.
685 1954 721 1972 m.
756 1945 893 1979 Augustin.
935 1945 1004 1972 Vnde
1037 1977 1038 1980 Ἰ
1367 1947 1495 1975 Funditus
1508 1946 1647 1981 repudiare
1659 1954 1674 1973 a
1686 1945 1762 1980 iquid
1785 1946 1858 1972 Idem
1872 1946 1899 1973 in
1911 1947 1985 1973 Orat.
2000 1953 2039 1979 25.
2106 1946 2282 1980 Repudiatus,
2326 1956 2338 1973 o
2347 1948 2384 1974 Re.

302 1994 322 2013 R
331 1992 398 2013 EPR
410 1992 429 2011 o
442 1991 457 2011 Β
467 1985 487 2009 fi
496 1989 544 2008 TR
553 1990 562 2008 1
572 1989 589 2008 x
598 2001 606 2013 ,
625 1981 682 2007 icis.
701 1980 721 2006 f.
757 1980 876 2007 Tertull.
891 1987 975 2007 contr.
989 1981 1072 2008 Mare.
1086 1989 1115 2014 4,
1130 1983 1163 2013 36
1181 1980 1305 2016 Discipli-
1360 1983 1433 2020 pulso
1447 1986 1474 2008 in
1488 1984 1605 2009 comitiis.
1659 1982 1715 2009 Cic.
1728 1990 1777 2015 pro
1791 1982 1875 2008 Plane.
1890 1991 1920 2015 50
1933 1992 1953 2008 c.
1967 1991 2000 2008 20
2027 1982 2170 2017 Nunquam
2183 1954 2380 2014 enim'noi'ili'tan,

1368 2019 1522 2052 praesertim
1553 2018 1655 2052 integra
1683 2022 1762 2053 atque
1791 2017 1934 2052 innocens,
1952 2017 2054 2053 Populo
2088 2018 2166 2044 Rom.
2185 2017 2304 2053 supplex,
2315 2024 2377 2052 repu-

1362 2054 1431 2080 diata
1445 2054 1506 2080 fuit.

1404 2095 1422 2114 ιι
1434 2096 1449 2115 E
1459 2096 1473 2114 P
1483 2095 1503 2115 v
1514 2095 1532 2115 D
1542 2096 1551 2114 ι
1562 2096 1582 2115 Α
1592 2096 1631 2115 'ri
1642 2096 1676 2119 o,
1693 2088 1760 2115 onis.
1779 2088 1799 2115 f.
1837 2088 2008 2123 [οἶηοπομπὴ]
2043 2089 2099 2116 Cic.
2111 2089 2164 2115 Att.
2177 2097 2214 2121 12,
2227 2096 2251 2122 5¹
2270 2087 2313 2115 Sed
2321 2085 2384 2114 mihi

1369 2124 1500 2150 simulatio
1513 2132 1561 2156 pro
1575 2123 1759 2157 repudiatione
1773 2124 1864 2150 fuerit.
1957 2125 2115 2159 Repudiatio
2129 2125 2276 2159 supplicum
2286 2121 2388 2158 superbi-

1358 2162 1410 2186 Δ’διιι
1424 2158 1541 2192 coarguit
1563 2159 1618 2184 Cic.
1631 2166 1679 2191 pro
1694 2159 1764 2184 Mur.
1777 2167 1799 2183 c.
1811 2167 1840 2189 4.

1402 2200 1422 2219 R
1431 2199 1448 2218 E
1459 2201 1473 2219 P
1482 2200 1502 2217 v
1513 2199 1530 2218 D
1540 2200 1548 2217 1
1558 2195 1579 2219 A
1588 2200 1608 2219 T
1619 2199 1637 2217 0
1648 2198 1678 2223 R,
1691 2192 1755 2218 oris.
1774 2201 1809 2217 m.
1845 2192 2025 2226 Qirepudiat.
2060 2192 2179 2220 Tertull.
2187 2193 2333 2222 adu.Marc.
2342 2199 2395 2226 1,14

1368 2228 1526 2254 Marcionita
1536 2227 1694 2260 >repudiatur
1711 2226 1844 2253 creatoris.
2076 2243 2079 2248 .

1404 2269 1423 2289 R
1432 2269 1448 2288 E
1460 2267 1475 2286 Ρ
1487 2269 1505 2287 ν
1516 2268 1534 2287 1)
1544 2268 1553 2285 1
1562 2262 1580 2287 ὁ
1591 2269 1602 2287 s
1615 2268 1631 2284 V
1642 2268 1664 2291 s,
1677 2269 1700 2292 a,
1713 2270 1767 2287 um.
1795 2261 1854 2287 Adi.
1888 2261 1969 2287 Plaut.
1984 2261 2051 2286 Pers.
2064 2269 2124 2293 3‚J,
2136 2264 2167 2293 56
2186 2263 2285 2289 Verum
2300 2262 2398 2294 videto,

1367 2306 1410 2324 me
1427 2296 1473 2323 vbi
1486 2296 1558 2323 voles
1571 2301 1679 2329 nuptum
1693 2294 1766 2325 dare,
1782 2304 1814 2320 ne
1828 2296 1890 2320 haec
1905 2296 1972 2321 fama
1988 2296 2065 2322 faciat
2077 2296 2228 2331 repudiosas
2243 2299 2353 2332 nuptias.
2377 2300 2398 2324 i.

1373 2333 1407 2359 Vt
1421 2341 1488 2357 nemo
1501 2332 1562 2357 velit
1575 2341 1610 2356 nn*
1622 2331 1705 2356 habers
1717 2339 1816 2357 morem
1831 2336 1933 2364 propter
1947 2330 2008 2355 han:
2020 2331 2125 2365 sumam.
2420 2331 2424 2348 ⁹

263 2374 343 2413 fasta
355 2384 389 2401 me
403 2371 559 2408 obstringam.
655 2368 709 2394 cic.
722 2365 752 2391 de
768 2365 837 2391 Clar.
851 2366 924 2391 Orat.
940 2369 965 2395 18
980 2374 1002 2391 c.
1017 2373 1028 2395 ς
1056 2365 1121 2392 Non
1135 2374 1176 2391 me
1190 2365 1305 2397 hercule,
1407 2373 1450 2393 RE
1460 2373 1474 2391 P
1485 2372 1503 2391 v
1514 2373 1529 2391 Ε
1541 2373 1558 2391 R
1570 2373 1588 2391 A
1599 2372 1634 2391 sc
1644 2372 1673 2397 o,
1690 2368 1744 2392 ere.
1780 2363 2001 2398 [dvccmmituoum]
2039 2366 2070 2390 In
2085 2367 2200 2399 puerilem
2227 2373 2329 2393 aetatem
2359 2367 2402 2393 uel
2420 2386 2423 2392 ,

271 2414 300 2439 in
320 2411 359 2437 uit
390 2409 442 2435 tibi
459 2404 645 2442 repromittere
664 2402 728 2429 istuc
747 2400 855 2435 quidem
873 2401 946 2426 ausus
961 2399 1015 2426 lim.
1108 2402 1172 2428 Aur.
1189 2401 1258 2428 Vic'i.
1273 2400 1305 2427 de
1367 2402 1528 2429 conditionem
1543 2403 1652 2425 reusnti:
1689 2404 1713 2425 ir
1726 2406 1869 2425 contemtum
1877 2400 1995 2435 sumitur.
2033 2399 2113 2426 Plaut.
2127 2401 2206 2426 Merc.
2220 2408 2245 2432 2,
2258 2410 2284 2432 2,
2297 2410 2322 2434 25
2356 2402 2400 2429 Se-

271 2421 344 2474 Vicids
359 2430 453 2471 illustr.
469 2451 484 2469 2
505 2442 551 2468 Illa
565 2439 657 2475 petiit,
678 2436 748 2471 quod
764 2436 804 2462 illi
818 2436 845 2461 in
859 2435 966 2461 sinistris
978 2434 1099 2461 inanibus
1113 2436 1252 2469 gerebant,
1265 2438 1305 2463 vi-
1321 2439 1351 2470 65
1368 2446 1418 2463 nex
1433 2446 1491 2463 cum
1504 2435 1636 2469 extemplo
1650 2436 1700 2467 est,
1719 2436 1771 2461 iani
1784 2443 1830 2460 nec
1844 2434 1921 2460 sentit
1934 2443 1979 2460 nec
1995 2435 2074 2467 sapit:
2110 2435 2192 2461 Aiunt
2204 2435 2286 2461 solere
2298 2437 2402 2462 rursum

272 2483 369 2510 delicet
381 2479 502 2510 annulos,
517 2476 632 2504 armillas
647 2485 651 2500 :
688 2472 784 2508 quibus
796 2471 885 2498 dolose
900 2469 1073 2505 rcpromiffis,
1096 2471 1204 2498 Sabinos
1220 2471 1248 2498 in
1266 2480 1307 2498 ar·
1368 2481 1429 2498 euni
1443 2472 1633 2506 repuerascere.
1703 2470 1749 2498 Sed
1762 2470 1817 2496 Cic.
1830 2469 1862 2496 cie
1877 2468 1976 2495 Seneft.
1991 2474 2017 2500 83
2035 2478 2055 2495 c.
2070 2470 2115 2496 vlt.
2136 2471 2165 2496 Et
2180 2469 2196 2496 fi
2210 2471 2269 2504 quis
2283 2469 2346 2496 deus
2353 2470 2403 2497 lar-

272 2528 328 2545 (ειη
343 2516 472 2552 perduxit.
579 2510 647 2537 Ibid.
663 2518 689 2535 12
709 2509 807 2534 Necem
820 2507 889 2541 regis
902 2506 1096 2540 repromittens.
1188 2507 1244 2533 Cic.
1259 2516 1307 2542 pro
1367 2508 1463 2542 giatur‚
1470 2512 1498 2534 vt
1512 2515 1543 2533 ex
1560 2506 1606 2533 hac
1618 2510 1700 2531 aetate
1715 2505 1907 2539 repuerascam,
1927 2510 1951 2530 et
1966 2505 1993 2531 in
2007 2504 2080 2530 cunis
2093 2506 2207 2539 vagiam,
2228 2505 2311 2531 Valde
2330 2514 2403 2532 recue

274 2554 340 2581 Rosc
364 2553 441 2578 Com.
457 2557 487 2583 37
508 2545 681 2581 Repromittis
694 2550 722 2570 tu
736 2542 831 2569 abhinc
849 2542 994 2569 triennium
1009 2542 1126 2568 Roscio?
1167 2544 1248 2577 quid?
1267 2552 1308 2570 re-
1370 2544 1432 2569 sem.
1475 2543 1550 2568 Vetus
1562 2542 1682 2575 exemplar
1695 2542 1755 2575 legit
1767 2541 1957 2574 Repueriscam.
2063 2540 2134 2566 Idem
2149 2540 2181 2566 de
2192 2542 2265 2567 Orat.
2281 2549 2302 2571 2,
2315 2549 2347 2567 22
2360 2543 2400 2568 c.6
2422 2549 2423 2552 ’

274 2590 324 2616 cita
344 2573 417 2613 istam
439 2584 664 2618 restipulationem
678 2579 782 2606 clarius.
890 2577 1085 2611 Repromittere
1103 2583 1127 2604 et
1151 2578 1307 2605 Promittere
1372 2580 1460 2611 Quum
1474 2578 1494 2604 i·
1510 2576 1609 2603 diceret
1623 2577 1742 2601 socerum
1758 2577 1830 2601 suum
1849 2575 1970 2601 Laelium
1983 2576 2082 2608 semper
2093 2575 2150 2601 fere
2164 2585 2221 2602 cum
2237 2575 2389 2610 Scipiones*
2422 2578 2425 2601 Ῑ

271 2628 299 2651 in
313 2620 509 2659 lisputationibus
527 2618 590 2644 idem
609 2616 665 2651 este,
679 2615 805 2650 colligitur
818 2616 890 2639 etiam
902 2622 931 2639 ex
949 2613 1033 2639 Plauti
1047 2613 1122 2639 Cure.
1137 2621 1160 2646 5,
1172 2623 1192 2646 2,
1205 2618 1236 2645 68
1259 2614 1307 2641 Ille
1322 2625 1357 2653 70
1371 2614 1449 2640 lituiii
1461 2612 1598 2644 rusticari,
1619 2620 1714 2645 cosque
1728 2610 1921 2637 incredibiliter
1933 2611 2113 2649 repuerascere
2132 2611 2180 2638 effe
2192 2611 2299 2643 solitos,
2323 2620 2375 2646 quu
2388 2640 2392 2643 ‚
2409 2614 2413 2639 1

274 2652 310 2687 ita
328 2656 477 2692 repromisit
491 2654 575 2686 mihi,
594 2647 626 2679 Si
639 2652 777 2685 quisquam
791 2649 856 2675 hanc
869 2648 975 2675 liberali
989 2648 1127 2675 ass'eruiss‘et
1140 2658 1218 2676 manu
1227 2670 1234 2681 ‚
1254 2650 1307 2676 fine
1373 2659 1416 2678 rus
1431 2657 1463 2676 ex
1476 2647 1556 2679 vrbe,
1576 2655 1698 2681 tanquam
1712 2655 1743 2672 ex
1755 2646 1868 2672 vinculis
1881 2645 2059 2672 euolauiffent.
2381 2650 2389 2664 ⁴·
2401 2673 2403 2677 ,

273 2692 449 2722 εοῃτῐουγῇἃ
464 2698 542 2717 omne
554 2694 690 2723 argentum
704 2685 822 2713 reddere.
938 2685 976 2710 De
992 2684 1070 2710 eadem
1083 2693 1109 2710 re
1126 2694 1150 2718 5,
1161 2694 1186 2717 3,
1197 2695 1224 2717 31
1248 2686 1308 2712 Pro·
1410 2691 1427 2711 R
1437 2691 1453 2711 E
1464 2691 1507 2710 PV
1517 2690 1537 2710 G
1547 2689 1568 2708 N
1578 2690 1607 2714 Ο,
1622 2688 1672 2709 Tire.
1694 2681 1896 2715 [οἷιτιμιιέχομοιιΊ
1911 2679 2064 2721 niudis-afflui,
2075 2681 2282 2717 οἰνταγωνιξομαι]
2309 2684 2400 2719 Pugna-

273 2730 372 2758 mistin’
386 2729 402 2755 si
417 2725 522 2754 liberali
535 2726 677 2760 quisquam
690 2721 755 2748 hanc
771 2721 889 2747 assereret
907 2728 1001 2751 manu,
1020 2719 1066 2746 Te
1080 2729 1158 2746 omne
1171 2727 1309 2755 argentum
1371 2730 1399 2747 re
1415 2726 1501 2747 contra
1513 2720 1631 2753 aliquem,
1650 2717 1833 2749 contradicere,
1857 2716 2000 2756 refragari,
2017 2716 2062 2750 obsi
2087 2726 2133 2743 ere.
2187 2718 2242 2744 Cic.
2256 2718 2287 2744 de
2300 2718 2399 2746 Amicit.

274 2766 439 2795 redditurum
455 2764 464 2789 3
499 2768 546 2787 etc.
640 2757 810 2793 Repromittit
831 2764 903 2791 crgo,
915 2759 958 2791 qui
961 2754 1097 2790 stipulanti·
1106 2759 1235 2790 promittit
1245 2776 1253 2788 ,
1265 2759 1310 2792 qui
1374 2758 1410 2789 64
1431 2756 1499 2781 Cum
1512 2753 1632 2780 omnium
1645 2762 1734 2779 rerum
1748 2752 1877 2778 simulatio
1893 2752 1928 2778 est
1950 2751 2045 2778 vitiosa
2067 2752 2155 2784 (tollit
2181 2753 2250 2780 enim
2275 2753 2412 2781 iudicium-

273 2802 339 2828 „uda
346 2796 543 2834 stipulmionese
556 2795 656 2832 obligat.
728 2792 830 2818 Paullus
847 2792 923 2817 lCtus
941 2791 958 2816 l.
974 2790 1037 2816 Non
1052 2790 1136 2816 solum
1151 2792 1181 2817 D.
1196 2792 1235 2817 De
1249 2800 1309 2826 ope·
1329 2793 1361 2822 75
1372 2791 1440 2822 veri,
1454 2789 1533 2824 idque
1547 2789 1693 2821 adulterat)
1709 2794 1766 2814 tum
1779 2787 1912 2814 amicitiae
1926 2794 2050 2822 repugnat
2064 2788 2187 2817 maxime.
2233 2789 2296 2816 Non
2309 2796 2400 2826 pugna-

274 2838 311 2865 ris
331 2836 397 2863 noui
413 2833 599 2863 nunciatione,
618 2830 646 2857 Si
665 2837 747 2863 quum
766 2828 824 2854 iure
843 2827 938 2860 possem
952 2831 977 2852 te
991 2825 1134 2859 prohibere
1148 2828 1310 2854 nuntiauero
1372 2835 1418 2858 re,
1438 2825 1480 2852 sed
1497 2833 1641 2859 repugnare
1666 2824 1715 2851 Cn.
1729 2824 1840 2857 Magnus
1855 2823 1975 2849 Domitio
1987 2823 2035 2859 sub
2049 2823 2103 2850 Cic.
2118 2825 2171 2850 Att.
2187 2830 2210 2857 8,
2224 2833 2260 2857 19.
2331 2826 2398 2852 Idem

274 2873 326 2900 tibi
340 2880 406 2906 opus
420 2877 521 2896 nouum
553 2876 606 2893 non
621 2865 684 2891 alias
699 2862 852 2890 aedificandi
867 2861 908 2887 ius
921 2861 1039 2893 habebis,
1050 2870 1128 2895 quam
1150 2862 1166 2888 fi
1188 2863 1248 2889 satis
1267 2863 1311 2889 de.
1376 2862 1447 2889 Fam.
1461 2868 1483 2893 5,
1497 2869 1512 2887 2
1533 2862 1621 2893 Qiare
1635 2867 1689 2885 non
1705 2868 1753 2893 ego
1767 2860 1915 2894 oppuguaui
1928 2858 2037 2885 fratrem
2050 2864 2141 2892 tuum,
2160 2859 2203 2885 secl
2216 2860 2292 2887 fratri
2305 2866 2352 2887 tuo
2362 2868 2399 2887 re-

275 2909 355 2935 deris.
409 2904 488 2939 Qiod
503 2888 696 2929 fi’nnnciauero
710 2899 811 2929 tibi‚ne
827 2896 891 2931 quid
905 2902 995 2922 contra
1008 2897 1075 2930 leges
1089 2897 1117 2923 iu
1129 2897 1188 2924 loco
1203 2898 1309 2932 publico
1375 2896 1498 2931 pugnaui.
1569 2894 1652 2922 Dictis
1668 2900 1692 2920 et
1705 2894 1781 2921 saetis
1795 2903 1940 2929 repugnare
1952 2900 1977 2920 et
1990 2894 2104 2921 resistere
2116 2895 2262 2922 crudelitati
2287 2897 2341 2923 Cic.
2356 2902 2400 2931 pro
2412 2911 2413 2914 ι

275 2944 354 2971 facias
389 2940 575 2974 repromittere
587 2935 695 2962 debebis
709 2945 714 2960 ε
732 2934 858 2969 quoniam
872 2931 904 2958 de
917 2940 950 2957 eo
964 2940 1059 2966 opere,
1078 2932 1166 2959 alieno
1179 2934 1238 2960 iure
1253 2943 1313 2960 con-
1375 2932 1466 2959 Rabir.
1482 2939 1507 2964 15
1519 2940 1540 2958 c.
1555 2938 1578 2964 5.
1648 2930 1719 2957 Idem
1734 2931 1803 2956 Fam.
1819 2939 1839 2963 1,
1854 2939 1865 2956 2
1882 2929 2103 2965 Consulesneque
2118 2931 2306 2963 concedebant,
2320 2940 2368 2966 neq
2412 2942 2414 2948 ·

275 2962 370 3005 tendo,
390 2985 444 3002 non
457 2983 516 3001 meo
533 2984 538 2999 :
556 2978 581 2999 et
596 2978 719 3005 tanquam
736 2969 816 2996 alieni
830 2967 897 2994 iuris
910 2967 1026 3001 petitor,
1044 2968 1240 3001 repromissione
1253 2978 1315 2996 con·
1324 2966 1357 2993 80
1374 2967 1450 2994 valde
1463 2965 1650 3001 repugnabant.
1721 2967 1838 3000 Vterque
1853 2966 1962 3001 (Caesar
1982 2971 2005 2991 et
2019 2967 2166 3001 Pompeius)
2185 2975 2329 3003 repugnare
2347 2975 2381 2994 vu
2409 2982 2417 3001 y

275 2998 428 3042 tentus'effe
441 3010 534 3037 debeo.
569 3007 637 3043 conf.
653 3007 668 3031 l.
684 3013 699 3038 9
715 3003 768 3042 §.7
782 3005 841 3038 Dig.
857 3003 928 3036 quod
943 3009 1004 3029 met.
1020 3004 1109 3036 causa,
1128 3010 1172 3030 etc.
1243 3005 1313 3032 Suet.
1375 3004 1432 3031 Cic.
1446 3004 1500 3029 Att.
1515 3008 1537 3034 8,
1550 3011 1571 3028 ιι
1586 3010 1610 3035 p.
1623 3007 1665 3034 785
1679 3003 1723 3028 Gr.
1762 3002 1807 3029 Sed
1819 3001 1916 3027 vidi-tur
1923 3000 2038 3037 sphalma
2046 3007 2094 3036 pro
2106 3010 2222 3035 regnare.
2281 3003 2417 3030 Nimium·

277 3051 305 3076 in
322 3048 412 3075 Claud.
426 3056 447 3072 c.
457 3055 490 3072 20
519 3046 609 3077 Quum
622 3041 729 3077 quidam
742 3040 847 3075 priuato
862 3040 948 3065 sumtu
961 3039 1095 3065 emissuros
1111 3039 1136 3065 se
1147 3042 1314 3075 repromitte·
1375 3047 1520 3073 repugnare
1540 3037 1620 3064 Ouid.
1634 3037 1665 3063 de
1680 3038 1742 3064 Arte
1755 3038 1814 3063 Am.
1829 3046 1848 3069 1,
1863 3044 1916 3071 127.
2006 3036 2060 3062 Cic.
2074 3037 2155 3063 Tusc.
2170 3045 2192 3070 3,
2207 3046 2235 3072 17
2251 3038 2302 3064 His
2317 3045 2399 3065 autem
2412 3050 2417 3058 v

277 3090 337 3112 rent
373 3084 390 3109 si
404 3082 452 3109 sibi
465 3081 550 3108 siccati
563 3078 619 3114 agri
632 3076 847 3104 concederentur.
889 3073 962 3110 Cous.
976 3074 1057 3100 Plaut.
1072 3075 1148 3101 Curc.
1162 3079 1259 3108 5‚3‚63.
1376 3073 1633 3109 perturbationibus,
1643 3082 1704 3107 quas
1718 3073 1746 3099 in
1761 3074 1814 3099 vita
1829 3072 1965 3098 hominum
1978 3070 2086 3098 stultitia
2098 3072 2167 3105 quasi
2181 3073 2303 3107 quasdam
2322 3073 2400 3100 furia·
2412 3086 2416 3092 ·

313 3127 331 3146 R
342 3104 357 3145 ἐ
368 3126 381 3145 i>
392 3125 437 3144 Ro
447 3125 471 3143 M
483 3125 491 3143 1
501 3123 534 3143 ss
544 3122 603 3147 vs,
618 3123 648 3146 a,
667 3122 720 3139 um.
739 3111 798 3137 Adi.
834 3109 922 3137 Aurei.
939 3110 1009 3136 Vici.
1023 3109 1054 3137 de
1062 3110 1248 3139 Vir.111ustr.2
1262 3113 1314 3139 An·
1376 3110 1498 3137 immittit
1517 3115 1594 3143 atque
1620 3109 1724 3141 incitat,
1743 3107 1866 3135 omnibus
1885 3107 1987 3133 viribus
2005 3114 2082 3142 atque
2100 3107 2195 3142 opibus
2210 3108 2400 3144 repugnandum

276 3155 347 3182 nulia
363 3161 388 3180 et
403 3153 513 3180 armillis
526 3150 616 3177 dolose
632 3146 797 3183 repromiffiu.
1332 3146 1362 3176 85
1377 3146 1421 3173 est.
1492 3145 1586 3170 Amori
1600 3143 1679 3170 foedo
1697 3144 1777 3170 Ouid.
1790 3145 1853 3170 Met.
1869 3152 1906 3175 10,
1921 3151 1971 3175 3¹9·
2041 3143 2125 3170 Dictis
2150 3144 2223 3170 Idem
2238 3144 2304 3171 ibid.
2318 3154 2341 3177 2,
2355 3152 2401 3177 103.

314 3195 358 3216 Riz
368 3196 383 3215 r
393 3195 411 3214 R
422 3195 440 3215 o
450 3195 473 3214 M
484 3194 492 3213 1
503 3193 537 3213 ss
547 3192 555 3210 1
565 3192 595 3217 ο,
614 3185 682 3210 onis.
701 3183 720 3209 f.
756 3182 812 3209 Cic.
824 3189 872 3216 pro
884 3181 959 3207 Rosc.
973 3181 1050 3207 Com.
1065 3190 1094 3215 39
1114 3191 1136 3208 e.
1153 3189 1176 3214 13
1195 3182 1314 3214 Roscius,
1376 3183 1406 3208 In
1418 3190 1469 3208 vna
1483 3186 1555 3214 parte
1568 3189 1713 3214 repugnaie
1731 3179 1810 3206 Ouid.
1824 3179 1886 3205 Met.
1902 3186 1934 3210 ις,
1947 3183 2002 3211 854.
2096 3179 2248 3214 Repugnant
2261 3179 2322 3207 haec
2336 3180 2401 3207 inter

278 3227 325 3257 qui
343 3234 373 3251 ex
393 3222 608 3258 iurisperitorum
628 3218 737 3245 consilio
756 3223 782 3244 et
805 3217 962 3244 auetoritate
975 3216 1172 3251 restipularetur
1185 3227 1199 3244 a
1212 3218 1314 3244 Fannio
1377 3218 1402 3244 se
1421 3218 1477 3243 Cic.
1491 3216 1572 3242 Tusc.
1588 3224 1606 3247 3,
1622 3224 1651 3247 72
1663 3225 1685 3242 c.
1698 3223 1740 3247 29.
1812 3214 1884 3241 Idem
1899 3223 1946 3248 pro
1962 3214 2035 3240 Rosc.
2050 3214 2125 3241 Com.
2139 3224 2164 3248 51
2178 3224 2198 3241 c.
2217 3224 2245 3250 17
2274 3217 2332 3242 Hoc
2344 3222 2400 3243 cum

279 3260 434 3293 diligenter,
455 3265 484 3285 vt
495 3255 568 3293 quod
581 3256 602 3282 is
613 3254 732 3288 exegisset
747 3262 761 3280 a
773 3253 878 3284 Flauio,
897 3251 1036 3279 dimidiam
1049 3259 1149 3287 partem
1164 3252 1214 3279 fibi
1228 3253 1315 3279 diffol-
1377 3253 1455 3280 sentit
1475 3251 1591 3278 Saturius
1611 3252 1657 3277 effe
1678 3256 1811 3284 apertum,
1830 3249 1944 3276 resistere
1964 3255 1989 3276 et
2007 3258 2151 3285 repugnare
2164 3257 2253 3277 contra
2267 3251 2400 3278 veritatem
2422 3279 2423 3282 ,

278 3303 352 3321 verer
370 3295 386 3321 fi
403 3294 512 3329 quidem
526 3293 578 3319 fine
591 3290 712 3317 cautione
724 3294 750 3315 et
761 3287 957 3323 repromissione
970 3287 1146 3315 nihilominus
1158 3288 1185 3314 id
1199 3289 1315 3315 Fannius
1378 3297 1432 3315 non
1445 3287 1531 3314 audet.
1638 3285 1769 3320 Qiinffll.
1784 3291 1797 3314 8
1811 3293 1929 3320 prooem.
1948 3285 2025 3312 Circa
2039 3286 2137 3320 qnae,fi
2153 3287 2238 3321 is,qui
2251 3286 2400 3318 instituitur,

280 3316 412 3362 societ'ati‚
432 3330 482 3356 hoc
497 3328 547 3359 est,
566 3326 662 3353 Roscio
675 3323 795 3351 debebat.
865 3322 934 3349 Add.
952 3323 985 3349 ib.
997 3330 1063 3350 extr.
1167 3325 1206 3350 De
1224 3333 1314 3358 repro·
1328 3327 1364 3352 90
1378 3333 1433 3350 non
1444 3322 1611 3357 repugnarh,
1631 3324 1745 3356 primum
1758 3319 1789 3347 ad
1805 3326 1903 3347 caetera
1916 3319 2053 3348 habiturus
2072 3321 2109 3347 est
2122 3323 2231 3348 cursum.
2337 3322 2399 3348 Cum
2415 3334 2423 3343 -ω

280 3365 396 3391 miffione
409 3366 435 3390 'in
450 3361 609 3399 sponsalibus
618 3382 626 3394 ,
651 3361 703 3387 uid.
720 3359 822 3387 Taubm.
836 3357 870 3384 ad
881 3358 962 3384 Plaut.
978 3359 1036 3384 Aul.
1049 3368 1074 3392 p.
1090 3363 1138 3392 183.
1224 3359 1315 3386 Terra
1377 3360 1450 3393 saepe
1462 3358 1583 3385 obnitens
1597 3357 1754 3392 repugnasset
1771 3357 1866 3382 Patere.
1880 3364 1902 3388 2,
1916 3361 1955 3389 89.
2043 3357 2111 3384 Cum
2124 3357 2152 3384 id
2164 3356 2400 3390 consummamus,
2415 3377 2416 3381 ,

279 3399 499 3434 repromiffionis,
519 3403 536 3426 i.
546 3395 665 3434 promiſjiz
684 3394 805 3422 Ambros.
818 3394 931 3423 Serm.13
945 3393 983 3420 T.
992 3401 1005 3427 5
1018 3403 1043 3428 p.
1052 3402 1091 3426 23.
1162 3394 1236 3431 Cous.
1244 3395 1314 3422 Ter·
1377 3396 1472 3422 Brutus
1485 3398 1675 3428 repugnauerat
1700 3391 1765 3431 Vell.
1779 3399 1804 3424 2,
1818 3396 1856 3424 58,
1869 3399 1893 3431 q..
2235 3427 2240 3432 .

278 3435 334 3462 mu.
349 3436 406 3461 adu.
422 3436 526 3460 Haeret.
539 3444 561 3461 c.
576 3438 598 3463 8.
1416 3436 1436 3457 R
1449 3435 1465 3456 E
1476 3436 1491 3456 P
1502 3437 1521 3456 v
1531 3435 1550 3455 G
1560 3436 1581 3455 N
1591 3434 1613 3455 Α
1623 3435 1679 3459 Ns,
1697 3432 1771 3453 antis.
1810 3427 1902 3453 Partic.
1936 3426 2168 3462 [οἵη-[μαχόμενος]
2203 3427 2269 3454 Plin.
2284 3433 2306 3459 8,
2320 3429 2346 3455 16
2361 3427 2422 3454 Ita:

316 3478 334 3496 R
348 3477 362 3495 r:
374 3477 388 3496 1³
398 3477 416 3496 R
427 3475 446 3495 o
457 3477 471 3495 P
481 3477 487 3494 1
499 3476 574 3501 Tio,
587 3472 638 3494 are.
675 3467 790 3501 Expiarc.
825 3464 943 3491 Tertull.
957 3463 989 3490 ad
1003 3463 1113 3491 Nation.
1128 3473 1147 3497 1,
1162 3473 1192 3501 17
1218 3465 1314 3500 Neque
1378 3472 1408 3493 vt
1419 3465 1585 3492 deuiuciatur
1598 3473 1650 3490 non
1665 3469 1818 3498 repugnans
1906 3462 1961 3489 Cic.
1973 3462 2049 3490 offic.
2063 3472 2081 3495 1,
2095 3472 2135 3489 110
2148 3471 2169 3489 c.
2184 3472 2206 3494 3¹
2239 3463 2317 3490 Nihil
2330 3463 2413 3489 decet·

278 3506 407 3539 imagines
421 3505 557 3531 Caesarum
569 3501 767 3539 repropitiando
779 3499 864 3527 hostes
878 3499 972 3534 Populi
984 3508 1174 3535 nuncupamur.
1215 3501 1314 3536 Repro-
1329 3506 1361 3532 95
1378 3502 1461 3528 inuita
1476 3504 1523 3533 (vt
1537 3500 1629 3531 aiunt)
1648 3498 1786 3532 Minerua,
1806 3497 1833 3524 id
1848 3497 1899 3530 est,
1917 3497 2068 3526 aduersante
2085 3504 2111 3524 et
2130 3505 2288 3533 repugnante
2302 3501 2399 3534 natura.

278 3542 383 3577 pitiari,
402 3538 465 3572 poss}
486 3539 562 3572 Vulg.
574 3539 660 3564 Leuit.
674 3546 715 3570 19,
729 3545 770 3563 22.
1376 3536 1443 3565 Add.
1457 3536 1531 3563 Idem
1545 3535 1644 3569 Topic.
1658 3543 1678 3560 e.
1693 3533 1781 3569 3seqq.
1851 3533 1921 3560 Cede
1933 3534 2089 3569 repugnanti
2128 3534 2208 3560 Ouid.
2224 3533 2255 3560 de
2268 3536 2330 3561 Arte
2343 3534 2398 3573 Λιπ-
2420 3534 2422 3541 '

314 3584 331 3602 R
342 3583 358 3602 i:
370 3583 385 3602 r
395 3583 416 3601 T
426 3582 447 3601 Α
458 3581 499 3601 nv
511 3580 530 3598 N
543 3580 559 3598 n
569 3580 589 3598 v
600 3581 612 3599 s
622 3593 629 3604 ‚
648 3580 665 3599 R
677 3579 692 3598 n
703 3579 716 3598 P
727 3578 747 3598 ‘r
758 3579 766 3598 ι
779 3578 795 3598 L
808 3578 841 3603 ιε,
861 3577 905 3597 RE
914 3576 928 3596 ι’
938 3576 959 3597 Τ
968 3577 987 3596 o
996 3590 1004 3601 ‚
1023 3569 1076 3596 vid.
1098 3576 1116 3596 R
1127 3577 1144 3597 E
1155 3576 1171 3597 P
1182 3576 1212 3597 ο.
1375 3581 1401 3606 2,
1414 3579 1469 3606 197·
1539 3570 1606 3597 Adai.
1621 3569 1689 3603 Nep.
1706 3577 1740 3601 ις,
1754 3576 1808 3601 9,2.
1923 3570 2034 3606 Conrpar.
2067 3569 2129 3602 Qio
2143 3570 2207 3605 quid
2218 3573 2398 3605 repugnantius

316 3617 335 3637 R
346 3619 363 3638 E
372 3619 386 3638 Ρ
396 3618 415 3636 ν
427 3616 442 3635 Β
454 3617 469 3636 Ε
478 3615 515 3634 sc
525 3615 543 3634 Ο
553 3628 561 3639 ,
583 3610 634 3633 ete.
669 3607 799 3641 [οἰνηβοέω]
837 3606 943 3641 Rursum
963 3605 1107 3641 pubescere,
1127 3605 1311 3642 iuueizemfieri.
1374 3607 1427 3634 dici
1441 3606 1512 3641 poffit
1533 3605 1648 3632 Laftant.
1662 3604 1693 3631 de
1707 3605 1747 3630 Ira
1756 3603 1804 3630 Dei
1819 3612 1844 3636 9.

277 3647 383 3672 Colum.
397 3655 422 3678 2,
439 3654 456 3674 1,
472 3654 489 3677 4
513 3644 576 3669 Non
590 3651 652 3676 ergo
669 3643 703 3668 est
717 3644 871 3677 exiguarum
884 3642 990 3675 frugum
1004 3641 1077 3667 causa
1088 3647 1175 3668 terrae
1188 3643 1309 3675 vetustas,
1408 3649 1427 3668 R
1438 3648 1454 3668 Ε
1463 3649 1478 3668 Ρ
1487 3649 1506 3669 ν
1515 3647 1535 3668 G
1544 3647 1595 3667 NA
1604 3647 1625 3665 T
1635 3647 1643 3666 1
1654 3646 1686 3673 O,
1700 3639 1766 3665 onis.
1791 3640 1810 3665 f.
1845 3639 1927 3667 Actus
1937 3638 2098 3676 repugnandi.
2134 3639 2210 3675 Apul.
2224 3639 2257 3666 de
2269 3639 2335 3667 Phil.
2347 3637 2407 3665 Pla·-

277 3681 295 3707 fi
310 3681 391 3708 inodo
404 3689 483 3715 quum
500 3679 576 3704 semel
596 3677 688 3703 inuasit
702 3679 834 3710 senectus,
847 3677 988 3712 regressum
1002 3685 1056 3703 non
1068 3676 1162 3709 habet,
1179 3686 1226 3704 nec
1239 3679 1363 3709 reni-100
1370 3683 1425 3705 ton.
1439 3686 1464 3711 p.
1476 3685 1492 3708 9
1516 3676 1724 3710 Repugnationes
1743 3675 1862 3702 nociuae.
1980 3710 1984 3714 ι

274 3717 383 3747 resuere,
397 3725 443 3742 nec
458 3714 623 3749 repubescere
637 3712 726 3746 potest.
1406 3719 1426 3740 R
1435 3718 1453 3738 E
1464 3718 1507 3738 Pv
1517 3716 1538 3738 G
1548 3718 1569 3737 N
1580 3718 1601 3738 A
1612 3718 1633 3737 'r
1642 3717 1661 3738 Ο
1670 3718 1699 3743 R,
1712 3711 1775 3737 oris.
1799 3720 1834 3737 in.
1870 3709 1938 3738 Beda
1951 3709 2017 3736 Hist.
2031 3708 2097 3735 Eccl.
2112 3710 2187 3745 Angl.
2199 3719 2218 3742 1,
2232 3717 2269 3745 17.
2385 3737 2389 3742 ,

313 3758 331 3777 ιι
345 3760 348 3770 τ
368 3759 382 3778 ι»
396 3757 414 3776 ν
425 3757 443 3776 n
453 3756 490 3776 iv
500 3757 534 3781 iu,
549 3749 567 3775 i.
587 3757 612 3774 n.
649 3746 807 3780 [α’ποςοὶσων,
821 3747 970 3781 αῖπσπομπὴ]
1006 3748 1109 3782 Proprie
1121 3746 1215 3774 dicitur
1232 3749 1306 3775 Recu.
1406 3754 1473 3774 RE?
1483 3752 1533 3773 νῦ
1543 3753 1594 3773 NA
1607 3752 1628 3772 T
1642 3752 1662 3772 o
1675 3752 1692 3771 R
1704 3753 1712 3771 i
1724 3754 1782 3778 vs,
1802 3755 1833 3779 a,
1853 3755 1906 3773 um.
1959 3744 2003 3772 Ad
2022 3746 2206 3781 repugnandum
2229 3746 2311 3773 utilis.
2353 3741 2395 3770 Vi»

268 3787 337 3824 satio
349 3795 392 3818 ea,
413 3795 459 3821 qua
464 3785 571 3821 sponsus
579 3782 694 3819 sponsum
704 3801 710 3811 ,
728 3784 768 3808 vel
779 3786 820 3808 uir
834 3792 933 3809 uxorem
949 3783 1065 3813 dimittit,
1084 3789 1108 3808 et
1121 3782 1171 3817 ase
1183 3786 1266 3810 reiicit
1278 3785 1306 3810 ob
1369 3789 1439 3810 truu.
1455 3791 1483 3808 10
1497 3781 1543 3809 vlt.
1571 3782 1602 3807 ln
1618 3782 1810 3815 repugnatoriis
1823 3781 1901 3816 rebus
1912 3789 1966 3807 non
1980 3786 2080 3806 tantum
2096 3780 2247 3814 machinae,
2264 3779 2307 3807 sed
2319 3779 2394 3806 etiam

272 3832 323 3850 rem
337 3823 442 3856 aliquam
452 3819 600 3855 pudendam.
671 3816 800 3850 Qinffil.
814 3824 840 3850 7,
848 3827 875 3850 4,
883 3823 908 3848 38
929 3817 1106 3852 Simpliciores
1120 3817 1181 3845 illae
1195 3820 1306 3854 quaesti·
1368 3818 1482 3845 maxime
1496 3816 1601 3844 consilia
1615 3818 1672 3843 sum
1685 3817 1865 3852 comparanda.

272 3866 336 3885 ones
349 3856 441 3884 iniusti
454 3854 559 3889 repudii
572 3865 578 3880 :
615 3852 661 3880 snb
675 3861 725 3887 qua
738 3852 794 3886 lege
808 3853 999 3881 controuersiae
1019 3851 1086 3880 illud
1102 3854 1241 3889 proprium
1260 3854 1356 3891 lia-105
1405 3861 1423 3881 ιι
1432 3859 1449 3880 Ε
1459 3859 1474 3879 Ρ
1483 3859 1503 3879 v
1513 3859 1534 3880 G
1543 3860 1564 3879 N
1574 3859 1597 3880 Α
1607 3858 1630 3878 Ν
1639 3859 1677 3880 ‘ri
1687 3859 1725 3885 A,
1745 3862 1783 3880 ae.
1809 3853 1833 3883 f.
1865 3849 2032 3886 [ἐναντιότης]
2068 3850 2126 3879 Cic.
2139 3851 2253 3888 Philipp.
2266 3860 2296 3886 2,
2309 3858 2336 3884 19
2345 3850 2392 3911 ἓξ

2362 3890 2374 3908 e

1770 1697 1876 1724 Sensum
1889 1699 2054 1724 communem
2066 1703 2173 1723 naturae
2193 1697 2248 1724 Cic.
2261 1706 2307 1732 pro
2318 1698 2392 1726 Dom.
2420 1720 2422 1731 ‚

265 2032 299 2050 na
310 2019 475 2056 reprobati-ix
489 2016 634 2051 superbiae.

303 2064 321 2083 R
332 2063 349 2083 E
358 2063 372 2081 P
381 2062 399 2081 R
408 2062 426 2078 o
436 2061 452 2081 Β
462 2061 481 2079 Α
492 2059 507 2079 13
515 2060 524 2078 1
534 2059 551 2078 L
559 2058 569 2076 1
579 2058 602 2082 s,
617 2059 639 2075 e.
659 2050 718 2076 Adi.
754 2051 855 2085 Dignus
866 2069 874 2082 ,
888 2052 931 2084 qui
944 2049 1094 2085 reprobetur.
1130 2051 1303 2086 Reprobabjfi

266 2099 355 2121 mente
372 2093 481 2123 interpr.
494 2089 563 2114 Iren.
576 2092 651 2119 4,54.
721 2084 926 2118 Reprobabilem
941 2086 1091 2112 consecrare
1106 2086 1283 2120 Sarisb.7,20.
1320 2094 1348 2120 55

303 2136 322 2155 R
331 2135 347 2155 ιε
355 2134 369 2153 12
378 2134 396 2153 R
404 2132 423 2151 o
432 2132 448 2152 Β
457 2132 478 2151 Α
488 2130 510 2150 Τ
522 2130 530 2149 1
542 2127 559 2148 C
571 2128 579 2147 1
591 2128 611 2147 v
620 2128 641 2151 s,
656 2129 678 2151 a,
691 2128 745 2145 um.
782 2119 857 2145 Idem.
894 2117 1081 2152 οέποδοκιμαςέος
1099 2121 1178 2148 Gloff.
1193 2123 1249 2148 Lat.
1257 2124 1302 2149 Gr.

307 2170 325 2190 R
335 2170 351 2190 Ε
359 2169 374 2188 Ρ
383 2169 401 2188 R
410 2160 428 2187 ὀ
437 2167 452 2187 Β
462 2167 481 2186 V
490 2167 513 2190 S,
526 2166 548 2188 a,
561 2166 615 2183 um.
625 2155 685 2182 Adi.
706 2152 839 2192 ζᾶδόκιμος
850 2153 930 2180 Gloff.
942 2154 997 2180 Lat.
1011 2155 1079 2189 Gn]
1097 2156 1176 2190 Vulg.
1189 2158 1301 2191 Interpr.

267 2200 347 2226 Rom.
361 2207 381 2230 1,
396 2202 431 2226 28-
501 2192 608 2228 leian.
622 2190 640 2216 l.
655 2199 684 2221 24
698 2193 721 2227 9.
737 2199 746 2216 1
760 2189 787 2216 ff.
802 2190 832 2216 de
845 2189 917 2224 pigri.
931 2189 982 2217 aci.
1002 2190 1057 2223 Qii
1070 2191 1198 2224 reprobos
1211 2200 1305 2218 numos

267 2235 350 2262 soluit
366 2229 503 2259 creditori.
721 2259 726 2263 ”

305 2277 325 2297 R
334 2277 350 2296 E
359 2275 374 2294 P
384 2275 401 2293 R
413 2274 431 2294 O
442 2272 466 2292 M
480 2270 519 2290 1T
529 2271 549 2290 T
559 2269 589 2295 0,
603 2261 659 2288 ¹¹¹3st
670 2281 678 2293 ‚
692 2260 793 2286 missum
802 2279 810 2291 ,
825 2260 878 2286 ὅτε.
914 2259 1035 2294 Spondere
1043 2258 1188 2294 stipulanti.
1225 2261 1306 2288 Plaut.
1315 2267 1349 2292 60

270 2305 341 2332 Afin.
358 2312 370 2330 2
393 2312 420 2336 4,
435 2306 468 2333 48
488 2301 587 2326 Verum
600 2298 664 2324 istuc
675 2300 810 2330 argentum
827 2300 912 2321 tamen
936 2294 1004 2320 mihi
1018 2294 1035 2320 fi
1060 2295 1100 2320 vis
1124 2296 1305 2328 denumerare,

269 2324 454 2375 repi‘oin’ittam
471 2336 533 2362 istoc
546 2335 655 2361 nomine
670 2332 780 2357 solutam
794 2338 850 2357 rem
863 2330 989 2356 futuram.
1028 2332 1048 2356 i.
1070 2331 1232 2365 stipulatione
1252 2341 1267 2356 a
1281 2337 1306 2357 te
