2434 4156
226 100 287 138 139
617 78 650 120 R
734 79 768 121 E
850 79 889 122 L
1728 77 1763 120 R·
1817 79 1871 121 ,E
1950 76 1988 123 ι,
2269 65 2360 134 ,ιφ

199 150 208 158 Π.
228 183 275 201 nec
289 177 341 199 arte
354 177 401 195 nec
415 168 540 204 sapientia
553 170 692 205 prouideri
706 171 818 205 possunt,
838 177 867 197 vt
880 171 1009 205 Superest,
1028 171 1124 198 Restat.
1174 168 1268 204 Nempe
1327 171 1450 200 Numixm.
1466 168 1532 205 Diff-
1545 178 1570 203 ¹3
1587 175 1615 206 p.
1628 178 1678 205 55²·
1714 168 1772 196 add.
1792 169 1938 201 symmach.
1951 171 2030 206 Epist.
2045 178 2090 204 10,
2109 178 2155 206 47.
2242 169 2366 207 Accepisse¹

227 210 355 236 iuratione
365 208 510 242 pecutzfariq
517 207 590 242 saepe
604 206 648 233 illa
661 206 777 240 conclusio
791 204 834 239 est,
849 213 873 232 et
885 206 949 233 illud
961 207 1027 243 quod
1038 205 1215 240 computatione
1230 203 1267 239 es·
1326 209 1352 234 se
1365 207 1468 242 reliqua
1482 216 1540 233 mea
1553 206 1679 233 Camillus
1693 205 1783 232 scribit
1802 205 1858 232 Cic.
1875 207 1926 234 Att.
1939 209 1965 240 6,
1980 217 1998 234 1.
2017 211 2034 234 i.
2055 217 2114 244 quae
2134 205 2197 233 mihi
2217 207 2310 241 reliqua
2329 207 2368 236 de„

220 244 340 279 fecimus,
354 240 424 275 scire
437 241 497 282 quid
509 242 683 282 relinquatur,
698 241 819 276 supersit,
839 241 925 268 restet.
994 243 1050 269 Cic.
1065 243 1116 267 Att-
1130 247 1160 270 9,
1177 247 1196 270 4
1217 239 1268 265 Re·
1327 243 1423 270 bantur.
1495 242 1620 270 Trahere
1633 242 1744 275 reliqua,
1765 241 1828 277 quod
1838 241 2055 270 aliiContrahere
2068 244 2159 269 dicunt
2181 241 2283 267 Paullus
2296 242 2322 268 ff.
2335 243 2368 269 de

228 275 368 307 linquitur,
387 281 415 302 vt
428 280 446 302 ιι
461 278 594 304 vmcimur
608 286 636 303 in
649 277 966 311 Hispania,qujescamns.
1038 278 1127 303 Donec
1140 273 1268 300 sextarius
1330 278 1557 305 administratione
1585 283 1612 305 et
1641 277 1759 312 periculo
1791 282 1911 303 tutorum
1933 277 1950 304 l.
1963 281 1999 312 46
2019 279 2114 305 Lucius
2127 277 2238 309 Titius,
2257 277 2369 305 Cura‘tor

226 310 391 344 relinquatur
402 311 586 347 Scribon.'127.
680 312 865 345 Relinquendo
883 313 963 339 Ouid.
976 312 1059 339 Trist.
1072 319 1094 341 3,
1108 317 1141 341 13,
1155 317 1171 342 9
1188 310 1271 344 Inque
1294 318 1308 345 ς
1331 313 1392 340 Caii
1405 314 1459 340 Seii
1470 320 1589 348 tempore
1603 322 1680 340 curae
1692 312 1804 339 fundum
1817 312 2005 340 Cornelianum
2016 314 2115 341 locauit
2135 312 2303 346 Sempronio:
2321 313 2369 347 qui

226 345 413 380 relinquendo,
427 348 498 382 quod
513 347 582 374 idem
597 347 682 373 secere
699 346 815 382 sodales,
832 348 880 375 Tu
894 357 1000 383 quoque
1021 345 1125 373 dixisses
1142 344 1222 372 tristis
1241 345 1271 371 in
1331 349 1501 384 Sempronius
1513 350 1617 383 reliqua
1632 350 1721 375 traxit.
1790 349 1831 376 Sic
1845 350 1907 374 enim
1919 347 2006 375 babent
2020 347 2159 376 PandeHae
2177 349 2244 374 Flor.
2259 355 2282 374 et
2294 349 2368 377 Halo.-

226 381 305 414 vrbe,
323 382 390 409 vale.
425 385 458 409 at.
479 385 587 417 Iamque
605 382 785 416 relinquendi.
1330 384 1418 411 ander.
1490 385 1581 412 Ibidem
1597 386 1678 421 paullo
1693 382 1764 420 post,
1782 384 1819 410 Ex
1834 383 1935 422 ’quibus
1956 385 2079 417 quidam,
2098 393 2181 418 quum
2200 383 2302 417 reliqua
2319 389 2370 418 tra,-

263 423 496 456 RELINQVEN
507 425 529 449 s,
547 418 623 444 entis.
660 417 753 444 Partic.
806 418 904 444 Catull.
918 420 964 450 36,
982 427 994 450 3
1015 416 1175 451 Relinqucns
1190 414 1271 443 Comi
1332 418 1435 452 herent,
1455 420 1546 447 idonei
1559 421 1615 455 ipso
1635 427 1753 455 tempore
1771 419 2004 446 administrationis
2023 421 2072 447 esse
2091 419 2229 446 desierunt.
2277 419 2371 453 Papia.

227 453 343 480 moenia.
379 454 498 486 Paterm,
508 461 545 488 17,
553 455 729 488 70ccupatam
738 453 889 486 relinquens
903 454 1039 480 materiam
1051 452 1270 485 quaeritnouam.
1330 454 1360 480 in
1373 455 1390 481 1,
1410 456 1505 482 Seruus
1522 456 1540 483 fi
1560 456 1652 483 heredi
1673 454 1696 491 ᾗ,
1713 464 1722 481 1
1750 455 1781 481 D,
1802 454 1834 481 de
1852 454 1926 488 statu}
1941 454 2046 487 liberis,
2066 455 2146 489 de
2161 454 2371 488 rescript11m1ita

267 493 441 515 RELICTV
452 496 482 522 s,
504 498 529 522 a,
541 499 595 515 nm.
633 490 726 516 Partic.
762 489 956 523 [ἀπολειφθεὶς]
992 487 1060 514 Ter.
1074 487 1138 514 Eun.
1154 496 1183 522 2,
1199 496 1229 519 α,
1242 494 1271 519 ςς
1286 496 1317 516 ιο
1333 490 1417 524 accipi
1434 491 1528 518 debet:
1561 497 1590 518 vt
1611 491 1740 525 sireliqua
1759 499 1814 517 non
1831 490 1932 522 trahat,
1954 489 2023 517 liber
2039 491 2077 518 fit.
2130 489 2210 524 Quod
2230 489 2248 516 si
2271 488 2375 517 trahata

229 523 288 551 Eho
319 533 444 551 numnam
485 530 513 551 tu
544 524 587 551 hic
617 525 725 551 relicius
752 524 851 557 custos,
882 533 915 550 ne
941 523 999 557 quis
1030 523 1101 549 forte
1134 524 1271 550 internun-
1334 524 1372 550 ita
1386 525 1490 552 demum
1500 546 1508 558 ‚
1527 526 1545 553 fi
1569 526 1698 554 obtulerit
1722 535 1778 554 eam
1801 526 1992 559 quantitatem,
2009 535 2076 560 quae
2094 525 2203 554 refundi
2215 524 2323 557 debuit,
2339 533 2373 553 ex

229 559 282 586 tius
301 560 368 586 clam
389 570 404 586 a
423 560 510 586 milite
529 560 561 586 ad
585 559 659 587 istam
681 559 800 586 cursitet?
893 561 991 593 Pauper
1011 559 1063 584 iam
1084 568 1099 585 a
1118 558 1266 586 maioribus
1334 558 1388 585 fide
1399 561 1526 597 veritatis.
1581 561 1622 596 Est
1651 566 1662 589 i
1680 566 1733 589 itur
1764 562 1876 597 Reliqua
1907 561 2027 594 trahere,
2044 561 2108 588 idem
2135 562 2199 597 quod
2228 558 2372 593 ReliquariL

227 594 337 623 ῐΕΙίἕΪυς
358 595 481 629 Nep.1‚-‚
501 604 524 628 2,
550 604 568 622 1-
637 596 702 623 Plin·
722 595 799 629 Epist·
811 603 844 629 9,
864 598 895 627 36
904 602 947 630 pr·
967 593 1006 619 Ab
1022 593 1062 621 his
1076 604 1143 629 quae
1156 600 1268 621 ὃῑΙΟΕὸΠῑ
1333 593 1354 630 ἦ
1373 603 1393 627 4
1427 596 1579 631 Relliquus‚
1596 599 1637 625 vel
1658 573 1811 629 {ellicuusb
1839 597 1972 632 scribunt,
1992 599 2035 632 qui
2054 603 2178 629 metuunt,
2196 605 2225 622 ne
2244 604 2274 623 re
2293 596 2374 631 solum

228 630 367 663 abdueius,
389 638 414 657 et
427 631 504 662 liber,
522 638 547 657 et
561 631 628 657 mihi
645 631 769 664 relicuus,
789 640 843 657 non
856 631 944 657 oculos
960 629 1066 661 animo,
1086 630 1130 657 sed
1151 630 1270 657 animum
1328 629 1437 666 produci
1449 632 1588 667 nonpqffit.
1630 634 1661 660 V.
1684 643 1709 670 g.
1745 633 1866 660 Rcllicuo
1878 638 1997 667 tempore
2017 632 2119 660 Lucret.
2134 641 2155 665 1,
2168 635 2227 665 560.
2282 631 2328 658 Sed
2340 637 2375 658 et-

229 667 313 694 oculis
327 668 430 701 sequor.
501 666 586 699 Solus,
607 667 682 700 inops
691 687 699 699 ,
719 668 818 701 exspes,
830 666 883 692 leto
899 673 1050 700 poenaeque
1063 666 1170 693 relictus
1190 665 1273 692 Ouid.
1289 668 1315 694 15
1333 669 1383 693 iam
1397 665 1511 700 Reliquo
1519 670 1603 702 prima
1614 669 1705 705 longa,
1727 676 1751 696 et
1763 675 1868 704 quatuor
1880 668 1986 703 Syllabis
1999 670 2049 704 legi
2058 666 2137 704 potest
2151 679 2159 694 .·
2185 665 2254 702 etfic
2266 667 2374 694 flauere.

229 702 294 729 Met.
310 711 346 734 ιι,
359 709 412 736 217.
484 702 517 727 At
530 707 574 734 tu,
591 711 657 734 oro,
673 703 756 729 solare
769 703 874 735 inopem
883 720 891 732 ,
909 706 935 726 et
947 701 1066 728 succurre
1078 701 1187 728 relifftae
1198 701 1274 734 Virg.
1335 700 1410 736 Conf.
1424 710 1448 733 2,
1469 709 1512 735 953
1530 703 1573 729 vbi
1585 704 1858 740 Relliquiaescrlbunt
1869 704 1977 740 quidam.

229 738 295 764 Aen.
310 746 336 770 9,
353 745 410 769 290.
516 737 571 763 Cic.
585 746 633 771 pro
647 737 737 764 Rabir.
751 746 781 769 23
801 738 888 763 Nemo
901 735 937 762 est
950 737 1057 771 inquam
1077 737 1200 763 inuentus
1219 742 1273 762 tam
1372 744 1391 763 R
1401 743 1417 763 E
1428 742 1444 762 L
1455 734 1523 775 iqv
1534 743 1555 764 Ο
1565 745 1583 764 R
1593 758 1602 771 ‚
1620 740 1669 766 ari.
1705 740 1854 774 Deponens.
1890 737 2077 773 [λοιποίζομαι]
2112 739 2163 765 Aes
2175 740 2282 766 alienum
2299 747 2327 764 ex
2338 746 2375 765 rev

229 773 393 808 profligatus,
411 778 463 798 tam
477 772 602 806 perditus,
617 779 668 799 tam
683 773 715 799 ab
728 772 802 799 omni
817 780 870 797 non
881 771 964 798 modo
979 772 1124 805 honestate,
1137 772 1179 799 sed
1193 772 1274 798 etiam
1334 773 1413 807 liquis
1424 774 1549 798 rationum
1560 775 1711 802 contrahere.
1746 775 1849 802 Paullus
1872 775 1903 801 de
1916 774 2142 801 administratione
2156 780 2291 806 tutorum,
2310 773 2329 798 l.
2343 773 2376 800 L.

230 808 396 835 simulatione
409 807 551 834 honestatis
569 809 692 841 relictus,
712 809 758 842 qui
782 808 807 832 sc
828 808 856 833 in
869 808 1004 842 Capitolio
1018 808 1096 834 fuisse
1116 817 1175 834 cum
1188 808 1274 833 Satur·
1335 808 1447 840 Titius,
1466 807 1568 834 Paullus
1585 809 1737 844 respondit,
1756 819 1810 837 non
1826 819 1857 837 ex
1871 819 1914 842 co,
1925 811 1996 844 quod
2011 810 2113 836 adultus
2126 819 2194 841 eum,
2207 811 2254 844 qui
2269 807 2377 843 praedia.

229 846 295 870 nino
307 845 441 870 fateretur.
497 844 570 876 Quid
583 844 678 870 faciat}
693 843 804 868 multum
819 843 883 869 caeli
897 843 953 877 post
966 850 1037 878 terga
1051 844 1173 870 relietum
1189 842 1272 869 Ouid.
1284 855 1321 874 20
1336 844 1392 870 eius
1406 843 1504 874 coluit,
1522 851 1719 877 procuratorem
1733 846 1830 873 habere
1843 846 1931 872 voluit
1946 857 1951 872 :
1988 845 2106 872 debitum
2120 845 2192 879 quod
2206 854 2238 871 ex
2264 843 2378 870 conditi-

230 880 296 906 Met.
312 888 338 912 2,
355 884 406 913 187.
431 878 459 904 de
475 880 632 905 Phaethonte.
701 879 750 903 Aes
764 878 879 904 alienum
894 879 1017 905 relietum
1039 880 1095 905 Cic.
1116 888 1164 913 pro
1179 879 1273 911 Quint.
1335 887 1388 905 one
1411 879 1558 912 reliquatus
1582 880 1631 912 est,
1648 881 1779 914 agnouisse
1797 891 1858 908 eum
1871 881 1967 908 videri.
2075 881 2201 915 leianus
2213 880 2245 907 de
2259 879 2377 906 Muneri.

232 922 276 950 77.
348 915 440 940 Aetate
453 914 546 940 relicta
559 914 706 940 dissimilem
718 913 836 940 animum
850 914 932 941 subiit
947 914 1028 941 Ouid.
1042 916 1106 941 Met.
1119 923 1146 949 7,
1162 922 1217 948 170.
1245 913 1274 940 de
1337 914 1385 941 bns
1399 920 1424 940 ct
1439 913 1604 947 honoribus,
1625 916 1642 941 l.
1656 917 1809 951 Rescripto,
1828 917 1878 943 Eos
1891 918 1999 944 demum
2013 916 2147 944 debitores
2161 917 2238 950 Reip.
2259 915 2378 949 accipere

228 950 322 985 Agfime
329 950 387 985 sene
395 947 519 984 pristinae
530 952 652 975 iuuentuti
664 948 786 982 restituto.
880 951 1029 976 Arbitrium
1043 949 1166 976 relietum
1179 949 1275 983 cuique
1335 949 1462 976 debemus
1470 970 1479 982 ‚
1498 950 1545 983 qui
1559 957 1590 976 ex
1603 950 1830 979 administratione
1845 953 1920 987 Reip.
1932 953 2110 987 reliquantur.
2180 951 2256 988 Conf-
2288 951 2378 978 Scaeu.

229 985 395 1018 intelligendi
416 984 517 1017 Pliu.6,
534 993 576 1016 29.
643 985 741 1011 Cursus
754 984 861 1012 relicios
875 986 973 1012 iterare
994 986 1061 1012 Hor.
1075 986 1161 1012 Carm.
1169 994 1190 1017 1,
1203 991 1274 1018 345.
1335 985 1355 1013 l.
1374 993 1409 1012 20
1428 983 1451 1022 §.
1469 994 1478 1011 1
1497 984 1523 1013 ff.
1540 984 1572 1011 de
1586 985 1670 1013 fundo
1691 987 1765 1014 instr.

229 1020 306 1047 Fides
321 1019 413 1046 reneka
431 1020 513 1046 Ouid.
527 1019 558 1046 de
573 1021 634 1046 Arte
649 1021 708 1046 Am.
721 1029 749 1052 3,
762 1023 824 1053 460.
914 1021 1076 1047 Haeredinm
1096 1029 1110 1047 a
1128 1026 1201 1054 patre
1214 1020 1317 1055 reli-25
1370 1027 1416 1047 RE
1426 1028 1460 1047 LI
1470 1027 1545 1059 QVA
1555 1026 1577 1046 T
1588 1027 1643 1054 ιο,
1665 1022 1732 1048 onis.
1756 1023 1777 1049 f.
1814 1024 1995 1058 [λοιπογραφία
2009 1023 2088 1051 Glofl'.
2105 1022 2230 1057 Philox.]
2266 1023 2380 1058 Reliquo-

229 1055 303 1082 ‹0nnn
315 1054 426 1080 habebat
440 1055 509 1090 Nep.
523 1064 564 1088 24,
577 1064 596 1088 ι,
611 1064 630 1082 ι.
679 1057 719 1083 Sic
731 1055 892 1082 Poffeffiones
906 1064 920 1083 a
934 1057 1081 1084 maioribus
1092 1056 1202 1084 relictae
1215 1055 1273 1082 Cic.
1334 1066 1389 1083 rum
1401 1060 1527 1086 rationes,
1546 1057 1586 1082 vel
1596 1059 1607 1082 i
1618 1057 1650 1092 fi:
1663 1058 1720 1084 adeo
1733 1060 1842 1093 reliqua,
1863 1058 1891 1084 de
1903 1060 1987 1093 quibus
1999 1060 2068 1086 modo
2080 1070 2104 1085 η.
2121 1070 2146 1094 4.
2202 1058 2307 1085 Paullus
2319 1059 2347 1084 in
2358 1057 2387 1084 1.=

229 1090 263 1116 de
278 1091 306 1116 L,
317 1091 377 1124 Agr.
392 1099 412 1122 1,
428 1099 449 1116 2.
541 1091 620 1118 Locis
633 1091 735 1118 relictis
755 1093 821 1118 Hor.
836 1093 986 1125 Carn1.2,1,
998 1101 1038 1127 37.
1118 1093 1173 1119 Mei
1188 1091 1204 1118 fi
1219 1100 1271 1125 qua
1336 1092 1392 1125 Qu
1405 1090 1575 1124 nominibus,
1596 1064 1628 1118 ὅ.
1644 1091 1676 1119 de
1687 1093 1833 1120 administr.
1849 1100 1874 1120 et
1887 1095 1967 1128 peric.
1975 1101 2023 1122 tut.
2059 1095 2107 1122 Sed
2120 1102 2144 1122 et
2159 1094 2177 1121 si
2191 1094 2308 1128 pupillus
2322 1093 2380 1128 post.

229 1132 317 1153 tamen
330 1126 366 1152 cst
381 1125 447 1152 inte
459 1125 502 1160 pia
515 1135 577 1154 cura
595 1127 683 1154 reli&i
701 1127 783 1154 Ouid.
804 1128 895 1154 Amor.
912 1137 940 1161 2,
960 1131 1002 1160 16,
1024 1136 1069 1163 47.
1170 1125 1275 1154 Officiis
1336 1127 1503 1162 pubertatem
1522 1127 1672 1155 rationibus
1689 1137 1704 1155 a
1722 1135 1810 1156 tutore
1829 1130 1955 1162 acceptis,
1979 1131 2184 1165 reliquationem
2201 1131 2257 1155 cius
2279 1131 2380 1155 secutus

230 1161 356 1188 omnibus
369 1162 470 1188 relictis
488 1163 555 1189 Hor.
570 1163 648 1198 Epist.
663 1172 692 1194 2,
705 1172 730 1195 2,
743 1166 786 1198 67.
880 1164 1012 1191 Omnibus
1027 1163 1126 1190 relictis
1139 1163 1208 1190 mihi
1223 1163 1275 1189 fre·
1336 1163 1426 1190 vsnras
1441 1163 1616 1198 acceptauerit
1631 1173 1637 1190 :
1672 1164 1847 1198 priuilegium
1860 1164 1935 1191 suum
1947 1173 2001 1192 non
2019 1167 2117 1193 amittit
2135 1167 2163 1192 in
2185 1165 2263 1191 bouis
2282 1164 2382 1191 tutoris

203 1210 207 1211 ⁷
230 1204 355 1232 quentem
368 1206 475 1231 operam
488 1198 594 1225 dedistis
609 1199 689 1226 Plaut.
706 1199 794 1225 Cistel.
805 1207 825 1231 1,
838 1207 856 1230 1,
869 1202 895 1226 6.
929 1199 997 1236 conf.
1011 1200 1082 1227 Caes.
1096 1200 1124 1226 Β.
1133 1200 1163 1226 C.
1177 1208 1205 1232 3,
1221 1207 1274 1225 102.
1286 1207 1319 1232 30
1336 1198 1463 1225 venditis.
1534 1198 1654 1226 Tertull.
1668 1199 1700 1225 de
1715 1200 1810 1225 Anima
1818 1202 1849 1232 56
1870 1199 1951 1226 Aiunt
1964 1206 1988 1226 et
2000 1201 2140 1229 immatura
2157 1207 2243 1227 morte
2257 1208 2382 1234 praeuen-

229 1233 319 1260 Rcbus
333 1233 449 1264 reli&is;
468 1232 584 1266 vfitatum
597 1234 709 1270 loquenti:
740 1244 797 1260 enus
812 1235 950 1268 veteribus,
970 1235 1033 1270 quod
1046 1235 1109 1261 idem
1121 1236 1188 1261 valet
1202 1241 1275 1269 atque
1339 1239 1378 1261 tas
1391 1237 1488 1260 animas
1500 1242 1533 1259 co
1545 1243 1629 1268 vsque
1642 1235 1734 1269 vagari
1745 1234 1802 1260 istic
1811 1254 1820 1266 ,
1832 1235 1915 1261 donec
1928 1234 2069 1271 reliquatio
2081 1237 2244 1272 compleatur
2256 1242 2382 1269 aetatum,

230 1268 319 1295 Rebus
333 1269 390 1294 aliis
402 1268 526 1295 omnibus
539 1269 648 1297 reliciis.
703 1271 719 1296 P
732 1276 784 1297 aut.
793 1269 868 1304 Epid.
879 1279 905 1304 4,
914 1280 938 1303 2,
948 1279 974 1304 33
993 1272 1046 1306 Ego
1058 1270 1160 1297 reli&is
1175 1270 1275 1303 Rebus,
1329 1278 1401 1305 *quas
1415 1276 1472 1296 tum
1486 1269 1672 1304 peruixissent‚
1692 1269 1710 1296 si
1725 1279 1779 1296 non
1793 1270 1974 1304 intempestiue
1986 1272 2115 1299 obiissent.

229 1304 379 1343 Epidicum,
387 1313 494 1338 operam
503 1305 738 1339 quaerendodabo.
760 1306 966 1340 Lucret.3‚1084
983 1321 1028 1326 --
1048 1308 1104 1333 Iam
1116 1306 1196 1334 rebus
1204 1305 1275 1339 quis·
1374 1311 1419 1331 RE
1430 1308 1656 1344 LIQVATOR,
1677 1305 1742 1331 oris.
1763 1314 1798 1331 m.
1834 1306 1885 1341 Qss'
1897 1308 1991 1341 reliqua
2002 1311 2151 1341 contraxit:
2188 1309 2239 1343 Qui
2255 1311 2382 1344 integrum
2418 1318 2420 1336 ι

230 1347 281 1372 que
294 1338 394 1365 teneus
415 1339 543 1365 Naturam
558 1341 674 1373 primum
687 1341 787 1367 studeat
806 1343 962 1375 cognoscere
982 1350 1080 1370 rerum.
1122 1341 1190 1377 conf.
1206 1341 1275 1368 Ter.
1336 1350 1385 1368 mm
1403 1341 1498 1376 soluit,
1516 1341 1581 1374 quod
1601 1350 1630 1366 ex
1649 1340 1790 1366 rationibus
1813 1340 1919 1372 debebat,
1929 1341 1975 1375 scd
1992 1349 2089 1375 partem
2107 1346 2173 1370 aeris
2191 1347 2266 1370 aneni
2283 1344 2382 1380 seruat.

229 1374 313 1402 Andr.
330 1384 352 1405 2,
365 1382 388 1407 ς,
402 1383 421 1400 1.
509 1375 597 1401 Herus
610 1384 652 1400 mc
668 1376 770 1401 relictis
791 1377 868 1402 rebus
882 1377 947 1403 iussit
961 1377 1127 1411 Pamphilum
1139 1385 1275 1410 quaerere.
1291 1388 1321 1414 ὃς
1336 1375 1475 1407 Scaeuola,
1499 1376 1538 1402 De
1557 1376 1735 1402 solutionibus
1753 1382 1778 1402 et
1797 1375 1902 1402 liberat.
1923 1375 1941 1401 l.
1964 1376 2104 1405 Creditor,
2124 1378 2245 1403 Valerius
2259 1379 2288 1405 L.
2303 1378 2382 1405 Titii
2418 1395 2419 1401 ,

228 1410 297 1439 Add.
314 1411 408 1437 Donat.
422 1409 453 1436 ad
467 1410 491 1437 h.
504 1411 522 1437 I.
593 1410 680 1437 Postes
694 1418 707 1435 a
722 1416 797 1444 tergo
811 1411 899 1436 relicti
920 1412 996 1445 Virg.
1006 1413 1072 1437 Aen.
1081 1420 1107 1442 2,
1119 1419 1180 1443 454.
1236 1410 1276 1437 Id.
1337 1413 1428 1438 seruus
1441 1411 1549 1445 scripsit,
1563 1411 1659 1445 Accepi
1673 1419 1688 1436 a
1701 1411 1810 1437 Marino
1823 1412 1945 1437 Materno
1957 1418 1988 1436 ex
2002 1410 2101 1436 summa
2114 1411 2215 1436 maiore
2227 1406 2266 1438 tot
2279 1421 2382 1440 aurcos.

230 1445 299 1473 ibid.
313 1455 334 1479 ς,
346 1455 387 1478 321
404 1446 555 1479 Insequitur
569 1447 666 1473 Salius:
685 1445 774 1480 Spatio
788 1446 844 1480 post
857 1445 951 1472 deinde
971 1446 1083 1478 reneio,
1101 1446 1214 1471 Tertius
1227 1446 1276 1470 Eu·
1339 1447 1448 1478 Qaero
1463 1455 1496 1472 an
1516 1446 1579 1473 haec
1599 1446 1698 1472 summa
1717 1446 1746 1471 in
1765 1446 1918 1480 proximum
1939 1454 2038 1472 annum
2051 1445 2075 1470 ei
2087 1452 2190 1476 accepta
2202 1446 2267 1471 ferri
2279 1447 2384 1480 debeat,

230 1482 327 1514 ryalus.
345 1485 363 1508 i.
376 1480 521 1514 intermisso,
540 1481 714 1508 intercedente.
804 1482 910 1508 Virtute
924 1481 1016 1508 relifta
1030 1480 1161 1507 inuidiam
1175 1480 1277 1515 placare
1339 1489 1423 1514 quum
1458 1482 1602 1515 superioris
1637 1482 1702 1508 anni
1733 1481 1764 1508 sit
1795 1481 1964 1515 reliquum-3
2035 1481 2110 1516 Cous.
2130 1479 2229 1509 Crinit.
2243 1479 2274 1506 de
2285 1481 2384 1516 bonella

230 1526 306 1553 paras
325 1518 391 1544 Hor.
405 1517 485 1543 serm.
495 1525 520 1550 z,
532 1526 556 1550 3,
571 1526 604 1548 13.
678 1517 738 1543 Vita
752 1518 936 1544 tantummodo
950 1516 1042 1544 relicta
1057 1516 1091 1543 est
1105 1515 1174 1542 mihi
1193 1515 1276 1542 Ouid.
1337 1516 1439 1552 diftipI.
1451 1526 1491 1550 15,
1503 1525 1526 1548 3.

233 1562 264 1580 ex
281 1554 353 1579 Pont.
369 1564 391 1585 a,
406 1555 444 1585 16,
458 1557 495 1585 48.
585 1554 713 1587 Repeterc
726 1552 819 1579 relicta
840 1553 906 1579 Hor.
919 1553 997 1587 Epist.
1015 1561 1040 1584 1,
1054 1560 1080 1588 7,
1096 1560 1136 1586 ²7·
1227 1551 1322 1588 ἷζε-4ο
1378 1558 1395 1577 R
1407 1558 1422 1577 Ε
1432 1558 1447 1577 L
1458 1559 1465 1576 1
1476 1558 1526 1588 Qv
1537 1557 1557 1577 Α
1571 1556 1593 1577 Τ
1604 1557 1643 1578 RI
1653 1559 1687 1583 x,
1704 1551 1760 1578 icis.
1786 1552 1806 1578 f.
1844 1551 1964 1579 Tertull.
1978 1551 2010 1578 de
2025 1551 2121 1577 Anima
2134 1559 2155 1576 c.
2169 1558 2195 1582 35
2216 1551 2306 1579 Anima
2317 1553 2375 1580 reli.

230 1589 303 1619 licia,
322 1590 392 1615 Loca
400 1590 468 1621 sunt,
476 1597 541 1624 quae
554 1589 652 1616 limites
665 1598 719 1615 non
732 1594 896 1623 acceperunt,
911 1595 940 1615 vt
953 1591 990 1615 ait
999 1587 1142 1615 Frontinus
1155 1585 1186 1613 de
1194 1586 1278 1613 Limi·
1338 1587 1445 1620 quatrix
1459 1586 1619 1614 defletorum
1631 1587 1715 1613 donec
1731 1587 1849 1614 exsoluat
1868 1587 2034 1614 nouiffimum
2051 1585 2231 1621 quadrantem.

228 1625 300 1652 tibus
314 1634 338 1659 p.
346 1627 379 1651 62
395 1624 462 1660 Goes.
1294 1630 1295 1633 ’
1373 1629 1392 1649 R
1402 1629 1418 1648 Ε
1430 1629 1446 1649 L
1457 1629 1524 1662 le
1535 1630 1543 1648 1
1553 1630 1574 1649 Λ
1584 1643 1593 1655 ,
1610 1631 1649 1649 ae.
1671 1623 1691 1650 f.
1730 1623 1805 1657 Apul.
1821 1623 1898 1658 Apol.
1911 1632 1936 1657 p.
1951 1630 2004 1658 277
2020 1623 2240 1659 Conuerritorem
2253 1622 2378 1657 pridianae

269 1667 288 1686 R
301 1667 316 1686 E
329 1667 345 1686 1.
357 1667 436 1687 1CT1
447 1667 466 1686 ο
477 1679 485 1692 ,
506 1660 574 1686 onis.
608 1660 628 1686 f.
666 1659 877 1694 [ἕγκατοέλειψις]
928 1661 983 1687 Cic.
998 1661 1076 1686 Verr.
1093 1667 1113 1691 ι,
1127 1666 1154 1692 35
1173 1657 1278 1691 Quibus
1341 1658 1483 1693 reliquiae.
1519 1658 1547 1684 df
1554 1659 1692 1694 pulmsculo
1705 1658 1863 1694 dentifricio.

231 1695 303 1721 illam
318 1695 486 1722 relietionem
506 1694 741 1729 proditionemque
755 1696 893 1728 Consulis,
908 1703 954 1722 etc.
991 1696 1076 1722 Paullo
1095 1702 1154 1721 amo
1171 1695 1278 1724 dixerat,
1376 1700 1421 1720 RE
1432 1700 1448 1720 L
1459 1700 1527 1732 IQV
1538 1700 1547 1719 1
1557 1701 1596 1726 A,
1615 1703 1704 1720 orum.
1731 1703 1758 1720 n.
1799 1695 1838 1721 Pl.
1876 1693 2016 1728 [adulantum
2035 1692 2224 1726 κατάλημμα]
2260 1693 2379 1721 Laudatur

229 1731 391 1762 Consulem,
410 1730 571 1761 exercitum,
590 1731 810 1765 prouinciamque
825 1731 948 1760 deseruit.
1055 1730 1127 1757 Idem
1142 1731 1194 1756 Att.
1208 1732 1246 1762 16,
1261 1737 1278 1763 7
1289 1736 1325 1764 45
1341 1729 1451 1756 Phaedr.
1474 1729 1537 1756 Fab.
1554 1739 1574 1764 1,
1583 1738 1626 1764 22,
1640 1732 1656 1756 6
1676 1731 1711 1756 Vt
1724 1730 1822 1756 fruaris
1836 1730 1974 1764 reliquiis,
2011 1729 2085 1761 Quae
2106 1729 2163 1755 sunt
2174 1727 2270 1756 rosuri.
2336 1728 2381 1757 Sed

231 1766 311 1799 Qiod
324 1766 466 1800 effingin'em
479 1765 540 1792 duas
554 1766 681 1792 maximas
694 1767 910 1801 vituperationes.
968 1767 1068 1797 Vnam,
1089 1775 1169 1800 quam
1183 1766 1279 1792 itinere
1334 1767 1426 1793 Burni.
1447 1766 1530 1798 Qxas.
1593 1792 1596 1794 μ
1620 1765 1702 1791 Plaut.
1716 1765 1798 1792 Milit.
1818 1773 1838 1798 ι,
1854 1774 1874 1798 ι,
1889 1774 1922 1799 54
1948 1767 1983 1791 At
1996 1764 2097 1799 pedites
2111 1764 2163 1790 tibi
2177 1763 2291 1797 reliquia
2303 1770 2381 1799 erant,
2397 1793 2399 1796 ⁴

230 1802 351 1829 faciendo
364 1811 406 1828 me
421 1801 603 1835 intelligebam
617 1802 747 1837 suscipere
761 1802 952 1837 desperationis
964 1811 993 1829 ac
1005 1802 1153 1829 relictionis
1168 1801 1244 1835 Reip.
1339 1800 1358 1828 fi
1374 1801 1506 1828 viuerent.
1542 1800 1589 1829 Sed
1602 1801 1734 1835 reliquiae
1747 1802 1826 1828 Gron.
1869 1800 1984 1828 Nondum
1997 1804 2079 1837 igitur
2093 1807 2186 1827 certum
2196 1798 2316 1826 ιιιιὲῖονεηι
2326 1801 2380 1829 haee

268 1844 286 1863 R
296 1845 337 1864 EL
348 1845 356 1863 1
367 1844 413 1864 CT
423 1843 444 1864 V
456 1844 484 1869 S,
506 1837 544 1864 sis.
580 1847 615 1863 m.
661 1838 727 1865 Gell.
744 1848 763 1870 3,
779 1847 788 1864 ι
810 1838 899 1865 Labor
915 1838 1001 1865 virilis
1015 1837 1208 1872 exercendique
1222 1844 1279 1863 cor·
1333 1836 1425 1873 forma
1439 1836 1519 1863 habet.

230 1873 304 1909 poris
319 1873 432 1900 studium
445 1882 506 1908 prae
519 1874 629 1908 pecunia
640 1874 748 1901 rcliGmi
762 1875 828 1900 sunt.
1377 1879 1396 1898 R
1407 1878 1423 1898 E
1432 1878 1448 1898 1.
1458 1878 1525 1911 IQV
1536 1877 1546 1897 1
1555 1878 1577 1898 A
1587 1878 1603 1898 E
1613 1890 1622 1904 ,
1639 1874 1722 1898 arum.
1749 1871 1769 1899 f.
1802 1872 1841 1899 ΡΙ.
1879 1873 1947 1907 Quis
1963 1871 2115 1908 fispcrfimt,
2135 1869 2224 1898 relifta
2240 1870 2310 1906 ιΙίιηι.
2343 1872 2377 1907 De

269 1916 287 1935 R
297 1916 312 1934 r:
324 1916 339 1934 L
351 1908 363 1935 s
373 1915 420 1945 Qv
431 1916 450 1935 v
460 1916 488 1940 s,
507 1918 530 1940 a,
551 1918 605 1936 nm.
642 1909 703 1936 Adi.
741 1909 858 1943 μοιχὸς,
872 1909 1017 1944 ὑπόληψις]
1073 1908 1147 1936 Ouod
1159 1906 1278 1944 superest.
1292 1915 1325 1942 50
1340 1908 1413 1934 cibis.
1457 1908 1538 1934 Plant.
1552 1907 1633 1934 Stich.
1647 1916 1668 1940 2,
1681 1916 1704 1940 3,
1715 1916 1761 1940 40.
1809 1909 1840 1934 Et
1854 1908 1927 1934 Men.
1938 1916 1961 1940 3,
1978 1916 1998 1940 1,
2013 1916 2046 1940 13.
2116 1907 2190 1933 Idem
2205 1907 2272 1933 Pers.
2287 1915 2307 1938 1,
2317 1913 2378 1940 2,ss

233 1944 308 1970 Caes.
322 1944 386 1971 Bell.
396 1944 492 1974 Galla,
506 1953 529 1976 13
549 1945 735 1971 Demonstrant
748 1945 797 1972 fibi
811 1953 912 1979 praeter
925 1945 981 1980 agri
995 1934 1162 1972 i'olum‘ssnhil
1177 1945 1224 1970 esse
1239 1953 1280 1970 re·
1343 1944 1423 1970 Nunc
1438 1942 1488 1970 huc
1503 1943 1575 1969 intro
1589 1943 1653 1976 ibo,
1674 1944 1757 1970 visam
1773 1943 1904 1970 hesternas
1919 1944 2046 1978 reliquias
2061 1941 2106 1977 qni
2123 1942 2269 1972 eucnerint.
2332 1941 2374 1970 Ni-

230 1980 310 2019 liqui.
347 1979 634 2014 Concludendisormula
650 1978 691 2012 est.
765 1981 821 2006 Cic.
834 1982 904 2006 Fam.
919 1989 949 2014 7,
969 1989 995 2012 32
1016 1981 1161 2015 Reliquum
1180 1980 1231 2010 est,
1250 1985 1279 2006 vt
1341 1979 1381 2005 hil
1395 1979 1570 2013 reliquiarum
1584 1979 1664 2006 exstat
1688 1979 1793 2006 Lucret.
1808 1988 1828 2011 1,
1842 1987 1908 2006 1102.
2011 1979 2122 2006 Animae
2135 1978 2263 2012 reliquias
2277 1976 2370 2005 reddere

231 2014 328 2041 officiis
341 2020 470 2041 certemus
484 2015 552 2041 inter
566 2024 623 2041 nos.
679 2015 748 2042 Ter.
764 2014 874 2049 Adelph.
889 2023 911 2047 3,
925 2024 946 2047 2,
960 2021 993 2047 48
1013 2016 1070 2042 Hoc
1085 2015 1221 2049 reliquum
1235 2015 1279 2045 est,
1342 2023 1435 2041 omnes
1454 2015 1560 2041 Lucret.
1574 2023 1596 2046 3,
1610 2017 1658 2047 636
1767 2015 1832 2042 Belli
1863 2016 1959 2041 Patere.
1974 2023 1997 2046 2,
2013 2022 2051 2049 17.
2157 2014 2264 2046 Honesta
2283 2015 2365 2040 circm-

231 2051 333 2085 (intell.
349 2048 484 2081 commodi,
502 2052 530 2074 in
543 2050 613 2076 rebus
625 2051 720 2083 malis)
736 2050 754 2076 si
775 2050 876 2077 inficias
889 2050 956 2082 ibit,
977 2050 1047 2076 testis
1061 2059 1165 2077 mecum
1181 2050 1217 2076 cst
1237 2058 1280 2075 an·
1339 2051 1461 2076 locutione
1497 2051 1554 2077 Cic.
1574 2052 1605 2076 de
1624 2051 1686 2077 Nat.
1707 2051 1787 2078 Deor.
1800 2059 1825 2084 2,
1840 2056 1865 2080 18
1902 2051 1965 2078 Cibi
1992 2051 2123 2084 reliquiae
2143 2049 2303 2083 depelluntur
2318 2054 2367 2080 tum

191 2120 194 2121 .
232 2087 320 2112 nulus.
393 2086 473 2119 Perge
486 2084 601 2118 reliqua,
635 2084 689 2111 uid.
711 2091 768 2110 PER
777 2091 832 2112 Go.
905 2087 962 2112 Cic.
977 2094 1025 2120 pro
1039 2086 1124 2112 Planc.
1138 2094 1172 2118 99
1195 2085 1219 2111 O
1240 2093 1280 2111 re·
1297 2089 1324 2115 55
1342 2085 1547 2119 astringentibus
1560 2087 1585 2112 se
1605 2087 1752 2119 intestinis,
1772 2093 1830 2113 tum
1849 2086 2037 2113 relaxantibus.
2144 2085 2232 2112 Cladis
2257 2083 2372 2118 reliquiae

232 2121 321 2156 liquos
336 2130 426 2147 omnes
439 2121 502 2150 dies,
516 2120 659 2154 no&ecq11e
675 2128 724 2149 eas,
744 2120 840 2153 quibus
853 2119 900 2146 iste
911 2129 926 2146 a
938 2129 981 2146 me
993 2129 1048 2146 non
1062 2120 1184 2146 recedens
1193 2120 1280 2146 Thes·
1341 2120 1402 2146 Liu.
1417 2128 1459 2150 22,
1474 2123 1514 2153 56.
1621 2123 1765 2155 Metaphor.
1799 2124 1838 2148 De
1862 2126 2030 2148 coniurattone
2054 2128 2142 2149 contra
2165 2121 2303 2157 Caesarem,
2327 2119 2376 2145 cie.

233 2158 377 2184 salonicam
397 2165 455 2189 me,
478 2155 506 2182 in
519 2155 762 2190 Qnaestoriumque
784 2155 917 2190 perduxit.
1025 2156 1082 2181 Cic.
1096 2155 1128 2180 de
1142 2155 1249 2181 Amicit.
1265 2157 1282 2181 6
1341 2156 1413 2182 Fam.
1430 2163 1463 2186 12,
1477 2164 1490 2187 4
1511 2154 1614 2180 Vellem
1627 2155 1718 2180 Idibus
1732 2156 1838 2181 Martiis
1850 2165 1893 2181 me
1906 2157 1938 2182 ad
1951 2166 2060 2183 coenam
2076 2158 2208 2184 inuitasses
2223 2167 2228 2183 2
2264 2154 2379 2189 reliquia-

233 2194 293 2220 Nec
307 2192 370 2219 licut
382 2192 484 2225 vulgus,
501 2192 543 2217 sed
559 2198 587 2217 ut
603 2192 702 2218 cruditi
718 2191 800 2217 solent
814 2191 946 2226 appellare
960 2190 1115 2225 sapientem,
1136 2190 1240 2223 qualem
1254 2190 1283 2215 in
1343 2198 1404 2216 rum
1417 2190 1486 2216 nihil
1503 2190 1599 2216 fuisset.
1703 2189 1759 2215 Cic.
1774 2189 1802 2214 in
1815 2190 1906 2214 Parad.
1919 2199 1938 2221 4
1977 2193 2008 2216 Et
2024 2192 2154 2225 reliquiae
2168 2191 2356 2218 coniurationis
2368 2198 2383 2217 a

234 2229 339 2263 reliqua
353 2227 462 2254 Graecia
473 2227 617 2253 neminem.
689 2226 795 2260 Oppida
808 2232 883 2252 erant
906 2225 974 2252 mihi
988 2226 1123 2260 complura
1144 2225 1224 2251 etiam
1242 2232 1283 2250 re·
1345 2224 1477 2249 Catilinae
1491 2225 1569 2250 furiis
1583 2224 1616 2250 ad
1629 2230 1704 2251 tuum
1717 2223 1796 2250 scelus
1809 2224 1983 2257 furoremque
1996 2227 2146 2253 conuersae.
2217 2228 2278 2253 Liu.
2306 2247 2313 2253 .
2343 2245 2349 2252 .
2375 2244 2386 2252 -

235 2264 324 2299 liqna,
345 2272 411 2296 quae
426 2262 498 2289 adire
514 2262 611 2289 vellem
625 2262 683 2288 Cic.
700 2263 812 2296 Verr.4,
829 2264 869 2289 65.
937 2262 1054 2294 Operam
1075 2261 1207 2294 reliquam
1221 2259 1282 2285 dare
1291 2257 1327 2282 60
1345 2258 1482 2292 Reliquias
1505 2260 1620 2284 duorum
1644 2259 1808 2284 exercituum
1830 2268 1890 2285 cum
1913 2268 1973 2286 cura
1991 2261 2155 2295 colhgerent.
2228 2262 2301 2297 Conf.
2317 2261 2388 2288 Hirt.

235 2301 317 2328 Plaut.
330 2300 416 2326 Truc.
431 2298 498 2333 prol.
514 2306 546 2330 ις.
583 2298 652 2324 Ter.
666 2298 732 2323 Eun.
742 2306 764 2329 2,
777 2305 800 2328 2,
814 2305 830 2330 9
851 2298 923 2323 Itane
938 2297 1032 2330 parasti
1045 2302 1085 2327 te,
1101 2301 1130 2322 vt
1142 2296 1196 2328 spes
1211 2295 1283 2321 nulla
1346 2294 1410 2320 Bell.
1426 2294 1501 2319 Alex.
1516 2302 1561 2326 40.
1667 2293 1793 2319 Febrium
1806 2294 1935 2327 reliquiae
1952 2295 2017 2322 Cels.
2031 2305 2052 2328 3,
2065 2304 2091 2329 4.
2197 2296 2253 2322 Cic.
2275 2299 2348 2323 Verr.
2363 2304 2388 2327 2,
2433 2322 2434 2326 ,

235 2335 339 2369 nuqua
352 2335 381 2361 in
396 2340 421 2361 te
435 2334 481 2361 fiet
494 2334 555 2360 fibi-
629 2333 685 2360 Cic.
695 2333 766 2359 Fam·
785 2341 818 2365 H,
832 2340 844 2365 ς
858 2333 934 2366 Spem
947 2332 1078 2364 reliquam
1091 2330 1189 2356 „uuam
1203 2330 1283 2356 video
1345 2336 1383 2363 74
1404 2328 1432 2354 de
1454 2328 1630 2359 Tamarchicle,
1651 2327 1716 2354 Non
1729 2328 1815 2353 solum
1827 2336 1921 2354 numos
1936 2329 1954 2354 si
1968 2331 2014 2362 qui
2033 2331 2076 2356 isti
2094 2330 2258 2362 exciderant,
2291 2333 2387 2358 tollere
2422 2342 2423 2347 ¹

236 2371 334 2398 s'alutis.
389 2370 445 2397 Cic.
457 2371 533 2397 Verr.
548 2378 567 2400 1,
580 2377 610 2402 30
630 2369 732 2395 Menses
745 2367 815 2395 mihi
827 2374 878 2395 tres
890 2376 972 2401 quum
983 2366 1151 2402 eripuissetis,
1164 2366 1195 2392 ad
1209 2374 1286 2401 agen·
1345 2364 1463 2396 solebat,
1484 2372 1515 2389 ex
1530 2364 1628 2397 quibus
1643 2364 1782 2397 pecuniam
1795 2364 1940 2390 maximam
1955 2364 2018 2389 fecit
2031 2374 2037 2389 :
2061 2365 2105 2390 sed
2119 2366 2196 2390 etiam
2210 2367 2390 2400 voluptatum,

237 2407 302 2434 dum
315 2407 431 2433 maxime
444 2405 585 2440 appositos,
605 2405 739 2438 reliquum
753 2413 832 2431 omne
840 2403 963 2437 Tempus
977 2403 1056 2429 huius
1071 2403 1134 2429 anni
1149 2411 1191 2428 me
1205 2402 1284 2428 vobis
1346 2399 1564 2433 flagitiorumque
1578 2398 1652 2425 istius
1666 2399 1719 2433 ipse
1732 2400 1860 2432 reliquias
1878 2398 2029 2433 colligebat.
2137 2398 2245 2426 Generis
2258 2402 2334 2427 huius
2347 2410 2388 2428 re-

237 2443 404 2470 remiss'urum
419 2441 534 2476 putastis.
605 2442 635 2467 ln
650 2440 784 2475 reliquunt
801 2446 902 2473 tempu·
915 2439 1005 2465 sancit.
1024 2443 1043 2465 i.
1057 2438 1210 2473 infuturum
1227 2438 1285 2464 Cic.
1298 2437 1328 2467 65
1345 2435 1462 2470 liquiae,
1484 2436 1522 2461 De
1535 2438 1590 2461 viro
1604 2435 1682 2467 bono,
1697 2438 1814 2470 antiquae
1824 2434 1959 2467 honejitnes
1980 2435 2049 2461 Ter.
2062 2432 2174 2468 Adelph.
2188 2441 2210 2466 3,
2224 2442 2248 2465 3,
2260 2443 2296 2473 91.
2339 2437 2388 2462 Le-

238 2479 270 2505 de
285 2479 355 2512 Lege
368 2479 429 2512 Agr.
445 2486 465 2509 1,
481 2485 513 2509 13.
549 2476 618 2512 conf.
633 2476 706 2503 Caes.
718 2476 784 2503 Bell.
798 2475 868 2502 Gall.
884 2484 902 2506 1,
916 2483 954 2500 20.
1063 2473 1286 2508 Tranquillitatis
1346 2471 1458 2506 gionum
1477 2471 1603 2506 reliquias
1623 2472 1780 2497 conseruare
1810 2471 1907 2497 Patere.
1921 2479 1944 2504 2,
1957 2473 1999 2503 46,
2014 2480 2041 2509 4..
2074 2504 2079 2509 Δ
2153 2469 2195 2507 Dc
2208 2468 2308 2495 morbis
2318 2479 2329 2507 ἱς
2362 2470 2392 2497 Si

238 2515 282 2549 spe
296 2514 425 2548 reliquae,
446 2512 534 2539 luctus
547 2512 657 2546 fugere,
677 2511 809 2546 afuturus
829 2511 884 2537 Cic.
901 2519 949 2545 pro
964 2510 1033 2537 Sext.
1043 2517 1084 2545 73.
1157 2509 1195 2536 Id.
1208 2511 1285 2536 Verr.
1346 2507 1478 2541 reliquiae
1491 2506 1804 2546 remanseriucScribon.
1821 2514 1866 2546 13'1.
1972 2506 2110 2538 Reliquias
2123 2503 2194 2530 tollit
2208 2507 2269 2542 ⁴160.
2299 2507 2392 2544 sapo-

239 2559 262 2583 ς,
275 2555 307 2582 89
327 2550 357 2576 Et
371 2548 442 2583 quod
456 2549 589 2581 reliquum
602 2548 670 2575 vitae
685 2547 839 2581 viriumque
853 2547 935 2573 fames
950 2546 1064 2578 fecerat,
1078 2545 1106 2572 id
1120 2546 1194 2571 ferro
1209 2545 1287 2579 potis·
1348 2543 1450 2578 dagrae.
1547 2543 1636 2569 Motus
1650 2542 1740 2569 vitalis
1754 2543 1883 2576 reliquiae
1900 2541 2004 2568 Lucret.
2019 2548 2106 2573 ²‚954·
2141 2575 2146 2579 Ι
2180 2540 2257 2579 Vitae
2266 2541 2391 2580 reliquias

239 2585 333 2612 simum
347 2584 456 2611 reddere
471 2582 587 2610 volebat.
660 2582 865 2610 Vaticinationis
880 2582 982 2616 reliqua
997 2582 1075 2608 breui
1090 2581 1210 2608 consedia
1231 2581 1288 2608 sunt
1349 2578 1477 2605 membris
1490 2586 1521 2604 ex
1537 2578 1662 2604 omnibus
1675 2578 1764 2604 aufert
1794 2578 1901 2604 Lucret.
1915 2580 1940 2608 6,
1955 2581 2007 2610 825.
2114 2575 2192 2615 Vnae
2205 2575 2313 2601 alicuius
2327 2576 2385 2607 lace-

241 2622 297 2647 Cic.
310 2620 341 2646 de
352 2620 472 2652 Uimina,
486 2622 526 2649 68.
723 2616 744 2655 ff
765 2627 777 2644 2
814 2618 871 2654 Obs.
889 2619 1014 2644 formulae
1033 2627 1086 2644 cum
1107 2617 1179 2644 verbo
1187 2617 1331 2652 [πει-επεὶ
1349 2623 1408 2641 rare
1422 2614 1550 2647 reliquias
1565 2623 1590 2640 et
1608 2614 1769 2646 distrahere,
1789 2613 1841 2639 vid.
1862 2619 1974 2639 LACER.
2051 2610 2186 2650 Colligere
2199 2611 2271 2653 uelut
2286 2620 2316 2637 ex
2330 2618 2387 2639 nau-v

240 2657 313 2683 Caes.
328 2657 355 2682 B.
370 2657 402 2682 G.
417 2664 431 2682 2
443 2675 452 2688 ,
472 2658 502 2681 26
515 2660 580 2680 extr.
601 2653 680 2680 Nihil
700 2654 732 2680 ad
752 2653 913 2680 celeritatem
935 2653 984 2679 fibi
1004 2653 1103 2687 reliqui
1115 2653 1245 2685 fecerunt,
1268 2655 1287 2678 i.
1349 2650 1438 2684 fregio
1457 2656 1544 2676 tantae
1563 2649 1644 2676 cladis
1658 2649 1784 2683 reliquias
1809 2649 1869 2674 Liu.
1882 2656 1926 2680 22,
1940 2649 1980 2680 56.
2084 2648 2140 2686 Cic.
2155 2647 2301 2687 debe-ne&
2316 2650 2343 2673 16
2362 2646 2389 2674 de

235 2693 333 2729 summa
347 2693 475 2718 celeritate
489 2689 525 2724 vfi
532 2690 603 2725 sunt.
694 2689 800 2722 Quibus
811 2689 904 2716 lubido
917 2694 995 2723 atque
1009 2688 1114 2715 luxuria
1131 2697 1162 2714 ex
1187 2687 1288 2722 magnis
1350 2686 1515 2721 Carthaginis
1536 2684 1653 2717 euerfione
1673 2687 1772 2719 loquens
1779 2703 1792 2722 ².
1805 2685 1892 2723 Qiam
1905 2683 2029 2723 ¹palmam
2052 2688 2153 2709 vtinam
2175 2683 2214 2708 dn
2228 2682 2389 2709 immortales

242 2728 342 2762 rapinis
357 2727 429 2760 nihil
439 2726 536 2760 reliqui
551 2726 667 2752 fecerant
680 2726 863 2752 Sallull.Cat.c
881 2730 911 2755 28
926 2732 991 2751 extr.
1064 2724 1235 2755 Cic-Ver1·.3‚
1252 2730 1289 2755 ιις
1348 2720 1437 2754 Scipio
1460 2720 1513 2746 tibi
1534 2721 1731 2758 resernentzvt
1750 2728 1795 2745 aui
1813 2719 1939 2759 reliquias
1959 2721 2130 2753 persequare,
2142 2725 2267 2758 peragas,
2282 2727 2339 2757 quae
2351 2717 2390 2744 dle

241 2764 274 2790 Et
289 2762 385 2797 quibus
398 2761 467 2789 nihil
483 2771 538 2788 non
552 2761 633 2787 modo
648 2761 679 2789 de
693 2761 794 2793 fruffhi,
809 2761 851 2787 sed
866 2769 899 2787 ne
915 2760 947 2786 de
960 2759 1037 2786 bonis
1051 2760 1161 2793 quidem
1181 2760 1231 2784 suis
1248 2768 1288 2785 re·
1352 2760 1503 2791 nonpotuit.
1590 2756 1748 2789 Reliquiae,
1766 2763 1814 2788 pro
1829 2755 1981 2781 Cinci-ibus.
2017 2753 2180 2793 Modestinus
2195 2762 2222 2779 ιιι
2234 2754 2251 2781 1.
2266 2753 2389 2794 Quidam,

241 2799 311 2833 liqui
325 2799 396 2825 fecit.
432 2801 450 2824 i.
468 2799 558 2825 Omnia
570 2796 690 2832 abjilmfit.
726 2797 794 2833 conf.
810 2797 879 2831 Nep.
894 2804 933 2829 23,
947 2803 1012 2828 21‚5.
1064 2795 1177 2821 Nullum
1193 2803 1288 2821 munus
1300 2798 1332 2827 75
1349 2793 1389 2818 De
1403 2791 1480 2818 cond.
1495 2790 1577 2817 instit.
1613 2790 1730 2824 Qiidam
1749 2790 1971 2830 testamento-suo
1984 2789 2107 2829 heredem
2121 2789 2255 2829 scripserat
2271 2789 2318 2830 tali
2333 2798 2390 2816 con-

241 2834 325 2861 officii
339 2835 462 2868 cuiquam
477 2833 611 2867 reliquum
631 2832 716 2859 fecisse
731 2833 786 2859 Cic.
800 2832 870 2858 Fam.
884 2841 909 2863 3,
922 2831 992 2864 Epist
1014 2830 1062 2857 vlt.
1135 2831 1191 2857 Cic.
1208 2832 1286 2857 Verr.
1350 2828 1470 2860 ditione,
1490 2827 1507 2853 si
1523 2827 1649 2861 reliquias
1660 2827 1717 2852 eius
1731 2826 1759 2852 in
1774 2834 1845 2852 mare
1860 2831 1994 2860 pronciat.
2066 2826 2165 2852 Plinius
2184 2824 2216 2851 ad
2234 2825 2391 2857 Traianum,

242 2879 264 2902 3,
280 2874 322 2897 126
342 2870 415 2904 Qud
431 2870 478 2896 eisc
494 2868 593 2902 reliqui
609 2874 711 2902 poterat
725 2869 765 2899 ei,
789 2868 836 2902 qni
856 2876 901 2901 per
918 2866 984 2893 hanc
998 2866 1125 2893 iniuriam
1140 2875 1193 2892 non
1207 2865 1289 2892 modo
1351 2863 1383 2890 de
1397 2863 1519 2903 reliquiis
1526 2864 1678 2898 sepultorum
1690 2862 1879 2888 transferendis
1892 2861 2127 2897 epistolamfirzpfit
2142 2870 2177 2893 10,
2186 2870 2222 2895 73.
2294 2862 2392 2895 Legere

241 2907 405 2933 frumentum
418 2913 497 2931 omne
511 2904 642 2936 amittere,
661 2903 703 2930 sed
717 2903 797 2930 etiam
810 2912 889 2929 omne
901 2902 1105 2928 instrumentum
1120 2901 1234 2928 vendere
1248 2910 1290 2928 co·
1350 2899 1487 2932 reliquias,
1504 2906 1530 2925 et
1542 2898 1629 2932 legere
1642 2898 1694 2924 olla
1713 2898 1782 2924 Suet.
1799 2899 1865 2931 Aug.
1883 2907 1904 2937 c.
1920 2905 1975 2937 100.
2068 2898 2141 2923 Idem
2155 2896 2255 2936 Domi?
2267 2903 2315 2936 με,
2335 2897 2392 2923 Μο-

241 2942 364 2976 geretur?
401 2940 470 2976 conf.
484 2940 523 2966 Id.
537 2939 568 2965 de
577 2939 658 2965 Fin.2
673 2947 735 2970 c.31.
807 2939 902 2966 Cic.de
916 2939 990 2964 Orat.
1002 2947 1020 2968 1,
1036 2947 1082 2964 100
1099 2938 1234 2971 Qioniam
1251 2937 1289 2970 id,
1351 2935 1518 2975 nimentuuj,
1538 2934 1610 2968 quod
1623 2934 1734 2959 libertus
1747 2935 1807 2976 cius
1817 2941 1831 2959 e
1844 2932 2082 2973 lapidibustemplo
2096 2932 2243 2966 Capitolim
2255 2933 2330 2972 Iouis
2347 2931 2391 2972 de.

242 2977 315 3011 quod
330 2975 518 3003 difficillimum
533 2974 612 3001 nobis
627 2974 777 3007 videbatur,
795 2982 823 3001 vt
837 2975 948 3001 omnino
961 2974 992 3000 de
1005 2974 1046 3000 his
1060 2973 1137 2999 rebus
1152 2974 1237 3001 Crasse
1252 2973 1289 2999 lo·
1301 2976 1334 3004 80
1351 2971 1451 2998 stinatis
1482 2970 1539 2996 tilio
1568 2970 1763 3001 construxerat,
1782 2975 1866 2995 alrust
1887 2978 1933 3003 per
1959 2968 2058 2994 milites
2071 2979 2076 2994 :
2112 2969 2216 3002 ossaque
2229 2974 2254 2994 et
2268 2968 2392 3003 reliquiar

242 3022 371 3048 querere,
390 3011 494 3038 affccuti
508 3011 608 3037 sumus:
629 3009 660 3036 de
676 3010 779 3044 reliquo
794 3011 845 3036 iam
860 3010 947 3036 nostra
961 3009 1035 3043 culpa
1051 3010 1141 3040 fucrit,
1162 3010 1179 3035 si
1194 3016 1229 3041 tc,
1240 3009 1289 3035 nisi
1352 3015 1421 3042 quae
1436 3007 1555 3038 inerant,
1576 3006 1643 3032 mari
1654 3004 1751 3032 mersit.
1847 3005 1975 3038 Receptae
1990 3004 2121 3038 reliquiae
2135 3012 2166 3029 ex
2181 3003 2289 3030 ardente
2303 3003 2390 3030 Troia
2426 3011 2428 3014 ’

243 3049 335 3075 onmia
350 3057 417 3081 quae
431 3046 593 3082 percunctati
607 3046 704 3072 erimus
717 3046 869 3080 explicaris,
889 3045 1075 3071 dimiserimus.
1146 3045 1291 3079 Reliquum
1352 3044 1426 3077 Virg.
1442 3045 1505 3069 Aen.
1521 3052 1541 3074 7,
1555 3050 1617 3074 244.
1725 3040 1821 3067 Colere
1835 3040 1961 3074 reliquias
1976 3040 2082 3065 suorum
2119 3038 2192 3065 Idem
2207 3038 2272 3065 ibid.
2284 3049 2303 3073 4
2313 3058 2320 3070 ,
2340 3047 2391 3073 343.
2421 3046 2424 3054 *

244 3084 289 3114 est,
310 3092 337 3110 vt
352 3084 382 3109 de
398 3092 440 3109 me
450 3082 480 3109 id
494 3082 614 3111 scribam,
630 3081 701 3116 qnod
716 3088 741 3109 te
755 3090 786 3107 ex
799 3088 906 3108 tuorum
925 3081 1010 3107 literis
1026 3089 1051 3108 et
1070 3081 1160 3115 spero,
1180 3088 1204 3107 et
1218 3080 1288 3107 malo
1349 3079 1391 3106 sic
1413 3098 1422 3111 ‚
1459 3079 1605 3110 Martyrum
1643 3077 1684 3103 vel
1714 3076 1870 3103 Sanam-um
1899 3075 2030 3109 reliquiae
2045 3086 2050 3102 :
2085 3074 2138 3101 vid.
2151 3098 2157 3107 ,
2170 3074 2328 3108 Etmenhorst.
2360 3073 2392 3112 ad,

244 3120 401 3154 cognoscere
420 3119 477 3145 Cic.
492 3119 519 3145 in
535 3118 644 3152 quadam
653 3117 776 3151 Epistola.
850 3117 982 3150 anffil.
992 3126 1038 3150 4,5
1060 3116 1202 3151 Propositis
1217 3117 1289 3142 enim
1353 3114 1470 3142 Gennad.
1484 3123 1507 3148 p.
1522 3116 1573 3143 168.
1959 3148 1964 3152 .
2021 3146 2028 3151 .
2261 3145 2266 3151 .

245 3154 458 3190 probationibus,
470 3155 555 3180 omnis
568 3154 597 3179 in
610 3153 743 3187 reliquum
757 3153 840 3187 gratia
852 3153 978 3179 nouitatis
993 3153 1180 3187 praecerpitur.
1215 3154 1289 3180 Prae·
1306 3150 1335 3180 85
1388 3157 1407 3176 R
1419 3156 1436 3176 E
1448 3158 1464 3176 L
1475 3157 1493 3176 ο
1503 3156 1562 3180 co,
1581 3152 1634 3174 are.
1667 3147 1764 3183 Rursus
1778 3148 1867 3177 locare.
1904 3147 2008 3182 leian.
2019 3154 2048 3172 in
2062 3146 2079 3172 l.
2095 3147 2162 3174 Item
2176 3150 2321 3180 quaeritur,
2334 3143 2356 3183 §.
2366 3143 2392 3173 Si

247 3196 287 3215 ter
302 3197 327 3217 tc
342 3192 476 3216 neminem
492 3188 576 3215 habeo
592 3188 742 3223 reliquum,
762 3191 791 3215 in
809 3198 862 3222 qno
883 3195 928 3214 etc.
948 3188 1005 3215 Cic.
1020 3189 1090 3215 Fam.
1106 3197 1136 3220 9,
1156 3196 1189 3221 ις.
1250 3188 1289 3215 Id.
1352 3186 1426 3220 lege,
1447 3186 1480 3212 D.
1494 3185 1586 3212 Locati
1598 3190 1623 3210 ct
1638 3184 1780 3215 conducit,
1795 3184 1822 3210 Si
1836 3184 1865 3210 in
1879 3183 1936 3217 lege
1951 3183 2038 3217 operis
2052 3182 2156 3208 locandi
2178 3181 2392 3216 comprehensum
2420 3187 2423 3192 ’

247 3226 322 3252 Verr.
337 3235 359 3258 3,
375 3228 420 3252 126
437 3226 513 3259 Qios
526 3225 591 3251 belli
605 3225 736 3251 calamitas
750 3224 869 3258 reliquos
883 3225 990 3251 fecerat.
1077 3225 1142 3250 Eum
1156 3223 1290 3257 reliquum
1352 3223 1428 3254 eflct,
1448 3227 1476 3248 vt
1489 3220 1506 3247 si
1520 3221 1552 3247 ad
1567 3221 1638 3246 diem
1652 3219 1774 3245 effectum
1790 3228 1844 3245 non
1856 3220 1931 3251 essct,
1955 3219 2002 3244 alii
2014 3218 2131 3244 relocare
2143 3217 2170 3244 id
2190 3218 2289 3243 liceret.

247 3261 378 3288 calamitas
392 3261 456 3288 fecit
473 3261 546 3287 Curt.
555 3262 581 3293 6,
594 3269 619 3293 9,
633 3268 676 3294 27.
914 3269 925 3291 3
963 3260 1019 3287 Siue
1037 3258 1209 3292 Substantiam
1242 3260 1291 3286 Re-
1389 3265 1408 3284 R
1418 3264 1434 3283 Ε
1448 3264 1464 3283 1.
1477 3256 1496 3284 ὅ
1505 3264 1554 3295 qv
1564 3263 1582 3283 ο
1594 3263 1610 3281 R
1620 3275 1628 3288 ‚
1653 3256 1723 3287 eris,
1741 3255 1827 3289 loqui.
1865 3253 2095 3294 [οξιναφθξγγαμιιι]
2117 3290 2121 3294 .
2134 3253 2202 3293 Ideni
2221 3252 2285 3287 quod
2299 3254 2393 3288 Eloqui,

247 3296 315 3330 liqui
324 3316 332 3328 ‚
347 3298 415 3323 Plur.
424 3297 480 3323 Cic.
492 3295 569 3323 Acad.
579 3305 607 3329 4,
620 3298 652 3327 96
672 3295 736 3321 Sunt
748 3295 821 3321 enim
834 3304 879 3321 mu
893 3295 922 3327 ti,
931 3296 978 3329 qui
991 3295 1102 3321 omnino
1110 3296 1221 3321 Graecas
1236 3304 1291 3321 non
1351 3300 1381 3320 vt
1394 3292 1525 3328 Refhnmc.
1561 3293 1647 3318 Varro
1660 3291 1692 3317 de
1706 3291 1736 3316 L.
1751 3292 1779 3317 L.
1793 3299 1816 3323 3,
1831 3298 1846 3325 7
1868 3290 1938 3316 Hinc
1950 3296 2029 3316 etiam
2042 3289 2155 3323 amplius
2168 3288 2291 3316 dicuntur
2303 3287 2393 3323 eloqui

248 3338 333 3357 ament
346 3331 444 3364 literas,
463 3332 562 3366 plures,
577 3331 625 3365 qui
639 3328 843 3370 philosophiam,
857 3331 966 3365 reliqui,
980 3331 1027 3365 qui
1043 3330 1141 3357 etiamsi
1158 3331 1221 3356 haec
1235 3339 1290 3356 non
1298 3331 1335 3356 90
1355 3338 1384 3356 ac
1398 3329 1506 3362 reloqui
1519 3328 1548 3354 in
1561 3327 1630 3354 fanis
1645 3326 1748 3353 Sabinis
1760 3335 1774 3352 e
1787 3327 1851 3353 cella
1866 3326 1924 3357 dci,
1945 3327 1991 3359 qui
2006 3325 2198 3359 reloqtmntur,
2218 3330 2263 3349 ets.

247 3365 408 3400 improbent,
425 3373 527 3400 tamen,
544 3374 591 3393 etc.
628 3368 659 3393 In
669 3368 805 3401 primierc
813 3373 943 3401 ponuntur
958 3367 1080 3399 Reliqua,
1100 3365 1292 3400 [ἐλλείμματα]
1391 3370 1412 3390 R
1423 3371 1439 3390 E
1449 3371 1465 3390 ι.
1476 3366 1545 3390 ῦΕΕ
1556 3370 1592 3396 o,
1610 3363 1683 3395 luxi,
1701 3366 1753 3389 ere.
1785 3363 1898 3394 [ςίλβω,
1922 3361 2063 3394 ἔκλάμπω]
2105 3359 2181 3387 Valde
2194 3360 2281 3401 lucere.
2317 3358 2390 3392 Virg-

246 3401 342 3433 ulidus
362 3405 500 3435 ramnum,
528 3412 587 3438 quae
601 3400 725 3438 subduc-*lfa
739 3404 835 3428 ratione
853 3401 932 3427 adhuc
951 3402 1075 3427 debentur.
1161 3402 1216 3428 Cic.
1238 3402 1291 3427 Att.
1355 3401 1420 3426 Aen.
1435 3409 1460 3431 2,
1474 3408 1513 3431 312
1549 3413 1593 3418 ——
1629 3399 1718 3432 Sigaea
1745 3398 1802 3432 igni
1823 3398 1891 3423 freta
1911 3396 1961 3423 lata
1981 3397 2106 3423 relucent.
2198 3396 2255 3421 Ωιτ.
2280 3394 2311 3421 dc
2330 3395 2391 3437 Nat.

249 3439 288 3469 16,
302 3446 314 3469 3
333 3436 448 3463 Maxime
462 3444 548 3464 autem
560 3447 601 3464 me
616 3438 688 3473 angit
701 3437 770 3464 ratio
784 3437 951 3470 reliquorum
967 3446 1102 3463 meorum:
1130 3445 1196 3470 qnae
1212 3445 1292 3470 quan·
1354 3437 1434 3462 Dcor.
1449 3444 1475 3468 2,
1491 3443 1537 3469 107
1557 3434 1629 3460 Huic
1642 3443 1695 3461 non
1707 3443 1758 3460 vna
1771 3433 1852 3459 modo
1865 3438 1942 3465 caput
1958 3441 2054 3459 ornans
2063 3430 2135 3471 ‚stella
2149 3429 2256 3469 relucet.
2294 3440 2321 3456 rx
2334 3432 2391 3456 Poe-

247 3481 326 3506 qnam
340 3472 466 3505 explicata
480 3472 534 3498 sunt
545 3493 552 3505 ‚
576 3480 663 3500 tamen
684 3472 755 3508 quod
775 3480 800 3499 et
816 3472 970 3499 Dolabellae
989 3481 1087 3498 nomen
1106 3472 1134 3498 in
1148 3473 1180 3498 iis
1202 3473 1246 3502 cst,
1266 3478 1291 3499 et
1354 3479 1391 3498 ta.
1500 3471 1559 3496 Liu.
1574 3479 1611 3502 22,
1626 3477 1655 3504 ι’]
1676 3469 1803 3495 Relucens
1816 3468 1929 3494 flamma.
2035 3468 2096 3506 Dies
2109 3465 2207 3505 reluxit
2222 3474 2314 3505 cacco,
2333 3466 2357 3491 h.
2371 3473 2391 3491 e.

245 3507 387 3534 attributio
401 3506 436 3533 est
451 3506 518 3533 mihi
531 3510 667 3535 nominum
684 3510 789 3543 ignota,
807 3508 963 3534 conturbor.
1035 3508 1109 3534 Idem
1126 3508 1159 3534 ad
1178 3507 1291 3534 eundem
1306 3512 1338 3538 95
1360 3506 1446 3543 Visum
1458 3509 1549 3541 recepit
1567 3505 1658 3532 Tacit.
1675 3505 1785 3544 Hist·.4’
1798 3509 1832 3543 ξι.
1900 3503 1984 3530 Barba
1996 3503 2091 3530 reluxit
2105 3501 2218 3527 tlammis
2238 3502 2312 3535 Virg.
2326 3502 2388 3540 Aen.
2420 3535 2421 3541 1

248 3546 285 3574 16,
302 3552 310 3569 1
333 3541 502 3575 Etiamfimul.
521 3543 588 3569 Ter.
603 3545 707 3571 Phorm.
721 3553 740 3575 ι,
754 3553 780 3577 1,
793 3552 807 3570 2
827 3544 866 3570 De
879 3543 1026 3570 ratiuncula
1041 3543 1175 3577 reliquum
1191 3543 1291 3578 pauxil·
1355 3552 1393 3575 12,
1408 3551 1465 3574 300.
1571 3542 1654 3567 Focus
1667 3540 1767 3566 reluxit
1780 3547 1845 3565 νιιιο
1860 3544 1932 3566 torre
1951 3540 2036 3565 Valer.
2052 3539 2150 3576 Argon.
2164 3545 2238 3577 3³3¹*
2311 3535 2390 3562 Vestis

246 3578 330 3604 lulum
345 3586 494 3604 num-orum-
589 3580 669 3605 Plaur.
683 3580 745 3607 Cist.
760 3589 785 3612 ι,
798 3588 820 3611 3,
832 3588 862 3612 41
881 3579 958 3606 Nunc
972 3579 1044 3612 quod
1057 3580 1192 3614 reliquum
1205 3579 1291 3610 restat,
1352 3579 1460 3613 fulgore
1473 3576 1571 3603 reluxit
1601 3575 1683 3602 Ouid.
1697 3576 1761 3601 Met.
1776 3582 1808 3605 ti,
1822 3577 1878 3609 617.
1966 3575 1985 3601 E
1999 3573 2113 3599 Vesuuio
2126 3572 2258 3598 laullnnae
2273 3573 2389 3598 fiammae

245 3613 309 3639 volo
322 3614 485 3647 persoluere,
505 3618 533 3639 vt
545 3621 708 3647 expungatur
720 3624 828 3647 nomen,
846 3623 878 3641 nc
892 3615 957 3649 qnid
970 3615 1090 3641 debcant.
1124 3615 1192 3650 conf.
1215 3614 1289 3641 Idem
1352 3614 1456 3648 altaque
1470 3611 1594 3638 incendia
1608 3611 1759 3637 relucebant
1779 3610 1844 3636 Plin.
1860 3611 1935 3645 Epist.
1949 3611 2021 3642 6‚16.
2302 3623 2311 3632 .

246 3649 320 3681 Capt.
331 3649 397 3683 prol.
411 3659 435 3675 v.
447 3651 474 3675 16
493 3648 571 3674 Nunc
586 3650 694 3682 accipite
710 3650 949 3685 rcliqmun,alieno
962 3651 1003 3677 vti
1017 3651 1055 3676 nil
1071 3659 1172 3677 moror.
1221 3651 1288 3677 Plin.
1389 3656 1407 3675 R
1418 3655 1433 3674 Ε
1444 3655 1458 3673 L
1469 3655 1487 3671 v
1500 3653 1516 3673 c
1526 3654 1542 3673 ιε
1552 3654 1564 3672 S
1575 3654 1591 3673 C
1603 3653 1638 3678 O,
1655 3649 1708 3673 ere.
1746 3645 1824 3672 Mart.
1837 3646 1936 3681 Capell.
1949 3651 1962 3675 8
1975 3653 2000 3678 p.
2010 3650 2055 3674 291
2071 3642 2144 3668 Luna
2164 3651 2230 3677 qnae
2245 3642 2325 3669 solem
2337 3641 2389 3681 spe·
2433 3662 2434 3667 ,

245 3684 322 3717 Epist.
340 3693 365 3716 9,
379 3692 410 3719 37
430 3685 460 3710 ad
475 3683 634 3715 Faustinum,
653 3684 722 3711 Nam
736 3688 826 3720 priore
839 3686 930 3715 lustro,
947 3694 1096 3720 quanquam
1111 3686 1167 3719 post
1181 3695 1285 3720 magnas
1294 3691 1342 3710 100
1351 3684 1402 3711 &at
1424 3684 1503 3718 pleno
1528 3683 1631 3708 lumine
1651 3681 1795 3709 relucescit.
1891 3681 1966 3708 Idem
1979 3679 2051 3706 infra
2064 3687 2089 3712 p.
2106 3687 2156 3712 294
2183 3679 2260 3705 Plena
2283 3677 2389 3703 luminas

244 3718 421 3752 remiffiones,
441 3719 543 3752 reliqua
556 3727 703 3746 creuerunt.
794 3722 867 3748 Idem
877 3721 955 3756 Epist.
970 3730 992 3754 3,
1007 3730 1035 3754 19
1054 3721 1166 3755 Reliqua
1179 3722 1287 3748 colono-
1348 3718 1435 3754 effigie
1452 3718 1595 3744 relucescit.
2355 3749 2359 3754 -
2376 3748 2380 3753 .

243 3763 303 3781 rum
317 3755 414 3780 minuit
428 3755 459 3781 ad
475 3761 584 3788 tempus.
658 3755 834 3789 Dispensator,
855 3758 901 3791 qui
919 3757 950 3783 ad
965 3757 1067 3791 reliqua
1078 3765 1133 3783 non
1147 3758 1285 3792 respondet
1386 3763 1405 3782 R
1415 3762 1431 3782 E
1442 3761 1458 3779 L
1473 3760 1493 3779 V
1504 3761 1520 3780 C
1531 3760 1551 3778 T
1561 3760 1582 3780 O
1592 3759 1629 3784 R,
1655 3752 1704 3779 51¹5-
1741 3752 1924 3786 [α’νΠπαλαῖω]
1958 3752 2118 3785 Repugnffl'c,
2138 3752 2217 3789 ΥξἮῑῙῘ
2239 3748 2287 3782 flu?
2304 3747 2388 3786 ‘'bmtf·

242 3789 371 3823 Qiinffil.
387 3793 413 3821 6,
426 3799 447 3822 3,
460 3798 499 3823 93.
524 3793 566 3824 qui
578 3792 697 3816 rationem
712 3801 758 3816 non
776 3793 874 3818 rcddcrc
884 3790 963 3827 potest
983 3794 1147 3827 reliquorum,
1165 3802 1225 3828 quae
1245 3794 1287 3820 ad.
1350 3790 1466 3819 Martial.
1482 3798 1504 3821 ς,
1519 3791 1549 3820 36
1571 3787 1707 3814 Suscitanti
1721 3788 1873 3814 relue'tatur.
1981 3786 2073 3826 Claud.
2089 3785 2158 3811 Rufi.
2173 3794 2196 3817 2,
2208 3783 2388 3824 354—Eqffl·

239 3825 287 3852 huc
299 3825 374 3851 debet.
481 3826 513 3850 In
526 3825 672 3859 prouinciis
691 3834 756 3852 vero
779 3828 859 3853 ctiam
873 3837 904 3854 cx
921 3828 1031 3861 reliquis
1044 3828 1162 3862 ingentes
1176 3829 1289 3856 summu
1351 3834 1388 3854 tes
1402 3825 1534 3860 poscentia
1548 3824 1651 3850 cursum
1691 3824 1745 3849 Ora
1761 3824 1922 3851 reluctantur
1937 3822 2023 3855 pressis
2042 3820 2132 3847 sedare
2146 3820 2249 3853 lupatis.
2326 3819 2387 3844 Dra-

239 3860 340 3888 remisit
359 3860 485 3894 Spartian.
499 3861 527 3887 iu
541 3861 659 3888 Adriano
671 3870 693 3887 c.
708 3869 734 3896 7.
770 3862 823 3888 vid.
839 3864 941 3900 Salmas.
956 3865 989 3891 ad
1000 3864 1026 3892 h.
1039 3864 1057 3890 Ι.
1113 3864 1243 3900 Spanhem.
1259 3864 1342 3898 ‹12105
1351 3870 1428 3890 conca
1459 3858 1618 3890 reluctantes
1653 3859 1722 3887 Hor.
1751 3860 1888 3895 Carmffiai,
1906 3865 1936 3892 4,
1955 3865 1987 3884 n.
2055 3856 2145 3885 Hostis
2158 3851 2386 3917 reluQansAffiffl..
