2434 4156
198 2957 203 2959 ³
239 2970 327 2988 curam
350 2959 473 2985 habuere.

236 147 299 183 255
602 127 878 169 SAC

240 221 307 247 Hinc
327 214 496 247 Sacrosanffl,
510 225 536 242 v.
555 224 580 242 υ.
665 215 732 243 ‘Seii
749 217 880 242 Controu.
900 223 910 240 ι
938 213 1021 248 praef.
1040 216 1075 248 67
1102 210 1276 238 Sacer-rimam

238 252 426 286 eloquentiam,
444 251 504 285 quia
517 250 646 286 praestare
662 261 715 278 non
729 252 846 286 potsunt,
865 250 968 275 violare
985 258 1038 276 non
1053 248 1186 275 desinunt:
1220 257 1276 274 acu—

238 297 289 315 men
308 290 335 312 in
353 288 519 316 sacerrimam
539 288 649 314 violare.
845 283 866 321 fl
887 293 900 317 ς
937 285 975 311 Ob
983 284 1088 319 fimilem
1106 282 1218 317 causam,
1232 282 1280 318 scd

237 326 309 349 etiam
322 321 456 355 maiistatis
470 330 493 349 et
505 327 654 350 reuerentiae
666 330 722 356 ergo
736 322 867 355 Principes
879 319 925 355 ipsi
932 323 1033 355 pariter
1044 326 1068 345 et
1080 327 1118 344 ret
1131 320 1229 344 iliorum
1243 318 1279 344 sa-

240 366 309 390 crae,
321 358 442 391 sacratae,
449 359 654 384 etadicebantur.
664 367 687 382 υ.
696 366 720 392 g.
730 357 819 382 Sacrae
827 353 1202 390 occupationesTiberiiapud
1208 355 1279 380 Suet.
1305 361 1319 388 ς
1344 363 1381 387 12,
1396 364 1426 382 ιι.

240 402 261 419 c.
270 400 303 428 27
311 401 375 420 extr.
394 395 467 430 Qud
480 398 542 419 enim
555 393 652 419 illerum
661 392 799 426 probibuit,
818 391 879 416 illud
886 391 971 426 paullo
976 389 1032 426 post
1040 393 1065 415 in
1073 398 1162 416 morem
1169 396 1192 415 et
1204 391 1280 426 Iegem

239 428 350 461 transiit.
386 430 439 456 vid.
455 428 558 462 Gioſjlzr.
569 430 709 458 Nomimrn,
723 426 788 462 quod
798 425 894 452 Codici
909 425 1101 453 Theodofiano
1113 424 1219 461 Jiibieci't
1231 427 1282 451 lac.

241 465 357 500 Gothofr.
370 475 426 492 voc.¹
461 468 700 491 SACRILEGWM.
897 459 918 498 q
939 465 954 489 6
990 462 1095 488 Sacrum
1114 459 1147 494 est
1161 460 1283 491 θεήλατον

241 500 363 526 diuinitus
375 499 503 533 immiffiim
516 500 622 528 malum,
641 501 681 523 cui
688 494 857 532 frustrafere
865 503 1040 532 proponuntur
1051 496 1157 522 humana
1168 496 1283 524 remedia.

241 536 284 564 Sic
298 535 360 573 ἴεροὶν
371 535 431 562 νόσον
443 537 532 561 Graeci
542 534 677 569 appellant,
695 535 843 558 comitialem
855 535 970 559 morbum.

242 571 270 598 de
282 582 327 608 quo
363 571 416 598 vid.
432 576 520 596 IGNIS
540 579 567 596 n.
580 579 601 602 5.
646 568 712 594 Cels.
729 576 749 598 ς,
765 574 802 599 28,
813 577 832 602 4
851 571 895 603 qui
906 570 972 595 locor
985 565 1097 601 clafficus
1109 565 1151 600 est.
1200 569 1281 595 Colu—

242 609 304 634 mel.
317 616 341 642 7,
356 615 376 639 ς,
392 610 420 633 16
440 606 480 632 Est
493 606 570 631 etiam
586 603 738 631 insanabilis
757 604 828 630 sacer
847 604 930 637 ignis,
952 611 1029 636 quam
1047 603 1166 636 pusulam
1185 610 1281 631 vocant

242 644 365 677 pastores.
400 651 430 668 ea
444 641 490 667 nili
506 639 680 675 compescitur
694 640 763 665 intra
776 640 889 674 primam
901 637 1044 673 pecudem,
1064 647 1131 672 quae
1144 640 1192 666 tali
1204 639 1286 666 modo

243 686 363 714 correpta
380 678 424 707 est,
444 677 596 703 vniuersmn
623 683 729 709 gregem
755 675 911 708 contagione
930 673 1086 708 prosternit:
1121 674 1154 701 fic
1175 675 1286 710 quidem

242 723 290 741 nec
305 715 568 744 medicamentorum,
577 720 624 737 nec
639 710 706 736 ferri
720 710 838 736 remedia
850 710 963 744 patitur:
982 717 1041 736 nam
1049 710 1168 744 paenead
1176 720 1283 738 omnem
1305 722 1331 749 ¹⁵
1346 711 1427 737 strare
1440 712 1500 738 etset
1513 714 1692 741 necessarium.

241 750 341 777 tac‘him
355 748 524 775 excandescit.
595 747 699 772 Lucret.
713 748 739 778 6,
754 749 806 777 1165
826 746 856 771 Et
869 745 945 771 flmul
958 745 1089 772 vlceribus
1107 747 1178 781 quasi
1193 747 1285 773 inustis

244 795 323 812 omne
337 785 431 811 rubere
466 784 586 816 Corpus,
602 787 630 808 vt
643 782 690 813 est,
711 789 756 815 per
773 780 891 806 membra
910 781 980 807 sacer
999 790 1079 816 quum
1094 782 1196 810 diditur
1208 783 1286 818 ignis.

241 822 289 849 Sed
300 824 372 847 etium
385 819 418 845 ad
428 821 506 844 animi
519 818 614 844 morbos
628 817 726 843 uidetur
740 816 841 852 rqferri‘.
956 817 1031 851 Virg.
1047 818 1111 845 Aen.
1125 827 1146 850 3,
1160 821 1192 851 56
1211 818 1285 852 Quid

244 866 298 884 non
313 855 437 882 mortalia
456 853 565 888 pectora
586 854 658 887 cogis
677 853 743 878 Auri
763 852 830 877 sacra
847 850 942 877 fames!
978 853 1110 888 Quidquid
1127 854 1233 880 Seruius
1243 855 1285 881 hic

1340 213 1413 248 6‚'37
1425 220 1489 241 extr.

1065 531 1107 558 Sic
1121 532 1191 560 sacer
1204 533 1283 567 ignis,
1304 543 1333 561 to
1347 533 1417 560 sacra
1433 534 1490 560 Cic.
1504 535 1536 561 de
1551 536 1674 570 Legiba,
1688 545 1729 569 42.

1694 125 1721 166 S
1835 127 1874 166 A
1982 125 2018 167 C
2310 130 2377 188 256

1575 216 1752 251 Frequentare
1766 214 1834 241 sacra
1847 213 1930 241 Ouid.
1943 216 2009 242 Met.
2023 223 2052 247 3,
2066 218 2116 247 381.
2187 211 2293 239 Initiari
2306 213 2380 242 sacris

1647 250 1810 278 instaurabat
1825 250 1926 276 sacrum
1943 250 1995 277 diis
2017 250 2069 277 loci
2100 247 2274 277 Tacinflist.
2289 256 2321 279 2,
2338 256 2379 284 70,

1678 288 1770 312 Iurare
1784 294 1829 319 per
1843 293 1982 312 commune
1992 288 2093 313 sacrum
2107 284 2209 310 doloris
2225 284 2286 309 Stat.
2294 283 2381 312 Theb.

1345 328 1378 350 ¹2,
1390 329 1446 353 392.
1551 320 1637 348 obire
1651 322 1729 354 sacra,
1750 321 1808 348 uid.
1829 327 1917 347 oneo.
2033 323 2126 348 Parare
2140 320 2210 345 sacra
2225 318 2305 345 Ouid.
2319 320 2380 349 Met.

1521 358 1626 383 Parcere
1642 358 1719 385 sacris
1735 358 1803 384 Hor.
1819 357 1900 382 Serm.
1908 364 1927 386 1,
1940 364 1959 389 1,
1972 363 2012 391 ῖς.
2129 356 2255 388 peragere
2268 354 2336 380 sacra
2349 355 2379 382 de

1343 399 1419 418 more
1439 391 1521 419 Ouid.
1536 394 1601 419 Fast.
1611 400 1632 425 ς,
1644 402 1709 427 444.
1815 391 1942 425 Pei-egisse
1955 392 2022 418 mihi
2037 390 2131 418 videor
2144 391 2214 417 saera
2228 388 2382 418 tradentium
2398 396 2399 400 ¹

1346 432 1414 453 artes
1430 428 1560 460 Qiinffll.
1574 438 1585 463 ς
1594 449 1602 461 ,
1624 438 1659 462 ¹4·
1766 430 1911 454 Procurare
1925 427 1994 461 Nep.
2008 436 2036 459 2,
2055 436 2070 454 2
2089 434 2143 453 extr
2261 425 2299 450 De
2311 425 2383 453 sacris

1345 468 1434 488 autem
1450 464 1518 498 <qui
1532 464 1604 490 locus
1618 470 1687 498 patet
1700 464 1795 495 latius)
1816 463 1878 490 haec
1891 462 1921 488 sit
1935 471 1986 488 vna
1998 462 2135 494 sententia,
2152 467 2181 488 vt
2193 460 2278 487 conset
2285 466 2383 495 nentur,

1345 503 1371 523 et
1391 497 1513 534 deinceps
1531 499 1643 527 familiis
1662 500 1826 532 Prodantur,
1845 506 1870 525 et
1894 498 1981 529 (Vtin
1997 497 2054 532 lege
2069 497 2166 532 posui)
2197 501 2320 530 perpetua
2339 496 2383 524 sint

1835 534 1946 561 Violare
1968 533 2036 567 Nep.
2045 541 2071 567 7,
2083 543 2114 566 4,
2129 541 2151 565 3.
2223 531 2284 557 Sine
2303 531 2383 559 Sacris

1348 568 1494 601 hereditas,
1509 571 1584 597 Festo
1599 570 1711 605 aurion,
1724 572 1751 597 in
1769 570 1915 605 prouerbio
1931 569 1986 595 dici
1999 569 2080 600 solet,
2105 577 2164 594 cum
2182 567 2287 600 aliquid
2307 567 2383 594 obue-

1347 605 1421 644 nerit
1430 604 1488 631 sine
1506 606 1560 634 vlla
1580 607 1747 634 incommoda
1765 606 1923 641 appendice:
1958 604 2030 665 quod
2049 604 2116 630 olim
2141 605 2210 630 sacra
2232 611 2287 628 non
2304 601 2395 631 solum.

1348 639 1453 673 publica
1472 642 1637 669 curiosissime
1660 642 1893 670 administrabant:
1927 641 1957 666 Se
1995 641 2074 666 etiam
2094 640 2209 674 priuata:
2230 637 2395 673 relidiusquei

1348 675 1424 702 heres
1436 675 1469 702 fic
1487 678 1612 711 pecuniae
1625 679 1705 705 etiam
1724 679 1858 705 sacrorum
1876 682 1947 708 erat,
1968 682 1996 702 vt
2016 684 2045 701 ea
2065 673 2259 709 diligentissime
2275 673 2382 700 admini-
2400 689 2403 699 .

1785 714 1891 740 Sacrum
1904 713 1999 738 dicitur
2021 712 2166 746 Templum,·
2185 707 2282 744 [ἱερὸν]
2318 708 2385 742 Paul-

1347 747 1387 773 lus
1402 748 1532 775 Iurecons.
1546 750 1577 775 D.
1599 750 1639 776 Ad
1656 750 1741 785 legem
1760 750 1857 776 Iuliam
1879 748 2010 783 peculatus
2022 767 2031 779 ,
2050 747 2080 772 L.
2093 745 2219 779 Sacrilegi
2239 743 2323 778 capite
2341 753 2385 780 pu-

1348 783 1462 811 niantnr.
1518 785 1581 811 Sunt
1593 791 1680 812 autem
1694 786 1829 820 sacrilegi,
1849 794 1895 819 qui
1911 784 2017 818 publica
2036 782 2105 808 sacra
2123 780 2304 815 compilarint.
2355 780 2386 808 At
2402 793 2403 810 3

1348 819 1395 853 qui
1409 819 1512 853 priuata
1524 820 1602 853 sacra,
1614 821 1656 847 vel
1671 821 1802 847 aediculas
1817 819 1984 847 incustoditas
1996 817 2168 849 rennuerint,
2185 816 2298 851 amplius
2311 823 2404 850 quami.

1349 855 1437 886 fures,
1457 856 1544 881 minus
1557 865 1636 891 quarn
1651 857 1785 890 sacrilegi,
1807 863 1950 883 merentur.
2035 853 2171 884 Sacrum,
2192 853 2299 878 sacroue
2319 859 2387 884 com:
2402 852 2404 881 l

1341 249 1470 282 Qiinchl.
1487 260 1505 282 i,
1519 259 1542 278 2.

1341 285 1365 311 h.
1379 293 1399 310 e.
1415 286 1570 313 Adornabat.

243 894 271 919 de
286 892 429 918 homnibus
443 890 557 921 sacratis,
575 890 721 914 nominatim
735 886 762 912 de
775 886 835 917 illis,
854 889 897 922 qui
913 888 979 923 apud
992 889 1155 925 Mqffilienscs
1161 890 1287 927 saginati,
1299 900 1334 920 20
1349 890 1501 917 mendatum
1515 891 1561 925 qni
1573 892 1692 926 clepserit
1706 893 1877 927 rapset·itque‚
1892 890 2024 926 parricida
2036 889 2091 915 esso
2112 889 2167 914 Cic.
2182 888 2211 914 de
2221 885 2313 921 Legib.
2322 880 2404 918 2,22.'!

243 930 329 956 deinde
343 937 395 953 cum
409 924 616 961 rajecrationibus
628 921 776 958 auferendae
788 922 941 958 pestilentiae
953 927 1024 960 causa
1038 928 1119 951 necati
1125 926 1202 961 Junt:
1218 927 1288 952 sacra

244 965 324 991 fames
346 963 377 996 cst
395 962 492 988 morbus
509 963 603 990 animi,
627 962 653 984 in
667 965 771 993 poenam
789 958 911 984 diuinitus
930 958 1063 992 immistus,
1094 967 1122 986 ue
1140 961 1183 986 illa
1205 962 1286 988 fames

243 998 449 1027 Erifichthonis,
482 1003 511 1022 vt
525 994 589 1021 sacri
603 994 693 1020 morbi
701 994 763 1028 fient
775 994 841 1028 apud
853 994 982 1026 Medicas,
1003 1004 1104 1030 quorum
1122 1000 1190 1022 ratio
1207 1004 1229 1023 et
1247 1007 1287 1023 cu-

241 1040 309 1062 ratio
324 1035 447 1060 diuinitus
459 1034 589 1066 repetitur.
644 1029 732 1055 Eadem
739 1028 820 1055 fames
835 1031 893 1056 auri
900 1029 933 1063 qli
946 1031 1113 1064 exsecrabilis,
1126 1030 1288 1067 desperanda,

240 1078 270 1097 ut
283 1069 390 1096 morbus
403 1071 475 1093 etiam
494 1068 564 1093 sacer
577 1065 602 1101 J]
617 1064 729 1100 epile'pfla
747 1065 892 1099 despuitur.
928 1066 980 1092 vid.
1001 1072 1136 1092 DESPVO.

240 1114 319 1133 terum
334 1104 424 1131 aliudit
438 1102 472 1129 ad
489 1103 596 1138 Virgilii
609 1099 702 1126 diorum
711 1100 774 1127 Plin.
786 1109 820 1132 33,
830 1110 838 1126 1
848 1108 892 1137 pr.
911 1101 939 1127 de
952 1111 1022 1134 auro,
1036 1102 1199 1135 Vtinamque
1215 1103 1288 1137 possit

241 1151 257 1168 e
271 1142 325 1167 vita
344 1141 372 1166 in
386 1146 473 1166 totuin
490 1137 625 1169 abdicari,
645 1137 745 1162 sacrum
765 1136 850 1167 fame,
865 1143 893 1163 vt
916 1137 1086 1163 celeberrimi
1107 1138 1228 1164 auctores
1247 1139 1286 1165 di-

241 1186 314 1205 xere.
340 1189 342 1191 >
370 1177 411 1203 Sic
430 1185 458 1200 ex
472 1174 546 1202 MSS.
560 1172 642 1199 Hard.
652 1179 702 1207 pro
716 1173 784 1207 vulg.
804 1181 914 1203 aurum,
934 1173 1004 1198 sacra
1018 1174 1114 1199 fames:
1150 1173 1196 1207 nifi
1215 1176 1289 1201 malis

240 1215 300 1242 auri
314 1213 383 1238 sacra
396 1211 486 1236 fames.

242 1258 289 1277 100
309 1248 433 1274 diuinitus
449 1243 574 1278 immiſjbs.

240 1285 329 1313 Corda
344 1290 435 1318 pauor.
633 1276 654 1316 q
673 1287 690 1313 7
722 1281 830 1305 Nomina
843 1278 951 1306 Iocorum
958 1280 1059 1314 format
1066 1281 1136 1308 Sacri
1150 1282 1290 1317 appellatio.

242 1321 342 1348 Nobilis
360 1317 393 1351 cst
406 1318 477 1343 sac'er
490 1323 582 1346 mons,
601 1317 628 1340 in
645 1323 713 1350 quem
727 1316 834 1350 populus
843 1314 939 1351 Jeccffit
952 1316 1012 1341 Liu.
1029 1326 1056 1345 2,
1076 1325 1114 1348 32.
1149 1320 1181 1344 it.
1201 1327 1231 1350 3,
1252 1326 1288 1351 52.

239 1357 297 1383 Cic.
310 1355 338 1380 in
353 1355 425 1380 Brut.
438 1360 471 1385 54
492 1350 621 1377 Videmus
635 1351 699 1376 item
719 1351 846 1384 (inquit)
867 1351 956 1384 paucis
975 1353 1050 1378 annis
1071 1352 1127 1386 post
1142 1362 1216 1387 regen
1230 1362 1288 1381 exa-

240 1392 314 1423 eios,
332 1397 414 1424 quum
428 1386 500 1422 plebs
520 1393 601 1420 prope
623 1386 708 1418 ripam
721 1385 829 1411 Anienis
851 1386 883 1412 ad
902 1387 1010 1413 tertium
1027 1388 1185 1414 milliarium
1199 1391 1286 1416 conse-

239 1427 322 1458 differ,
338 1432 452 1458 eumque
466 1428 595 1452 montem,
615 1420 662 1454 qui
677 1420 752 1445 Sacer
765 1421 908 1454 appellatus
921 1421 967 1454 est,
986 1425 1172 1456 occupauiffet,
1189 1426 1225 1452 M.
1238 1427 1321 1461 Va-35

240 1464 336 1490 leriuin
351 1460 517 1487 Diciatorem
533 1455 647 1482 dicendo
660 1456 782 1481 sedauiffe
796 1454 949 1487 discordias,
963 1457 1042 1490 eique
1055 1458 1091 1483 ob
1104 1467 1162 1484 eam
1169 1468 1225 1485 rem
1238 1459 1287 1486 ho-

238 1507 318 1526 nores
334 1495 500 1531 ainpliffimos
513 1492 636 1525 habitos,
655 1497 680 1517 et
694 1500 754 1516 eum
769 1491 886 1525 primum
901 1491 938 1517 ob
952 1499 1008 1517 eain
1023 1492 1104 1526 ipsam
1116 1495 1216 1520 causam
1232 1496 1287 1521 Ma-

238 1535 342 1562 ximum
355 1533 403 1559 ell'e
418 1529 587 1565 appellatum.
607 1525 736 1553 Hchnus
743 1527 836 1553 Cicero.
907 1526 982 1553 Sacer
994 1536 1079 1560 mons,
1093 1531 1176 1564 inquit
1189 1529 1288 1556 Festus.

238 1569 394 1604 Pompeius,
415 1565 560 1601 appellatur
574 1570 643 1589 trans
656 1564 785 1588 Anienem
799 1562 910 1588 fluuium
924 1564 1013 1597 paullo
1025 1564 1094 1590 vltra
1106 1565 1214 1592 tertium
1228 1566 1287 1592 mil-

238 1607 361 1635 liarium,
386 1603 458 1637 quod
479 1609 539 1626 eum
555 1599 659 1634 plebes,
677 1607 761 1632 quum
782 1597 908 1625 seccffiffet
928 1608 942 1624 a
960 1599 1096 1633 patribus,
1113 1601 1206 1627 creatis
1220 1602 1330 1637 Tri-40

238 1643 318 1669 bunis
333 1639 427 1674 plebis,
440 1637 487 1673 qui
501 1635 550 1662 sibi
564 1636 642 1661 effent
656 1634 768 1666 anxilio,
788 1633 958 1666 discedentes,
979 1635 1038 1661 Ioni
1059 1635 1286 1664 consecrauernnt,

238 1677 308 1704 Sacri
323 1677 425 1705 Portus,
443 1672 496 1700 oid.
511 1680 567 1698 mox
580 1675 815 1697 SACRU’ORTVS.
882 1670 958 1696 Sacra
973 1671 1022 1696 Via
1038 1680 1086 1706 qua
1101 1672 1183 1707 eforo
1203 1672 1289 1699 ibam,-

237 1717 264 1740 in
277 1712 437 1747 Capitolium,
508 1707 605 1734 Cicero
619 1715 668 1740 pro
683 1706 765 1732 Planc.
782 1713 807 1739 17
828 1705 955 1739 Equidem
971 1705 988 1731 si
1002 1706 1117 1740 quando,
1137 1712 1165 1733 vt
1180 1707 1226 1739 fit,
1251 1708 1288 1734 ia-

237 1748 296 1775 c‘tor
310 1749 338 1774 in
351 1745 444 1776 turba,
465 1752 519 1769 non
533 1742 608 1768 illum
623 1742 715 1767 accuso
725 1761 732 1773 ‚
751 1742 799 1775 qui
813 1740 849 1766 est
863 1741 891 1766 in
910 1742 1009 1767 sumina
1026 1743 1101 1768 Sacra
1122 1743 1183 1775 via,
1203 1753 1285 1778 quum

237 1793 287 1819 ego
302 1782 333 1809 ad
348 1781 460 1808 Fabium
473 1779 605 1806 fornicem
620 1776 760 1811 impellor:
785 1776 829 1802 scd
843 1785 914 1808 eum,
924 1777 971 1809 qui
987 1777 1014 1802 in
1029 1778 1158 1812 meipsum
1173 1779 1326 1810 incurrit43

236 1828 316 1854 atque
332 1817 435 1844 incidit.
507 1815 575 1840 Hor.
588 1813 671 1839 Scrm.
689 1823 712 1844 i,
726 1820 758 1844 95,
779 1822 784 1836 i
807 1812 880 1838 ibam
897 1813 967 1838 forte
990 1813 1033 1839 via
1047 1814 1125 1846 sacra,
1140 1814 1203 1841 sicut
1215 1824 1289 1842 meus

236 1856 272 1883 est
284 1863 350 1881 mos.
456 1850 529 1877 Idem
543 1848 595 1876 Od.
607 1860 631 1882 4,
644 1857 670 1880 2,
684 1856 709 1881 35
728 1851 755 1873 in
769 1847 932 1883 descriptione
946 1849 1067 1883 triumphi
1076 1850 1207 1876 Concineu
1242 1865 1287 1871 ——

236 1887 550 1922 Caesareni‚quandoque
564 1885 666 1910 feroces
674 1885 721 1910 Per
729 1883 937 1909 sac-ruincliuum
951 1885 1047 1911 merita
1060 1884 1172 1912 decorus
1181 1886 1286 1912 Fronde

236 1927 394 1953 Sicambros.
430 1926 483 1949 vid.
497 1921 594 1952 Festus,
613 1930 669 1946 uocc
683 1926 813 1946 sacuam
830 1919 914 1946 Viam.

275 1969 289 1989 S
300 1968 348 1988 AC
360 1966 462 1991 RVM,
481 1959 498 1984 i.
534 1966 560 1985 n.
597 1955 643 1988 [τὸ
660 1955 733 1991 ἷερᾶν,
749 1954 842 1988 θῦμα]

234 2001 299 2024 mine
313 1999 392 2033 Opus,
411 1992 532 2031 quidquid
545 1994 680 2027 peragitur
699 1998 741 2016 aut
761 1988 868 2023 efficitur
890 1991 1061 2018 elaboraturue
1075 1996 1103 2018 in
1120 1993 1234 2020 honorem
1247 1994 1287 2020 dei

234 2037 323 2063 unius,
348 2038 391 2058 aut
408 2032 520 2065 plurium
539 2028 644 2053 deorum.
743 2026 866 2059 Frequens
885 2028 1003 2059 inprimis
1022 2027 1054 2059 ist
1072 2027 1101 2052 dg
1113 2029 1251 2062 sacrficjj5
1264 2036 1288 2055 et

234 2070 302 2096 cultu
316 2075 425 2094 externo.
541 2063 617 2095 Virg.
631 2063 695 2088 Aen.
711 2068 739 2092 3,
762 2068 787 2092 ¹9
815 2060 890 2085 Sacra
906 2060 1042 2087 Dionaeae
1060 2063 1140 2087 matri
1160 2062 1284 2097 diuisque

236 2104 365 2131 ferebam.
457 2098 531 2124 Idem
545 2096 610 2122 ibid.
624 2105 652 2128 4,
668 2098 715 2126 638
735 2096 809 2121 Sacra
819 2095 879 2120 Ioui
892 2096 998 2130 Stygio,
1019 2105 1086 2131 qnae
1098 2098 1148 2123 rite
1162 2098 1283 2132 incoepta

235 2140 338 2175 paraui,
358 2135 485 2164 Perficere
498 2132 533 2159 est
548 2131 651 2158 animus

236 2176 287 2207 est,
304 2175 345 2201 vcl
360 2181 441 2208 quum
456 2168 583 2197 sacrificia
596 2167 647 2193 diis
660 2164 822 2196 offeruntur,
842 2164 885 2190 vel
898 2173 980 2197 quum
1000 2166 1055 2192 dies
1075 2168 1176 2194 diuinis
1194 2170 1281 2203 epula-

235 2211 354 2239 tionibus
368 2207 530 2235 celebratur:
557 2203 600 2229 vel
620 2210 703 2237 quum
717 2200 774 2226 ludi
787 2201 815 2226 in
828 2199 958 2226 honorem
973 2208 1086 2235 aguntur
1100 2202 1221 2235 deorum,
1241 2205 1283 2230 vel

236 2256 317 2282 quum
332 2245 415 2272 feriae
429 2242 613 2269 obseruantur.
684 2237 728 2263 Ne
741 2236 805 2270 qnid
820 2235 852 2262 de
873 2235 1006 2263 sacrorum
1020 2236 1151 2271 religione
1164 2245 1284 2264 mutetur

236 2285 293 2311 Cic.
309 2291 358 2317 pro
372 2281 461 2306 Domo
474 2280 513 2309 36.
586 2275 662 2299 Vates
677 2273 809 2298 sacrorum
828 2270 908 2297 Ouid.
923 2272 986 2298 Met.
1002 2282 1032 2304 n,
1045 2274 1086 2301 68.
1194 2272 1285 2299 Tacit,

237 2321 304 2346 Ann.
323 2328 340 2350 ι,
353 2326 385 2351 42
405 2314 528 2341 Hostium
542 2317 648 2344 quoque
664 2309 704 2334 ius
717 2313 743 2333 et
757 2308 827 2332 sacra
841 2306 996 2339 legationis,
1015 2313 1041 2333 et
1055 2309 1093 2333 sas
1107 2308 1226 2341 gentium
1240 2314 1325 2339 rii—60
1346 2307 1378 2333 de
1393 2308 1482 2334 Benef.
1498 2317 1525 2339 3,
1548 2318 1572 2336 u
1593 2311 1732 2336 Parentum
1750 2311 1932 2337 conditionem
1952 2310 2126 2340 sacrauimus,
2150 2312 2213 2342 quia
2235 2306 2384 2344 expediebat

236 2355 318 2390 pistis,
368 2353 416 2377 Hic
433 2350 492 2376 iura
512 2346 659 2381 intelligam.
762 2341 836 2368 Idem
850 2340 916 2368 ibid.
934 2351 966 2373 ις,
988 2350 1017 2375 ¹7
1036 2344 1195 2378 Quanquam
1214 2345 1285 2370 intra

237 2392 307 2418 sacra
324 2388 443 2418 mensae,
464 2393 509 2410 etc.
524 2386 663 2416 properata
675 2377 763 2414 sit,sc
777 2378 858 2404 Mors.
895 2377 985 2403 Mensa
1003 2375 1036 2410 est
1054 2388 1099 2404 ara
1114 2379 1231 2414 quaedam
1244 2389 1284 2414 ge-

237 2430 283 2457 nii,
306 2427 412 2454 larium,
432 2423 497 2448 louis
514 2418 654 2453 hojpimiis.
772 2412 893 2439 Arceffita
911 2413 996 2444 sacra,
1022 2412 1068 2438 vni
1089 2420 1209 2440 ARCES
1222 2419 1235 2439 ε
1250 2420 1282 2440 ο.

239 2460 428 2489 Anniuersaria
444 2457 513 2483 sacra
534 2455 591 2480 Cic.
606 2452 659 2477 Att.
674 2457 701 2481 1,
723 2454 754 2478 ¹8.
860 2449 953 2474 Annua
967 2449 1037 2474 sacra
1059 2448 1132 2483 Virg,
1149 2449 1246 2483 Georg.
1264 2457 1283 2481 1,

373 2497 438 2520 Aen.
456 2498 479 2523 g,
493 2499 543 2524 173-
639 2487 741 2513 Arcana
760 2484 831 2510 sacra
847 2483 928 2510 Ouid.
943 2484 1007 2510 Met.
1023 2493 1061 2514 ιο,
1074 2486 1133 2518 436.

237 2534 343 2560 miliare
363 2532 480 2560 sacrum,
509 2531 565 2552 erat
594 2522 758 2549 Sacrificium
779 2519 912 2554 priuatum
933 2519 1092 2553 singularum
1113 2519 1287 2552 familiarum,

236 2570 291 2596 vid.
305 2566 424 2594 Macrob.
438 2565 541 2590 Saturn.
558 2569 577 2592 i,
592 2561 628 2585 16.
700 2557 767 2583 Fera
783 2556 852 2581 sacra
873 2555 952 2582 Ouid.
968 2556 1033 2581 Met.
1051 2564 1091 2587 13,
1106 2565 1166 2588 454.
1237 2554 1286 2581 Fu-

238 2605 331 2632 nebria
346 2603 414 2628 sacra
435 2601 509 2625 Idem
523 2595 608 2623 Trist.
621 2603 648 2627 4,
663 2602 680 2625 4
695 2591 818 2628 adfinem.
853 2591 912 2618 Liu.
922 2599 982 2623 5352
1004 2592 1043 2616 An
1057 2591 1194 2624 gentilicia
1208 2591 1287 2622 sacra,

239 2641 349 2675 (Gentis
365 2638 390 2674 s.
404 2638 524 2672 jamiliae
539 2631 668 2668 propria)
692 2637 724 2654 ne
746 2629 774 2654 in
793 2626 864 2653 bello
877 2627 984 2660 quidem
1001 2627 1161 2657 intermitti,
1183 2626 1286 2660 publica

237 2504 286 2531 338.
322 2504 346 2522 et

238 2678 309 2703 secra
328 2680 353 2700 et
374 2674 507 2698 Romanos
528 2670 597 2694 Deos
617 2672 697 2691 etiam
717 2665 744 2689 in
765 2671 825 2697 pace
844 2663 928 2688 deseri
955 2662 1054 2697 placet?
1090 2663 1143 2689 vid.
1165 2662 1285 2689 Macrob.
1298 2673 1334 2701 70
1346 2662 1435 2688 crabo.

531 2704 596 2730 Non
610 2702 721 2727 Gratum
735 2700 836 2726 sacrum
857 2698 951 2724 Lucan.
970 2707 988 2728 i,
1003 2700 1050 2724 611.
1167 2699 1287 2725 Horrida

565 2738 666 2773 iugalia
681 2736 759 2766 sacra,
782 2736 934 2770 Nuptiarum
953 2735 1083 2760 celebritas
1099 2740 1143 2759 aut
1156 2736 1286 2760 celebratio

627 2770 800 2806 Municipalia
820 2771 905 2801 sacra,
935 2770 988 2795 uid.
1002 2770 1027 2796 h.
1039 2778 1063 2796 υ.
1076 2769 1120 2804 sub
1135 2776 1158 2795 M
1172 2776 1191 2795 v
1203 2777 1253 2795 NV
1263 2776 1285 2798 S.

787 2805 909 2832 Nefanda
923 2806 992 2832 sacra
1012 2805 1086 2831 ldem
1100 2806 1211 2837 Memo,
1227 2813 1285 2840 227.

239 2714 332 2739 Saturn
356 2718 375 2741 ι,
391 2710 427 2734 16.

240 2749 309 2774 sacra
324 2745 369 2772 Sil.
386 2754 407 2776 3,
423 2751 479 2775 140.

239 2782 319 2810 Ouid.
335 2782 399 2807 Met.
421 2786 533 2815 7,]90.
585 2810 590 2814 Ι

240 2818 349 2851 Mystica
365 2817 433 2842 sacra
453 2809 623 2844 Ouid.Ep1st.
637 2817 660 2840 2,
675 2816 714 2847 4²:

240 2852 409 2882 Nouendiale
423 2852 533 2879 sacrum,
553 2845 604 2872 vid.
618 2845 642 2871 h.
654 2842 734 2878 ajub
747 2847 876 2868 NOVEM.
1014 2877 1017 2880 Ι

240 2890 286 2918 &il
307 2899 311 2914 1
338 2897 363 2923 7,
479 2882 619 2916 Peregrina
637 2881 724 2910 sacra,
744 2878 795 2904 uiti.
817 2877 842 2903 h.
855 2886 880 2902 υ.
988 2877 1050 2902 Liu.
1064 2885 1108 2908 29,
1129 2886 1156 2909 19
1178 2877 1286 2903 Praetor

240 2909 385 2957 Lesat’iqne
399 2923 497 2948 Locros
511 2916 642 2953 profe&i,
661 2915 789 2950 primam,
809 2912 883 2938 sicuti
896 2911 1049 2938 mandatum
1064 2918 1119 2938 erat
1129 2933 1136 2945 ,
1147 2913 1288 2947 religioni·

279 2948 293 2960 υ
555 2955 669 2979 Omnem
689 2950 760 2975 enim
781 2950 878 2974 [acram
899 2947 1052 2982 pecuniam,
1078 2957 1199 2982 quaeque
1219 2948 1287 2983 apud

240 2996 417 3028 Pleminium,
435 2998 554 3026 quaeque
573 2987 640 3022 apud
661 2985 758 3013 milites
775 2990 847 3016 crat,
866 2983 1048 3017 conquisitam,
1068 2994 1127 3010 cuin
1140 2993 1178 3015 ea,
1204 2993 1284 3019 quam

241 3033 369 3096 igfferunt.
475 3062 578 3088 Priuata
599 3059 668 3085 sacra
689 3062 815 3092 perpetua
836 3061 959 3082 manento
980 3055 1034 3081 Cic.
1044 3055 1076 3081 de
1093 3056 1182 3089 Legib.
1196 3065 1226 3089 2,
1246 3065 1286 3082 22.

241 3105 370 3139 Populare
384 3102 484 3126 sacrum
497 3096 634 3123 dicebatur
649 3093 800 3121 Public-um,
819 3092 883 3125 quia
897 3099 945 3125 pro
961 3091 1060 3125 populo
1080 3091 1184 3126 publice
1198 3091 1286 3118 fiebat,

242 3141 337 3168 Festus.
376 3135 514 3163 Publicuni
529 3130 686 3162 votabatur,
699 3128 778 3162 Quod
792 3128 901 3162 publico
916 3127 1001 3152 sumtu
1017 3136 1065 3161 pro
1085 3127 1183 3161 populo
1198 3127 1285 3155 fiebat.

243 3175 366 3210 quodque
381 3180 429 3208 pro
443 3169 587 3198 montibus,
601 3166 683 3201 pagis,
699 3166 779 3190 curiis
792 3170 818 3189 et
832 3163 939 3189 sacellis.
972 3163 1067 3188 Festus.
1138 3163 1205 3190 Pura
1219 3165 1288 3190 sacra

242 3211 323 3238 Ouid.
340 3210 402 3235 Met.
417 3216 439 3238 2,
454 3214 502 3240 713.
598 3201 690 3228 Sanffta
705 3201 772 3227 sacra
787 3200 889 3233 generis
908 3199 966 3225 Sen.
981 3199 1058 3224 Herc.
1073 3197 1126 3224 fur.
1143 3207 1173 3229 ¹3·

242 3248 341 3274 clusum
357 3245 456 3270 sacrum
472 3240 539 3270 suit,
559 3238 630 3271 quod
644 3235 904 3266 GracciMysserium
922 3234 1060 3260 vocabant.
1082 3233 1176 3261 Festus.
1231 3235 1286 3261 Sol-

244 3283 339 3313 lemne,
360 3278 439 3312 Qiod
456 3276 534 3302 certis
550 3272 716 3307 temporibus
736 3271 864 3304 annisque
886 3269 944 3296 fieri
965 3270 1036 3296 solet.
1075 3269 1168 3297 Festus,
1211 3271 1288 3297 Voca-

242 3318 313 3344 batur
328 3319 401 3342 ctiam
417 3314 526 3339 Statum.
563 3308 704 3344 viddizfra.
812 3306 925 3332 Socialia
938 3306 1022 3337 sacra,
1042 3306 1186 3340 Coniugium
1207 3306 1288 3333 Ouid.

245 3353 323 3386 Epist,
340 3361 377 3381 τι,
399 3356 444 3382 153,
550 3345 693 3375 Sollcinne,
716 3348 741 3369 et
755 3342 925 3367 necess'arunn
944 3342 1044 3368 sacrum
1066 3341 1156 3367 Tacit,
1179 3342 1246 3369 Ann,
1263 3352 1286 3374 ι).

244 3388 374 3413 Solleinnc
391 3387 489 3411 sacrum
507 3381 581 3408 lustri
601 3380 702 3406 Troici
730 3378 788 3403 Sen.
804 3376 910 3403 Troad.
930 3381 951 3406 8.

244 3419 484 3456 cuntur-,quaestam
492 3425 514 3444 et
528 3424 594 3443 certo
606 3423 710 3450 tempore
719 3413 759 3447 fin
770 3413 828 3438 ruiis
841 3416 915 3438 annis
928 3418 1068 3442 recurrunt,
1080 3413 1176 3448 diuersa
1189 3412 1287 3446 abillis,

243 3467 302 3494 quae
322 3457 453 3483 Indicliua
478 3460 613 3483 uocantur,
644 3451 753 3477 celebravi
773 3458 787 3474 a
806 3448 844 3474 die
863 3458 878 3474 a
891 3447 1054 3482 Pontificibus
1073 3451 1221 3484 quotannis,
1248 3450 1289 3475 vel

244 3496 337 3530 quoties
353 3499 411 3527 opus
424 3489 491 3522 effer,
505 3487 611 3514 iudith.
728 3482 810 3511 Ouid.
826 3483 889 3509 Fast.
905 3492 923 3515 i,
941 3486 994 3509 660

400 3526 468 3553 Ter,
487 3530 579 3557 quater
591 3521 682 3549 enolui
696 3520 821 3555 signantes
842 3525 961 3553 tempora
974 3518 1071 3549 Fastos,
1090 3531 1091 3539 i

440 3560 495 3585 Nec
508 3559 672 3585 Seinentinae
686 3557 721 3582 est
738 3556 790 3582 vlla
805 3561 906 3589 reperta
922 3554 984 3580 dics.

398 3596 474 3621 Tum
490 3594 557 3619 inihi
570 3594 659 3628 (sensit
669 3593 752 3623 enim)
768 3592 812 3617 lux
826 3590 886 3617 haec
901 3589 1029 3616 indicitur
1042 3589 1131 3623 inquit

441 3630 522 3658 Musa,
536 3630 598 3663 quid
612 3638 626 3655 a
641 3628 721 3656 Fastis
741 3636 795 3654 non
809 3627 871 3653 ssata
886 3627 954 3652 sacra
969 3625 1051 3659 petis}

244 3667 398 3695 Veneranda
418 3666 487 3690 sacra
508 3664 552 3689 Sil.
566 3672 598 3698 7,
614 3670 661 3696 382,
838 3660 858 3698 ff
872 3670 887 3688 2.
906 3661 1001 3688 Vri-ba:
1013 3660 1144 3687 Accedere
1158 3660 1236 3687 factis
1250 3662 1284 3688 sa-

245 3705 295 3730 cris
315 3704 376 3729 Stat.
393 3700 478 3728 Achil.
489 3709 495 3725 i
507 3720 515 3731 ‚
531 3707 586 3733 37³.
654 3699 766 3734 Alligari
780 3698 867 3730 sacris,
885 3697 938 3722 vid.
953 3702 1086 3722 AiriGo.
1182 3697 1283 3723 Astrin<

243 3748 304 3774 gere
318 3739 342 3764 se
358 3737 446 3768 sacris,
465 3735 518 3762 uid.
531 3740 717 3760 ASTR1N00.

244 3775 317 3810 pueri
334 3774 510 3806 innuptaeque
524 3770 625 3804 puellae
638 3770 712 3796 Sacra
730 3770 843 3797 Canunt.
881 3769 899 3794 i.
919 3776 941 3793 e.
960 3768 1079 3799 Hymnos
1095 3766 1192 3793 dicunt.
1228 3769 1285 3795 Ser-

241 3811 311 3837 vius.
347 3808 486 3834 Consiccre
499 3807 577 3835 sacra,
595 3804 822 3830 vid.‹10NF1‹31‹›.
894 3803 949 3830 Cic.
962 3803 994 3829 de
1001 3803 1214 3837 Arusp.Resp.;7
1228 3813 1282 3837 αις

242 3848 333 3880 Itaque
351 3844 449 3878 nequis
464 3850 584 3868 uicorum
600 3840 752 3873 imprudens
771 3840 939 3872 introspicere
955 3845 1026 3864 tuam
1040 3838 1149 3864 domum
1163 3838 1245 3872 poslit,
1255 3849 1283 3866 ac

241 3890 266 3908 te
281 3884 349 3908 sacra
363 3879 407 3905 illa
421 3887 464 3904 tua
479 3878 617 3903 facientem
634 3875 735 3906 videre,
748 3875 840 3900 tollam
854 3875 931 3901 altius
943 3873 1050 3903 te6hnn,
1069 3873 1122 3899 vid.
1132 3874 1189 3901 Liu.
1199 3883 1282 3907 29,i9.

240 3920 281 3947 sic
295 3914 452 3946 Duumuiri,
487 3917 517 3941 it.
530 3914 563 3944 V,
576 3912 608 3943 X,
622 3911 668 3937 XV
690 3910 745 3936 viri
758 3910 833 3936 sacris
848 3909 981 3937 faciundis
996 3910 1055 3936 Liu.
1068 3918 1088 3941 3,
1104 3918 1131 3934 io
1146 3917 1190 3945 pr.
1204 3919 1234 3943 ς,
1248 3919 1279 3942 13¹
1290 3916 1367 3944 1053,
1380 3919 1418 3943 32,

556 1209 597 1235 Sic
602 1208 677 1244 forte
688 1211 860 1243 interpreteris
874 1209 964 1234 Sacros
977 1214 1067 1235 vatum
1085 1218 1189 1236 errores
1209 1210 1292 1243 Sihs,

915 1953 1039 1988 Siibsiant.
1053 1957 1094 1983 vel
1107 1955 1231 1984 intelletio
1245 1966 1325 1993 iio-50

716 2129 835 2156 Macrob.
849 2130 951 2156 Saturn.
967 2140 990 2162 i,
1009 2136 1033 2157 ¹6
1051 2132 1125 2159 Sacra
1142 2133 1282 2160 celebritas
1290 2145 1318 2170 3,-

1336 2239 1466 2273 fecerunt.

1235 2485 1281 2510 Fa·
1299 2482 1330 2513 65
1346 2499 1391 2503 —
1409 2483 1477 2509 hunc
1490 2483 1532 2509 illi
1544 2492 1590 2509 rex
1605 2484 1718 2510 aetheris
1732 2484 1798 2510 altus
1811 2485 1952 2511 Honorem
1964 2482 2084 2517 Iuppiter
2103 2487 2191 2520 erepta
2211 2489 2260 2514 pro
2279 2482 2386 2516 virgini.
2399 2481 2400 2486 ¹

949 2841 1089 2875 Nuptialia
1110 2841 1178 2867 sacra
1201 2842 1286 2874 Qun·
1298 2846 1331 2874 75
1349 2841 1397 2868 Sed
1409 2849 1432 2873 ς,
1453 2848 1483 2873 23
1504 2841 1570 2866 Eum
1586 2840 1708 2874 praedam
1718 2840 1893 2867 Veientanam
1910 2838 2085 2874 publicando,
2105 2836 2282 2871 sacrandoque
2296 2835 2328 2863 ad
2342 2835 2378 2862 ni·

305 3033 391 3058 secum
410 3027 567 3056 attulerant.
589 3024 616 3050 in
635 3022 764 3048 thesauris
784 3020 973 3054 reposuerunt,
990 3028 1017 3044 ac
1038 3020 1171 3053 piaculare
1185 3020 1285 3047 sacrum
1302 3023 1334 3051 80
1350 3020 1440 3047 Tacit.
1455 3021 1486 3046 A.
1498 3028 1523 3051 2,
1545 3027 1591 3053 49,
1611 3028 1638 3053 4.

1342 3128 1395 3164 sui.
1465 3126 1542 3154 Ouid.
1558 3135 1589 3152 ex
1606 3128 1680 3152 Pont.
1696 3136 1719 3158 4,
1734 3134 1771 3158 14,
1786 3134 1812 3159 55
1832 3125 1972 3159 Tempora
1987 3125 2082 3150 sacrata
2096 3131 2153 3149 mea
2171 3123 2228 3148 sunt
2249 3122 2332 3149 velata
2344 3129 2389 3147 con

1245 3200 1288 3225 Sc·
1303 3200 1332 3229 85
1351 3201 1415 3226 saris
1435 3199 1503 3226 alma
1522 3198 1600 3228 Dies,
1620 3204 1646 3224 et
1665 3197 1723 3223 lucc
1742 3197 1866 3223 sacratior
1887 3196 1943 3228 illa,
1979 3195 2090 3222 Conscia
2112 3194 2253 3221 Dictaeum
2265 3202 2316 3227 qua
2328 3190 2396 3220 tulitl'

1055 3376 1123 3402 Siata
1144 3377 1229 3408 sacra,
1249 3378 1286 3403 di·
1298 3384 1333 3409 90
1348 3378 1445 3412 quibns
1459 3375 1574 3403 sanetum
1589 3374 1634 3407 est,
1653 3376 1699 3410 qui
1714 3374 1777 3409 quid
1790 3374 1914 3401 aduersus
1928 3383 1969 3400 eas
1982 3373 2085 3405 fecerit,
2101 3373 2170 3399 sacer
2183 3372 2264 3398 alicui
2278 3371 2389 3405 deorum,

1301 3559 1334 3585 95
1348 3567 1392 3583 nos
1403 3558 1505 3592 proprie
1517 3556 1574 3581 iliae
1580 3554 1653 3590 Jimt,
1673 3553 1758 3588 quibus
1771 3553 1873 3579 libertas
1887 3557 1977 3579 ciuium
1989 3559 2012 3579 et
2026 3558 2066 3579 vis
2076 3551 2231 3577 tribunorum
2240 3549 2321 3585 piebis
2331 3544 2392 3574 san-¹¹

825 3733 899 3767 Virg-
910 3733 971 3758 Aen·
986 3740 1014 3761 2,
1027 3740 1071 3763 239
1110 3745 1162 3750 —
1182 3732 1281 3759 circum
1291 3740 1338 3758 100
1349 3741 1418 3761 trans
1434 3734 1578 3764 Anienem,
1599 3733 1645 3766 qui
1660 3731 1741 3758 hodie
1755 3741 1829 3758 mons
1844 3733 1913 3758 sacer
1927 3730 2089 3760 nominatur,
2108 3729 2136 3754 in
2151 3737 2205 3762 quo
2216 3727 2310 3755 armati
2322 3731 2376 3752 con-

1348 926 1417 961 conf.
1438 927 1527 953 Barth.
1546 927 1579 953 ad
1608 928 1766 955 Stat.Theb.
1791 937 1818 960 π,
1836 937 1891 961 219.
1928 928 2011 954 Burm-
2029 926 2062 951 ad
2080 923 2211 957 Qiinchl.
2227 932 2252 955 ¹²
2266 933 2285 957 4
2310 931 2333 957 Ρ·
2351 930 2405 959 39-[

1348 962 1473 995 Sacrum,
1492 963 1626 997 Magicum
1645 964 1778 998 quoddam
1798 963 1830 991 ad
1848 961 2047 998 compescendas
2068 959 2264 987 detrahentium
2283 957 2394 992 linguas„

1348 997 1430 1024 Ouid.
1450 998 1545 1029 rasta,
1559 1007 1599 1033 57¹
1617 1000 1683 1025 Ecce
1698 1009 1777 1030 anus3
1813 1000 1842 1026 in
1854 999 1949 1025 mediis
1963 997 2074 1024 relidens
2088 995 2186 1023 annosa
2198 993 2300 1030 puellis,
2320 994 2397 1020 Satn*

1351 1033 1415 1059 facit
1428 1034 1506 1060 tacite
1515 1055 1524 1066 ‚
1549 1043 1596 1061 nec
1610 1040 1698 1061 tamen
1714 1035 1768 1069 ipsa
1781 1041 1856 1062 tacet.
1963 1034 2066 1067 Magica
2082 1032 2150 1058 sacra
2182 1031 2256 1065 Virg.
2265 1028 2313 1056 Ed
2323 1033 2346 1062 8³
2357 1031 2389 1056 ⁶⁶

1232 1068 1325 1104 Cae-23
1350 1067 1370 1106 ff
1380 1078 1390 1100 3
1400 1070 1448 1096 Pro
1451 1072 1593 1103 simulacris
1601 1081 1607 1095 .·
1621 1071 1695 1097 Sacra
1702 1070 1961 1097 retorseruntoculos
1969 1068 2223 1099 Ouid.Met.10,696.
2233 1064 2388 1100 conj'Justin.

1349 1107 1459 1137 3522213-
1566 1104 1606 1143 5⁴
1622 1113 1672 1142 pro
1680 1107 1908 1141 Dismanibus,ap.
1918 1106 2026 1139 Propert
2044 1112 2111 1137 3‚1‚1
2129 1108 2236 1138 inputat
2244 1099 2389 1141 Bfrouckhufi

1354 1142 1427 1166 Inter
1442 1142 1543 1168 sacrum
1553 1148 1579 1168 et
1594 1145 1682 1168 taxum
1691 1141 1956 1177 staretprouerbialis
1965 1141 2084 1172 locutio,
2096 1147 2145 1174 pro
2159 1140 2189 1164 ln
2204 1136 2322 1172 periculo
2336 1136 2393 1164 effe-2

1350 1175 1431 1202 Plaut.
1446 1178 1522 1211 Capt.
1530 1187 1550 1209 3,
1563 1188 1586 1209 4,
1601 1183 1628 1208 85
1649 1178 1727 1204 Nunc
1741 1186 1791 1212 ego
1805 1179 1874 1204 inter
1889 1180 1991 1203 {acrum
2004 1177 2147 1209 saxumque
2161 1174 2208 1204 sto,
2221 1181 2269 1199 nec
2280 1171 2344 1206 quid
2355 1171 2391 1199 fa-

1349 1211 1417 1237 ciam
1431 1212 1492 1238 scio.
1528 1216 1545 1239 i.
1566 1215 1597 1240 ln
1604 1213 1699 1249 stimmo
1712 1217 1779 1240 vitae
1787 1215 1899 1249 periculo
1903 1214 1953 1246 sto.
2060 1210 2186 1245 Apuleius
2194 1210 2258 1235 Met.
2270 1215 2292 1234 li
2306 1217 2331 1242 p.
2345 1208 2397 1242 2¹71¹

664 1244 705 1271 Sic
720 1244 777 1270 Val.
792 1243 874 1269 Flacc.
890 1253 912 1274 i,
932 1249 982 1278 798
1010 1245 1086 1270 Sacer
1107 1244 1185 1272 effera
1204 1253 1326 1281 raptat3o
1348 1246 1495 1274 Plurimum
1509 1257 1573 1282 ergo
1585 1249 1685 1275 duritia
1697 1256 1859 1284 paupertatis
1874 1248 2070 1280 intercedente,
2090 1246 2162 1281 quod
2183 1246 2220 1272 ait
2240 1249 2315 1270 vetus
2333 1250 2391 1278 pro·

1349 1281 1491 1315 vei-bium,
1509 1284 1581 1309 Inter
1601 1285 1702 1310 sacrum
1724 1292 1748 1311 et
1764 1286 1852 1311 saxum
1867 1284 1977 1318 positus,
1995 1283 2141 1311 cruciabar.
2245 1280 2354 1308 sumtum
2364 1286 2397 1305 tx«

1342 1317 1440 1353 priscis
1447 1318 1563 1354 foederis
1576 1319 1693 1354 feriendi
1709 1323 1882 1350 caerimoniis,
1904 1324 1930 1345 in
1949 1320 2039 1355 quibus
2055 1319 2157 1344 Fetialis
2169 1324 2272 1352 porcum
2279 1316 2343 1352 Jhxo
2351 1313 2390 1350 fe-

1347 1354 1436 1380 riebat.
1523 1354 1612 1390 Cogita
1620 1355 1723 1380 Fetialis
1736 1365 1833 1381 manum
1847 1356 1971 1392 cumJLixo
1978 1355 2104 1390 sublatam
2119 1352 2152 1379 ad
2163 1351 2398 1389 feriendumfintm

1346 1388 1412 1416 hanc
1422 1395 1503 1415 autem
1517 1397 1540 1415 et
1554 1393 1621 1415 inter
1637 1390 1752 1420 sacrum,
1778 1393 1798 1415 i.
1811 1388 1930 1422 hostiam,
1945 1391 2029 1426 subito
2045 1389 2194 1415 intercedere
2211 1390 2332 1422 aliquem.
2349 1390 2399 1414 eta*

1385 1431 1398 1450 S
1410 1432 1433 1451 A
1447 1430 1464 1451 C
1474 1432 1513 1451 EL
1524 1431 1542 1451 1.
1553 1433 1572 1451 v
1584 1432 1623 1455 M,
1642 1425 1661 1450 i.
1697 1433 1723 1452 n.
1761 1425 1808 1459 [τὸ
1824 1421 1905 1450 iurator
1918 1425 1930 1457 ]
1966 1424 2068 1450 Dimin.
2125 1433 2140 1450 a
2155 1425 2279 1454 Sacrum,
2293 1419 2390 1458 signifi·

1347 1466 1388 1486 cat
1402 1461 1490 1486 Locum
1505 1468 1613 1495 paruum
1634 1460 1815 1496 drosacraeum
1835 1469 1888 1485 cum
1909 1468 1964 1485 ara.
2059 1458 2137 1484 Ludit
2157 1460 2315 1489 Varroniano
2332 1464 2399 1483 mom

1348 1495 1416 1530 apud
1429 1496 1497 1521 Gell.
1508 1499 1534 1528 6,
1551 1505 1578 1522 iz
1599 1497 1629 1522 Τ
1630 1498 1766 1528 tenacius,
1783 1505 1837 1522 cum
1843 1494 1900 1530 post
1907 1494 1997 1530 finem,
2013 1502 2081 1529 quem
2095 1493 2164 1519 modo
2178 1492 2298 1525 dedimus,
2316 1491 2399 1524 addita

1346 1530 1471 1556 sacellum
1490 1539 1522 1557 ex
1535 1531 1637 1557 duobus
1650 1532 1740 1558 verbis
1753 1531 1872 1558 arbitror
1886 1530 2075 1565 compositum,
2094 1529 2159 1556 sacri
2173 1535 2198 1555 et
2211 1528 2306 1559 cellae,
2323 1527 2399 1562 quasin

1346 1565 1417 1592 sacra
1429 1565 1502 1591 cella.
1553 1566 1626 1601 ¹Quod
1639 1565 1705 1593 νεὲἶε
1718 1566 1812 1602 refellit
1820 1566 1921 1592 Gellius.
2026 1565 2122 1591 Sacella
2141 1566 2265 1591 dicuntur
2277 1564 2334 1590 loca
2345 1564 2397 1590 Du

1347 1602 1445 1627 sacrata
1458 1601 1511 1627 sine
1525 1601 1604 1631 tec'to,
1613 1603 1632 1627 F
1635 1602 1678 1628 est.
1718 1604 1777 1628 Non
1790 1602 1889 1628 videtur
1902 1608 1984 1628 autem
1997 1600 2041 1627 hoc
2053 1600 2095 1634 este
2103 1606 2258 1636 perpetuum.
2327 1598 2388 1626 Plin.

1350 1636 1429 1670 Epist.
1441 1642 1472 1669 8,
1492 1642 1505 1666 8
1520 1638 1609 1671 Sparsa
1628 1638 1687 1664 sunt
1703 1638 1772 1664 circa
1792 1637 1884 1665 sacella
1903 1636 2056 1671 complura,
2075 1636 2242 1671 totidemque
2258 1635 2315 1662 dei:
2348 1635 2387 1661 sua

1349 1672 1446 1706 cuique
1461 1673 1611 1703 veneratio,
1637 1673 1711 1700 suum
1723 1682 1829 1700 nomen.
1882 1673 1939 1699 Cic.
1957 1672 1988 1698 de
2003 1673 2073 1706 Lege
2086 1673 2146 1707 Agr.
2162 1681 2184 1703 2,
2198 1673 2229 1703 36
2250 1672 2311 1698 Sunt
2322 1669 2399 1698 enimi

1348 1707 1406 1733 loca
1427 1707 1533 1742 publica
1553 1709 1643 1741 vrbis,
1669 1710 1727 1735 sunt
1746 1708 1852 1740 sacella,
1877 1717 1944 1742 quae
1964 1708 2020 1743 post
2040 1707 2187 1734 restitutam
2202 1706 2386 1734 Tribuniciam

1348 1744 1501 1777 potestatem
1514 1752 1593 1770 nemo
1607 1745 1707 1779 attigit:
1744 1753 1812 1779 quae
1825 1744 1941 1771 maiores
1953 1745 1982 1771 in
1999 1744 2064 1770 vrbe
2085 1744 2198 1778 partim,
2215 1741 2324 1777 periculi
2333 1749 2386 1776 per·
2402 1762 2403 1770 1

1347 1779 1421 1812 fugia
1439 1780 1488 1805 effe
1507 1780 1658 1807 voluerunt.
1775 1780 1848 1806 Idem
1867 1781 1898 1806 de
1910 1780 2003 1806 Diuin.
2020 1788 2041 1811 1,
2056 1788 2103 1812 104
2122 1788 2143 1807 c.
2151 1782 2186 1812 46
2212 1782 2301 1812 Quum
2312 1776 2386 1804 vellet

1348 1815 1448 1841 sororis
1467 1816 1527 1841 suae
1547 1815 1629 1842 tiliam
1647 1817 1675 1842 in
1694 1816 1897 1843 matrimonium
1916 1816 2058 1847 collocare,
2079 1815 2157 1841 exisse
2171 1815 2200 1840 in
2213 1813 2340 1849 quoddam
2351 1813 2384 1840 s.-

1348 1849 1443 1876 cellum
1457 1852 1555 1876 ominis
1568 1851 1688 1886 capiendi
1702 1852 1785 1878 causa.
1800 1851 1873 1886 quod
1887 1851 1946 1878 fieri
1959 1859 2035 1877 more
2048 1857 2168 1877 veterum
2180 1850 2289 1877 solebat.
2322 1847 2382 1877 Ptin.

1348 1888 1372 1916 6,
1386 1894 1419 1917 29
1436 1886 1583 1913 Delubrum
1598 1889 1736 1913 Ammonis
1749 1888 1785 1914 est
1804 1888 1844 1914 ibi
1866 1887 2040 1922 religiosum,
2062 1892 2088 1912 et
2107 1893 2164 1913 toto
2183 1885 2270 1912 tra-‘S'tu
2288 1882 2378 1912 sacella.

1347 1921 1465 1961 Propert.
1480 1932 1507 1956 4,
1521 1931 1540 1953 3,
1553 1930 1584 1956 57
1601 1923 1680 1949 Flore
1694 1924 1784 1949 sacella
1803 1932 1873 1958 tego.
1980 1923 2056 1956 Virg.
2071 1922 2124 1948 Ecl.
2136 1931 2148 1954 3
2158 1942 2166 1954 ,
2184 1930 2201 1954 9
2217 1920 2343 1948 Nouimus
2355 1918 2379 1945 e‘t

1347 1966 1395 1991 qui
1409 1963 1444 1989 te,
1456 1959 1604 1984 transuersa
1615 1958 1751 1985 tuentibus
1765 1959 1856 1992 hircis,
1871 1960 1901 1985 Et
1916 1967 1980 1992 quo,
1995 1957 2038 1984 sed
2051 1957 2140 1984 faciles
2150 1956 2287 1991 Nymphae
2296 1955 2372 1985 risere,

1347 1992 1451 2019 sacello.
1546 1994 1636 2021 Tacit.
1649 1994 1717 2021 Hist.
1730 2003 1753 2026 3,
1766 2003 1802 2030 74
1824 1995 1960 2021 Modicum
1978 1993 2100 2020 sacellum
2120 1993 2183 2020 Ioui
2201 1989 2370 2021 conseruatori,

1345 2037 1471 2063 aramque
1487 2029 1583 2064 posuit.
1605 2030 1662 2056 add.
1678 2030 1746 2065 Nep.
1760 2033 1824 2062 2,6‚
1837 2033 1862 2057 6.
1898 2030 1981 2057 Solin.
1995 2040 2016 2056 c.
2025 2038 2049 2056 2.
2336 2048 2339 2050 -

1386 2070 1455 2103 sne
1468 2072 1486 2091 R
1497 2072 1532 2096 ο,
1556 2070 1607 2092 are.
1645 2065 1741 2101 [fsfo'w]
1796 2068 1846 2093 De..
1861 2066 1960 2098 dicare,
1980 2072 2003 2092 et
2010 2066 2111 2102 fhcrum
2118 2063 2218 2101 facere.
2259 2059 2318 2088 Plin-
2330 2060 2365 2092 36,

1343 2107 1367 2124 11
1388 2099 1513 2127 Eiusdem
1527 2109 1644 2128 remanet
1655 2109 1681 2128 et
1695 2102 1761 2128 alius
1776 2102 1923 2138 (obeliscus)
1944 2108 2048 2128 centum
2062 2094 2368 2135 cubitorumffiquempost

1346 2141 1498 2161 caecitatem
1511 2138 1568 2163 visu
1583 2138 1704 2169 reddito,
1726 2147 1757 2164 ex
1773 2139 1883 2164 oraculo
1892 2138 1947 2164 Soli
1962 2137 2083 2164 sacrauit.
2188 2135 2238 2161 Cic.
2250 2131 2369 2160 denium.

1346 2177 1411 2209 1,·22
1431 2171 1511 2202 Qiod
1527 2174 1626 2204 patriae
1649 2174 1722 2199 vocis
1743 2173 1853 2207 studiis,
1874 2174 2006 2208 nobisque
2026 2172 2138 2200 sacrasti.
2206 2170 2266 2197 Ata!
2282 2167 2372 2193 ἷὸἲῐὸῐθ

1346 2206 1420 2239 Vix-g.
1437 2207 1501 2231 Aen.
1516 2214 1539 2239 ς,
1553 2215 1607 2237 303.
1715 2208 1840 2233 Carmina
1862 2210 1994 2235 sacrarunt
2014 2218 2095 2235 auum
2113 2215 2205 2239 tuum,
2224 2201 2376 2231 Immortalem

1507 2275 1512 2279 ¹
1527 2275 1530 2279 ,
1543 2240 1623 2267 Ouid.
1638 2249 1669 2266 ex
1685 2241 1795 2272 Pont.4‚
1804 2247 1825 2270 8,
1834 2244 1877 2271 64.
1947 2244 2026 2268 Haud
2040 2244 2137 2269 frustra
2150 2250 2193 2274 te,
2213 2239 2320 2274 Iupiter,
2335 2235 2380 2262 ¹²²²

1344 2272 1404 2298 sede
1416 2275 1574 2301 sacrauimus
1587 2278 1646 2302 Liu.
1662 2282 1686 2307 8,
1701 2278 1726 2302 6.
1745 2279 1763 2302 i.
1780 2276 1920 2315 religiosum
1934 2278 2025 2301 cultum
2040 2278 2089 2314 tibi
2102 2278 2259 2302 decreuimus.
2328 2271 2382 2298 Sen-

1345 2344 1445 2369 liberos
1460 2343 1529 2369 tolli.
1625 2344 1744 2369 Parentes
1764 2345 1848 2370 liberis
1863 2346 2018 2371 inuiolabiles
2030 2352 2053 2371 et
2066 2344 2163 2371 deorum
2177 2342 2258 2375 instar
2273 2342 2384 2370 colendos
2400 2350 2401 2358 ¹

1346 2378 1389 2411 effe
1401 2380 1530 2404 voluimus.
1647 2378 1792 2412 Septimum
1807 2379 1886 2403 Diem
1899 2379 2003 2404 ieiunio
2016 2379 2127 2405 sacrauit
2141 2378 2230 2405 Iustin.
2244 2380 2285 2411 36,
2305 2386 2331 2410 2,
2349 2386 2384 2409 14.
2399 2397 2401 2403 <

1345 2414 1405 2439 Liu.
1422 2418 1466 2445 38,
1477 2422 1489 2444 3
1514 2413 1617 2439 Foedus
1633 2414 1704 2452 quod
1719 2414 1747 2440 in
1761 2413 1915 2448 Capitolio,
1934 2412 2006 2447 quod
2019 2414 2174 2446 Olympiae,
2194 2414 2265 2447 quod
2283 2413 2312 2439 in
2328 2421 2384 2439 arce

1345 2448 1456 2474 Athenis
1469 2449 1596 2474 sacratum
1610 2448 1705 2480 suissi-t,
1723 2450 1831 2475 irritum
1847 2457 1894 2483 per
1907 2448 1968 2474 illos
1981 2447 2038 2473 effe.
2130 2447 2206 2481 Virg.
2221 2449 2285 2473 Aen.
2293 2456 2331 2479 12,
2343 2455 2385 2480 4¹3

1347 2526 1399 2546 tate
1411 2519 1531 2545 sacrauit.
1640 2519 1755 2546 Martial.
1770 2528 1790 2551 ι,
1804 2527 1844 2553 ιι7
1864 2518 1993 2546 Condidit
2006 2519 2049 2544 hic
2062 2523 2137 2543 natae
2150 2525 2266 2548 cineres,
2283 2525 2386 2544 nomen-

1348 2564 1398 2588 que
1412 2556 1532 2582 sacrauit.
1641 2554 1793 2581 sanctiones
1808 2554 1944 2581 sacrandae
1962 2555 2021 2580 sunt
2042 2553 2099 2579 Cic.
2114 2561 2162 2586 pro
2174 2551 2255 2577 Balbo
2269 2560 2294 2584 33
2312 2562 2332 2578 c.
2344 2561 2382 2586 14.

1346 2590 1401 2616 vid.
1413 2600 1466 2616 mox
1475 2596 1654 2617 SACRATAE
1670 2591 1761 2625 Leges.
1803 2590 1870 2616 Plin.
1885 2595 1908 2621 8,
1918 2592 1947 2616 16
1963 2590 1981 2616 s.
1995 2597 2022 2615 21
2044 2588 2145 2614 Libero
2160 2588 2228 2622 patri
2242 2587 2378 2621 Templum

1347 2625 1376 2652 in
1391 2626 1469 2653 Samo
1488 2626 1559 2661 Elpis
1581 2626 1702 2652 sacrauit.
1780 2625 1856 2660 Virg.
1873 2627 1937 2651 Aen.
1949 2631 1979 2658 8,
1999 2632 2040 2658 715
2063 2625 2162 2650 Votum
2185 2622 2323 2649 immortale
2337 2623 2374 2650 [³⁴

1527 2661 1625 2688 Vrbem
1639 2662 1777 2688 Mineruae
1789 2661 1912 2691 Iustina,
1926 2663 1952 2693 6,
1967 2669 1990 2694 9.
2186 2655 2207 2695 ff
2226 2667 2242 2685 2
2275 2657 2371 2692 Sacrate,

1347 2697 1491 2733 [ἐναγίζειν]
1529 2699 1666 2729 Dcuouerc,
1684 2704 1707 2723 et
1720 2694 1856 2728 detestabile
1869 2697 2009 2726 decernere,
2040 2700 2064 2721 et
2077 2697 2115 2721 ita
2132 2697 2209 2721 morti
2225 2692 2336 2729 addicere,
2344 2699 2372 2720 υι

1345 2737 1442 2769 impune
1461 2734 1553 2759 molari
1566 2739 1590 2759 et
1602 2733 1683 2759 occidi
1692 2732 1775 2768 poffit.
1871 2733 1971 2764 Lina,
1991 2737 2004 2761 8
2021 2733 2088 2757 Ante
2105 2739 2196 2757 omnes
2215 2729 2247 2756 de
2266 2736 2374 2764 prouoca-

1347 2770 1420 2795 tione
1436 2769 1558 2795 aduersus
1572 2768 1735 2802 magistratus
1748 2768 1780 2794 ad
1793 2768 1931 2803 populum,
1954 2766 2131 2801 sacrandoque
2143 2775 2203 2792 cum
2218 2765 2294 2792 bonis
2306 2763 2378 2799 capite

1349 2806 1415 2836 eius,
1429 2805 1476 2838 qui
1490 2804 1564 2839 regni
1579 2803 1725 2838 occupandi
1735 2804 1842 2830 consilia
1855 2805 1963 2836 iniisset,
1975 2809 2063 2837 gratae
2078 2803 2106 2828 in
2118 2802 2213 2836 vulgus
2226 2801 2294 2836 leges
2307 2799 2380 2827 futte-

1349 2877 1434 2903 hilum
1448 2876 1588 2911 redegiffe,
1603 2870 1721 2907 absentes
1736 2876 1863 2902 ferociter
1874 2878 2016 2910 increpant.
2108 2874 2187 2909 Caput
2203 2874 2278 2899 aliter
2290 2872 2382 2908 sacrari

1346 2922 1419 2948 quam
1447 2912 1524 2945 bona,
1550 2921 1578 2938 cx
1603 2911 1643 2937 his
1665 2915 1738 2937 ctiam
1763 2909 1873 2944 constat,
1897 2920 1958 2947 quoe
1984 2910 2108 2942 diximus,
2128 2918 2185 2935 voce
2206 2913 2306 2935 SACER
2328 2915 2380 2942 ¹103.

1347 2948 1368 2986 ἦ
1388 2957 1400 2981 3
1438 2947 1502 2982 Paſj}
1535 2947 1616 2974 Ouid.
1633 2948 1651 2973 F
1670 2947 1698 2973 st.
1714 2957 1734 2977 i,
1755 2955 1796 2980 533
1818 2949 1904 2981 thue
1924 2955 1973 2981 ego
1993 2945 2126 2980 perpetuis
2146 2944 2213 2971 olim
2226 2941 2379 2970 sacraborin

1348 2985 1410 3015 aris,
1429 2985 1470 3010 Sic
1485 2983 1596 3017 Augusta
1609 2992 1644 3009 no
1666 2992 1709 3009 um
1723 2983 1802 3009 Liuia
1822 2992 1920 3009 numen
1938 2982 1999 3009 erit.
2103 2981 2163 3015 Spei
2184 2979 2260 3006 aedes
2279 2979 2385 3011 sacrauit*

1385 3063 1398 3082 s
1408 3064 1429 3082 A
1439 3063 1455 3083 c
1464 3062 1482 3081 R
1491 3057 1509 3082 Ᾱ
1522 3061 1543 3081 T
1554 3062 1574 3080 V
1583 3061 1596 3079 S
1605 3075 1613 3086 ,
1636 3064 1649 3081 a
1658 3075 1665 3086 ‚
1687 3063 1740 3081 nm.
1778 3053 1872 3080 Partic.
1908 3052 1939 3086 [ὅ
1952 3051 2073 3089 ἷερωθεὶς]
2135 3052 2210 3085 Virg.
2230 3052 2295 3077 Aen.
2309 3046 2331 3083 ἐ,
2345 3055 2397 3084 371·¹

1350 3092 1379 3118 de
1387 3093 1477 3119 Heleno
1491 3097 1557 3124 vate,
1576 3091 1672 3116 Exorat
1688 3099 1775 3124 pacem
1791 3089 1893 3119 diuum,
1911 3091 2043 3121 vittasque
2058 3087 2168 3114 resoluit
2188 3087 2285 3113 Sacrati
2299 3085 2391 3120 capititi

1350 3172 1432 3196 rona,
1450 3166 1467 3191 i.
1482 3162 1576 3189 Corona
1588 3162 1718 3188 heder-acea
1733 3162 1829 3200 Baccho
1836 3161 1923 3197 sacra,
1941 3169 1988 3196 qua
2002 3159 2183 3185 coronabantur
2196 3159 2292 3186 Poetae.
2326 3158 2389 3184 Cae-1

1349 3235 1394 3262 Ida
1408 3237 1498 3261 Ionem
1526 3233 1641 3260 Martial.
1658 3233 1704 3259 lib.
1715 3243 1734 3266 4
1745 3240 1789 3268 pr.
1882 3233 1957 3258 Dona
1971 3232 2066 3258 ducum
2079 3231 2175 3256 sacrata
2189 3230 2285 3256 Lucan.
2300 3237 2326 3261 ι,
2337 3232 2389 3261 138.l

1349 3272 1424 3305 Virg.
1440 3272 1500 3298 Aen.
1516 3278 1538 3302 2,
1553 3277 1595 3303 157
1614 3270 1661 3295 Fas
1681 3268 1748 3294 inihi
1763 3267 1906 3294 Graiorum
1924 3268 2019 3293 sacrata
2030 3266 2163 3292 resoluere
2177 3266 2250 3297 iura,
2271 3267 2290 3291 i.
2309 3265 2389 3291 lusia-i

1346 3307 1452 3333 randum
1465 3307 1581 3332 militare.
1652 3304 1782 3330 Homines
1791 3303 1892 3335 sacrati,
1903 3307 1978 3329 morti
1991 3302 2072 3328 deuoti
2084 3301 2202 3328 Macrob.
2218 3301 2320 3327 Saturn.
2327 3307 2348 3332 3,
2358 3304 2389 3334 Ἠ

1349 3343 1402 3369 vid.
1420 3346 1522 3368 SActR
1540 3349 1565 3366 n.
1580 3349 1599 3372 3.
1646 3339 1784 3373 Augustin.
1801 3339 1833 3364 de
1848 3339 1906 3365 Ciu.
1921 3339 1971 3365 Dei
1987 3347 2012 3370 2,
2026 3340 2067 3364 26.
2174 3338 2256 3370 Leges
2268 3332 2389 3367 sacratae,l

1345 3414 1408 3441 ficut
1427 3414 1490 3448 (leg.
1505 3411 1549 3444 sit,
1568 3414 1644 3442 cum)
1666 3410 1769 3437 familia
1789 3411 1959 3444 pecuniaque.
2030 3408 2130 3441 Addit,
2148 3409 2211 3434 Sunt
2223 3407 2270 3442 qui
2290 3407 2336 3433 ess'e
2347 3404 2381 3432 di·

1347 3456 1409 3476 cunt
1423 3450 1544 3478 sacratas,
1564 3456 1627 3482 quas
1641 3445 1728 3481 plebes
1749 3446 1834 3472 iurata
1856 3447 1883 3472 in
1896 3452 1986 3472 monte
2002 3446 2074 3472 sacro
2094 3443 2210 3471 sciuerit.
2282 3443 2319 3469 De
2335 3439 2381 3468 ιἨἰὸ

1347 3487 1511 3513 Romanorum
1532 3482 1634 3510 sacratis
1655 3482 1766 3516 legibus.
1808 3482 1865 3508 Viti.
1882 3483 1996 3508 Perizon.
2011 3479 2145 3508 Animadu.
2160 3488 2181 3504 c.
2195 3487 2221 3504 ιο
2238 3484 2263 3514 p.
2276 3484 2329 3511 418.
2354 3479 2387 3511 tlt

1350 3519 1443 3554 Erncst.
1458 3516 1542 3551 diane,
1557 3518 1613 3545 Ind.
1628 3520 1673 3555 leg.
1695 3518 1719 3544 h.
1734 3526 1758 3543 υ.
1876 3518 1990 3544 Breuiter
2008 3517 2088 3551 Leges
2103 3515 2212 3541 sacratae
2224 3514 2291 3550 apud
2303 3514 2388 3549 Roma-i

1347 3593 1398 3619 cita
1417 3590 1460 3625 est.
1563 3592 1641 3616 Locus
1659 3588 1770 3623 clafficus
1794 3587 1827 3620 est
1854 3589 1911 3615 Cic.
1927 3590 2028 3623 Fragm.
2049 3594 2097 3620 pro
2110 3585 2218 3612 cornel.
2239 3594 2286 3611 non
2298 3580 2387 3620 proculi

1349 3628 1440 3663 afine,
1460 3627 1551 3653 Tanta
1563 3625 1645 3660 igitur
1659 3625 1687 3650 in
1702 3624 1752 3651 illis
1767 3625 1850 3650 virtus
1871 3625 1936 3656 fuit,
1962 3630 1990 3650 vt
2003 3630 2071 3649 anno
2092 3627 2144 3646 xvi
2163 3621 2218 3655 post
2237 3629 2309 3655 reges
2327 3622 2386 3648 exa-¹

1350 3663 1420 3694 etos,
1441 3669 1549 3696 propter
1570 3661 1700 3687 niminam
1718 3660 1927 3687 dominationem
1946 3659 2092 3694 potentium
2104 3677 2113 3689 ,
2134 3656 2297 3687 secederent,
2314 3653 2386 3688 leges*

1348 3700 1455 3725 sacratas
1467 3697 1512 3732 ipsi
1528 3696 1576 3723 fibi
1590 3696 1772 3728 restituerent,
1791 3696 1857 3722 duos
1876 3696 1997 3723 tribunos
2016 3698 2149 3724 crearent,
2172 3697 2289 3719 montem
2308 3689 2385 3721 illum*

1346 3768 1478 3800 sederant,
1499 3774 1621 3794 aeternae
1635 3768 1779 3794 memoriae
1798 3769 1871 3794 causa
1889 3767 2085 3795 consecrarent,
2101 3770 2147 3790 etc.
2250 3762 2322 3789 Idem
2333 3766 2376 3795 pm

1347 3804 1431 3831 Balbo
1446 3813 1472 3836 33
1491 3812 1512 3831 c.
1530 3812 1559 3836 14
1579 3803 1731 3830 Sanffiones
1750 3803 1887 3830 sacrandae
1908 3803 1965 3828 sunt
1985 3806 2029 3826 aut
2047 3808 2143 3834 genere
2163 3799 2234 3834 ipso,
2253 3804 2296 3825 aut
2310 3794 2375 3833 obre:

1347 3840 1458 3866 statione
1479 3845 1505 3865 et
1532 3839 1726 3865 consecratione
1744 3840 1824 3875 legis,
1849 3843 1894 3865 aut
1913 3844 2028 3871 poenae,
2061 3844 2121 3861 cum
2141 3841 2217 3870 caput
2237 3834 2307 3865 eius,
2333 3835 2375 3866 qul

1347 3882 1437 3902 contra
1454 3875 1517 3901 facit
1532 3875 1709 3901 consecratur.
1804 3874 1917 3907 Historia
1930 3870 1962 3904 est
1980 3871 2039 3896 Liu.
2056 3879 2081 3902 2,
2097 3879 2131 3903 33.
2168 3870 2235 3897 Add.
2255 3879 2283 3899 2,
2296 3875 2334 3900 54·
2352 3868 2374 3890 θ’

1473 3913 1503 3937 it.
1517 3911 1572 3939 Cic.
1591 3920 1640 3945 pro
1653 3911 1741 3938 Domo
1755 3920 1786 3945 43
1800 3918 1821 3937 c.
1832 3918 1865 3943 17.
1901 3907 1974 3935 Idem
1987 3915 2037 3942 pro
2051 3908 2121 3933 Sext.
2133 3915 2210 3940 c.30.-
2241 3904 2272 3931 de
2279 3899 2372 3966 officie-33
