2434 4156
295 113 365 154 307
641 93 974 135 SAT
1732 88 2381 150 SAT‘3<

294 195 357 215 num
370 182 459 220 generi
472 183 613 217 vniuerso,
624 184 726 211 cultura
739 193 862 218 agrorum
877 183 912 209 est
925 182 1054 214 salutaris,
1068 182 1110 208 sed
1126 180 1207 207 etiam
1222 178 1331 205 deleoa-
1426 187 1468 207 SA
1478 186 1500 207 'r
1510 186 1532 205 v
1541 187 1559 206 R
1568 185 1591 205 N
1600 186 1609 204 1
1621 185 1642 204 v
1651 185 1674 205 s.
1711 177 1772 204 Adi.
1809 176 1970 213 [2:me
1983 179 2096 214 Κρόνιος]
2149 184 2194 211 ve,
2219 181 2290 208 Arna
2307 182 2382 212 Sam„

293 224 366 249 tione
386 228 464 253 quam
485 220 557 253 dixi,
584 226 609 246 et
630 220 763 247 saturitate
793 218 984 252 (abundantia,
1017 226 1076 253 quae
1088 217 1205 257 leturare
1223 215 1332 241 homines
1347 238 1351 242 ,
1389 215 1463 250 Virg.
1478 217 1541 241 Aen.
1555 224 1573 246 i,
1588 223 1640 249 573.
1734 213 1839 239 Coniux
1856 213 1975 240 Saturnia
1991 215 2036 240 Sil.
2051 222 2094 244 ιο,
2107 220 2158 245 338.
2263 218 2329 244 Iuno
2341 219 2383 247 San

286 255 385 293 poffit)
404 255 531 291 copiaque
544 264 633 282 rerum
647 257 776 286 omnium,
785 263 850 288 quae
863 254 894 279 ad
908 253 1011 279 vietum
1024 255 1174 282 hominum,
1188 255 1213 275 et
1227 250 1328 276 cultum
1388 250 1433 276 nia
1449 251 1522 285 Virg.
1537 253 1601 276 Aen.
1617 259 1640 282 3,
1653 254 1709 281 380.
1804 248 2041 284 Etiamjimpliciter
2060 250 2141 275 Ouid.
2151 250 2202 276 Tr.
2216 259 2240 282 ι,
2253 260 2279 284 2,
2292 260 2308 286 7
2328 253 2380 281 Ode

292 292 373 317 etiam
387 290 496 318 deorum
511 292 650 326 pertinent.
723 290 856 320 Saturitas,
871 295 920 323 pro
935 290 1101 314 Excrementis
1114 288 1219 312 ventris.
1263 285 1329 313 Plin.
1388 286 1493 312 Aenean
1507 286 1617 320 propior
1630 285 1749 311 Saturnia
1763 284 1872 310 Turno.
1965 286 2080 312 Mettum
2095 286 2244 312 Saturnium
2258 288 2286 312 in
2298 288 2384 317 honor.

291 335 329 360 ιο,
339 334 365 357 33
385 325 413 352 de
425 325 730 354 hirundinibusNotabili
743 324 873 351 munditia
887 329 995 357 egerunt
1007 327 1169 349 excrementa
1183 320 1330 354 pullorum,
1350 331 1364 356 5
1390 321 1439 347 Dei
1454 322 1574 348 Naeuius
1596 321 1712 351 inuenit,
1729 319 1818 345 addita
1838 328 1889 345 vna
1906 319 2007 351 Syllaba
2026 320 2058 347 ad
2092 320 2240 347 iambicum
2259 324 2374 357 versum,

290 361 487 397 adultioresque
499 363 642 396 circumagi
656 362 759 392 docent,
779 366 804 385 et
824 359 889 385 soris
904 360 1064 385 saturitatem
1082 356 1213 383 emittere.
1391 356 1507 383 Summas
1520 366 1581 391 opes
1594 357 1640 390 qui
1661 364 1752 389 regum
1773 355 1858 389 regias
1877 355 1987 389 refregit
2008 356 2150 388 Diomed.3
2174 366 2198 390 p.
2213 365 2260 389 5¹2-
2351 359 2392 388 Ser

327 404 341 424 S
353 396 437 424 ΑΤῦ
448 405 464 424 R
476 404 495 424 Ο
507 418 515 431 ,
532 403 585 424 5η.
622 396 720 428 [adm
742 396 824 429 κορέω,
850 394 982 429 χηηξζω]
1038 394 1148 427 Explere.
1195 391 1239 419 Ad
1252 399 1332 417 omnes
1386 392 1461 418 Cent.
1475 401 1497 427 p.
1508 398 1562 425 ¹8²5
1577 398 1653 428 pontt
1666 392 1799 426 exemplum
1812 390 1857 416 Isis
1870 397 1987 424 pererrat
2001 392 2094 419 orbem
2107 392 2225 419 crinibus
2238 393 2356 427 profusis.
2391 406 2394 411 >

283 432 372 469 senfin
380 437 502 469 pertinet,
518 435 620 468 proprie
634 438 713 457 tamen
726 430 759 456 ad
770 432 873 466 gustum.
977 430 1032 455 Cic.
1048 427 1161 461 Philipp.
1176 436 1199 460 2,
1213 436 1242 459 59
1264 435 1286 452 e.
1300 435 1333 459 24
1388 427 1570 454 Terentianus
1582 437 1605 462 p.
1615 436 1680 460 2439

292 469 414 495 versatus
424 469 451 495 in
460 469 531 495 bello
546 468 590 499 est,
606 466 732 493 saturauit
747 467 772 491 sc
786 465 910 499 sanguine
922 464 1153 490 dissimillimorum
1168 463 1206 489 sui
1220 462 1330 488 ciuium.
1542 464 1574 490 Et
1588 463 1693 490 Naeuio
1710 462 1804 487 Poetae
1944 460 1986 486 Sic
1998 461 2085 489 serunt
2097 463 2220 490 Metellos

290 505 367 538 Virg.
382 505 432 531 Ecl.
442 513 481 536 ιο,
494 513 524 535 30
545 503 602 529 Nec
616 501 697 534 cytiso
710 501 858 527 saturantur
870 509 940 534 apes,
960 509 1005 526 nec
1019 498 1112 526 fronde
1120 499 1239 533 capellae.
1275 498 1331 524 Nu·
1355 505 1383 523 io
1542 500 1613 525 Cum
1622 499 1694 532 saepe
1709 496 1883 528 laederentur,
1940 496 1993 522 Esse
2004 499 2177 525 comminatos

290 549 338 574 per
349 541 404 566 nati
418 547 541 566 mammas
557 542 691 571 appetunt,
706 545 849 570 earumque
862 536 981 562 vbertate
993 536 1141 561 saturantur
1160 534 1217 561 Cic.
1227 533 1258 560 de
1267 533 1330 559 Nat.
1545 534 1651 560 Dabunt
1669 533 1768 560 malum
1784 531 1886 559 Metelli
1942 531 2047 559 Naeuio
2060 535 2162 562 Po'e'tae.

292 576 373 602 Deor.
389 584 414 608 2,
427 580 473 604 118.
540 574 646 599 Famem
660 572 743 606 epulis
759 573 873 598 saturare
890 571 982 597 Claud.
997 571 1028 596 de
1035 570 1161 597 Phoenice
1170 578 1203 602 13.
1274 569 1332 595 Cir.
1389 569 1442 596 vid.
1457 579 1512 595 mox
1525 571 1622 596 Versus
1637 569 1783 596 Saturnius.
1890 567 1968 593 Mons
1976 566 2119 601 Saturnius,
2135 568 2270 602 Tarpeius
2284 573 2310 594 et
2322 569 2391 605 Capit<

290 620 341 646 pro
356 612 444 637 Domo
457 619 494 643 44
515 609 624 643 Expleui
637 608 739 633 animos
754 608 918 636 inuidorum‚
939 607 1040 639 placaui
1056 606 1119 632 odia
1138 604 1333 640 improborum,
1392 605 1478 636 linus,
1500 606 1599 631 Romae
1617 604 1769 632 notissimus.
1875 603 1938 634 Pes,
1958 604 2007 629 alio
2027 608 2120 632 nomine
2140 603 2348 637 Palimbachius,
2367 600 2397 632 in'

291 647 407 673 saturaui
422 647 501 671 etiam
520 644 657 678 perfidiam
678 644 759 669 scelus
777 642 954 676 proditorum.
1049 641 1123 668 Idem
1138 650 1186 676 pro
1201 641 1282 667 Flacc.
1303 647 1334 673 95
1391 640 1499 672 Latius,
1530 641 1542 645 ⁵
1614 638 1625 645 ⁹
1662 640 1728 676 apud
1745 637 1868 666 Diomed.
1884 647 1894 669 3
1924 647 1948 672 p.
1966 640 2021 672 476
2035 647 2080 674 pr.
2197 640 2285 674 Regna
2309 639 2398 669 Saturni

291 682 408 709 Ma&are
421 681 557 707 viCtimani
571 680 730 713 gratiorem,
749 688 827 712 quam
840 679 857 704 fi
873 679 900 705 L.
914 676 1000 703 Flacci
1011 677 1136 712 sanguine
1151 677 1223 704 illius
1236 675 1363 707 nefari-i5
1390 676 1465 709 Virg.
1476 676 1529 702 Ecl.
1543 684 1578 709 4,
1600 677 1624 703 6.
1740 674 1837 701 Tellus
1851 673 1972 700 Saturnia
1990 674 2098 709 frugum
2116 684 2209 710 parens
2240 675 2313 701 Idem
2332 676 2382 703 Gen
2394 690 2405 710 t

292 727 338 745 um
358 718 386 743 in
406 726 452 743 vos
473 724 563 741 omnes
583 714 681 740 Odium
701 714 897 741 satin-aneritis?
931 712 1000 747 conf.
1024 713 1098 739 Idem
1117 714 1146 739 in
1166 713 1254 739 Vatin.
1275 721 1297 737 c.
1313 721 1332 742 3.
1393 720 1418 742 2,
1434 719 1485 745 173.
1599 711 1694 737 Versus
1708 710 1824 736 Saturnii
1838 718 1944 744 quoque
1958 709 2136 743 antiquissimi,
2157 710 2254 746 quibus
2262 711 2362 737 Faunus
2372 686 2405 740 fi*

292 754 416 780 Saturnus
430 751 571 785 appellatus
585 749 656 784 quod
672 750 696 775 se
710 751 804 776 saturat
817 750 900 781 anniS,
921 750 1003 776 Stoica
1016 747 1293 785 etymologiaapudCic.
1302 747 1335 772 de
1391 746 1510 773 cecinisse
1527 745 1680 773 hominibus
1695 745 1810 778 videtur,
1826 745 1940 771 Saturnii
1955 745 2129 779 appellantur,
2141 746 2237 781 quibus
2254 752 2280 772 et
2293 754 2307 772 a
2322 747 2376 774 Nae

290 789 441 816 Nat-Deor.
457 795 480 817 2,
495 789 539 818 64.
654 785 714 811 Sola
728 785 792 811 fimo
807 785 899 819 pingui
912 784 987 818 Virg.
1006 785 1103 818 Georg.
1117 794 1137 817 i,
1154 789 1195 814 80.
1267 784 1334 809 Ster—
1391 782 1491 809 belluin
1503 782 1629 808 Punicum
1642 782 1769 816 scriptum
1782 782 1832 814 est,
1853 787 1878 807 ct
1891 789 1905 807 a
1924 781 2015 807 multis
2033 782 2093 808 aliis
2111 783 2186 816 plura
2204 781 2344 815 compofita
2359 783 2394 810 sini
2432 794 2434 813 l

291 833 353 850 core
367 824 480 849 saturare
493 820 600 847 nonalia
620 820 752 847 Columel.
764 829 793 852 2,
807 829 839 852 9,
854 827 887 852 ις.
993 819 1115 846 Saturare
1134 819 1235 846 ieiunia
1247 824 1333 845 terrae
1391 818 1489 848 Festus,
1501 826 1558 843 voce
1568 824 1734 845 SATVRNO.
1834 816 1897 844 Vide
1909 826 1968 852 quae
1975 817 2043 842 modo
2058 817 2086 843 de
2098 825 2173 844 metro
2181 818 2304 844 Saturnio
2312 817 2395 846 dixims
2432 830 2434 845 :

290 859 363 886 Idem
378 867 418 888 10,
439 863 478 887 εκ.
534 857 609 882 Prata
623 857 763 883 laetamine
770 855 967 883 PalladAEebm
988 856 1105 883 Saturari
1119 855 1204 881 multo
1217 855 1332 880 stercore
1339 862 1372 880 20
1390 860 1414 880 et
1428 853 1487 880 add.
1524 853 1588 879 Atil.
1602 853 1781 880 Fortunatian.
1802 855 1902 886 p.2679
1909 853 1950 887 sq.
1972 853 2065 878 Nostri
2077 854 2181 886 antiqui
2193 855 2240 879 vsu
2253 854 2309 878 sunt
2322 862 2354 879 eo
2371 862 2395 881 iit

289 900 359 921 amat
374 893 433 919 beta
457 892 530 918 Idem
548 891 614 919 ibid.
629 901 680 925 24,
700 901 737 918 10.
778 891 835 918 add.
849 892 955 917 Vitruu.
971 899 1014 922 10,
1036 900 1067 918 ii.
1108 891 1203 917 Catull.
1223 893 1273 922 69,
1293 894 1332 919 82.
1389 889 1529 915 obseruata
1541 888 1606 923 lege,
1627 897 1674 914 nec
1688 897 1742 915 vno
1755 897 1850 922 genere
1865 887 1994 914 custodito
2014 889 2083 915 inter
2102 890 2127 915 se
2140 890 2243 915 versus:
2258 889 2300 915 sed
2317 891 2402 922 praet(

288 929 383 956 Pallad.
401 938 419 960 1,
435 936 472 961 35,
486 937 506 954 ιι
528 929 616 954 Mures
629 927 748 959 rusticos,
761 927 778 953 si
793 935 909 961 querneo
924 928 1011 953 cinere
1023 927 1108 953 aditus
1121 935 1214 953 eorum
1227 926 1335 956 saturies,
1393 934 1471 958 quam
1479 924 1551 959 quod
1559 924 1703 951 duriffimos
1711 925 1837 954 fecerunt,
1846 924 1926 950 etiam
1933 924 1999 950 alios
2008 924 2156 956 breuiores,
2169 924 2236 950 alios
2250 925 2395 958 longioreait
2432 942 2434 950 2

289 964 388 991 attafm
402 964 535 998 frequenti
550 963 647 989 scabies
660 962 812 996 occupabit,
835 969 861 989 et
875 963 1002 997 perimet,
1024 966 1043 988 i.
1064 963 1170 998 oppletis.
1265 962 1335 986 Hae·
1391 962 1536 991 seruerunt,
1544 966 1572 986 vt
1584 960 1630 986 vix
1644 959 1795 986 inuenerim
1808 958 1875 993 apud
1882 960 2027 992 Naeuium,
2041 970 2107 996 quos
2120 969 2169 994 pro
2176 961 2296 994 exemplo
2305 963 2396 994 pon'ern

286 999 455 1027 morrhoides
469 999 586 1025 dicuntur
599 999 710 1025 saturari
730 998 850 1025 Scribon.
859 1006 917 1033 227.
952 1001 971 1024 i.
987 997 1064 1024 illini.
1341 1028 1345 1032 ι
1391 995 1519 1030 —Apud
1531 996 1633 1022 nostros
1641 996 1734 1022 'autem
1747 995 1775 1021 in
1789 994 1884 1021 tabulis
1897 995 2093 1031 antiquis,quas
2108 996 2298 1030 triumphaturi
2312 995 2395 1022 duces·

324 1042 367 1062 SA
377 1041 428 1061 Tv
438 1037 487 1061 RA'
497 1041 518 1060 T
527 1041 588 1066 vs,
609 1043 635 1066 a,
655 1043 710 1061 um.
746 1032 883 1069 Πάκορος,
896 1032 1057 1068 χορτασθεὶς]
1111 1031 1204 1058 Partic.
1277 1031 1376 1062 Me-,25
1391 1032 1527 1066 Capitolio
1541 1031 1663 1065 figebant,
1683 1030 1867 1064 vinoriaeque
1886 1031 1945 1057 suae
1965 1032 2073 1058 titulum
2085 1032 2215 1058 Saturniis
2235 1031 2350 1058 verfibus
2360 1033 2397 1066 ‚pn

286 1072 387 1107 eapbor.
407 1071 483 1105 Virg.
496 1071 561 1096 Aen.
576 1077 600 1103 5,
612 1072 663 1100 608
683 1069 768 1097 Multa
782 1078 908 1102 mouens,
931 1069 1042 1095 necdum
1062 1069 1202 1102 antiquum
1221 1067 1333 1093 saturata
1390 1068 1582 1101 sequebantur,
1600 1067 1662 1093 talia
1677 1066 1763 1101 reperi
1776 1066 1894 1100 exempla
1907 1075 1938 1092 ex
1955 1067 2041 1102 Regili
2055 1068 2153 1099 tabula,
2169 1067 2254 1094 Duello
2266 1076 2353 1103 mag-no
2365 1066 2397 1094 dt.

287 1107 419 1133 dolorem.
523 1105 578 1132 Cic.
593 1107 671 1132 Verr.
685 1113 708 1138 3,
721 1114 767 1132 too
786 1106 823 1132 Vt
837 1105 982 1140 aliquando
995 1113 1026 1131 ex
1039 1113 1133 1131 eorum
1151 1103 1237 1136 agris,
1253 1107 1332 1136 atque
1389 1103 1489 1136 mendo,
1508 1103 1608 1139 regibus
1628 1102 1775 1139 subigendis
1809 1117 1855 1122 —
1890 1102 1918 1129 in
1933 1102 2014 1131 Acilii
2035 1103 2189 1132 Glabrionis
2203 1102 2309 1134 tabula,
2329 1103 2397 1129 Funa-

286 1142 400 1170 vrbibus
413 1141 512 1176 expleti
526 1147 604 1175 atque
618 1142 741 1174 saturati,
762 1150 821 1168 cuni
835 1141 886 1168 hoc
902 1141 1009 1168 cumulo
1027 1140 1145 1175 quaestus
1167 1137 1330 1165 decederent.
1382 1139 1480 1175 fug-at,
1490 1138 1627 1174 prosternit
1639 1142 1760 1165 maximas
1771 1139 1895 1174 legiones,
1913 1144 1959 1168 etc,
2155 1136 2175 1175 ff
2190 1147 2206 1164 2
2226 1137 2358 1171 Saturnia,
2375 1140 2397 1165 Ν

286 1178 374 1205 Caede
387 1178 501 1205 armenti
513 1177 622 1204 saturati
635 1177 724 1203 leones
742 1177 823 1203 Ouid.
837 1178 902 1205 Met.
912 1186 948 1209 ιο,
961 1185 1015 1210 541·
1122 1174 1252 1200 Homines
1265 1174 1331 1199 satu·
1387 1184 1441 1200 men
1454 1177 1574 1210 regionis,
1586 1181 1610 1200 et
1623 1174 1716 1209 oppidi.
1758 1175 1844 1200 Varro
1860 1173 1892 1199 de
1905 1174 1934 1201 L.
1944 1174 1973 1199 L.
1989 1181 2017 1206 4,
2034 1174 2051 1198 6
2068 1181 2092 1206 p.
2110 1180 2134 1204 13
2158 1175 2187 1200 de
2199 1181 2278 1200 monte
2292 1174 2398 1209 Capitoli

285 1214 336 1241 rati
358 1213 507 1240 honoribus
527 1213 585 1239 Cic.
601 1221 649 1247 pro
666 1213 749 1239 Plane.
763 1221 796 1239 20
814 1222 836 1239 c.
849 1218 870 1243 8.
976 1212 1053 1238 Mens
1071 1212 1184 1237 saturata
1198 1209 1329 1236 bonarum
1338 1218 1370 1242 30
1386 1209 1508 1245 eodemque
1525 1212 1632 1245 Tarpeio
1650 1220 1704 1236 cum
1721 1209 1831 1242 dixiffet,
1839 1213 1942 1245 pergit,
1961 1210 2039 1235 Hunc
2060 1214 2136 1235 antea
2148 1216 2266 1237 montem
2280 1208 2381 1237 Saturni

286 1250 481 1285 cogitationum
496 1248 581 1282 epulis
600 1248 674 1274 Idem
696 1249 728 1274 de
742 1248 835 1275 Diuin.
848 1256 873 1280 i,
895 1250 925 1274 61
945 1257 966 1274 c.
981 1255 1023 1279 29.
1132 1245 1262 1272 Nondum
1276 1244 1327 1270 Lu-
1386 1245 1544 1278 appellatum
1557 1245 1742 1281 prodiderunt,
1761 1251 1786 1271 et
1799 1245 1832 1270 ab
1846 1253 1878 1271 eo
1891 1247 1942 1271 late
1958 1244 2106 1271 Saturniam
2119 1252 2225 1276 terram,
2246 1252 2274 1272 vt
2288 1245 2367 1272 etiam

283 1287 357 1312 mina
375 1286 431 1311 sunt
445 1285 517 1319 gnati
530 1292 588 1312 cara
602 1285 712 1311 saturata
726 1283 809 1317 figura
827 1284 911 1311 Catul.
929 1284 1026 1318 Argon.
1040 1283 1111 1314 s.63,
1124 1291 1178 1308 220.
1251 1280 1325 1307 Satu-
1387 1281 1446 1306 nius
1467 1281 1589 1315 appellat.
1675 1281 1823 1314 Antiquom
1844 1280 1972 1314 oppidum
1993 1280 2021 1306 in
2042 1280 2093 1306 hoc
2112 1281 2188 1308 fuisse
2205 1282 2353 1308 Saturniam
2369 1281 2383 1313 s

284 1328 357 1348 ratae
377 1320 460 1347 vestes
481 1320 582 1346 murice
592 1339 601 1352 ,
638 1322 658 1346 i.
687 1320 797 1346 Tintiae
821 1319 938 1347 Martial.
952 1324 981 1352 8,
1000 1323 1043 1352 48.
1148 1318 1261 1352 Compar.
1299 1322 1330 1342 vt
1387 1316 1470 1344 bitur.
1540 1317 1602 1342 Eius
1617 1316 1726 1349 vestigia
1738 1316 1819 1342 etiam
1833 1325 1902 1342 nune
1917 1321 2022 1342 manent
2036 1317 2101 1342 tria:
2138 1318 2209 1350 quod
2224 1317 2328 1344 Saturni
2340 1316 2383 1343 fan

284 1357 435 1383 Saturatior
449 1355 526 1381 color
545 1355 658 1386 Plin.21‚
673 1360 696 1385 8.
1258 1372 1261 1374 .
1388 1353 1417 1378 in
1431 1351 1567 1381 faucibus;
1605 1351 1678 1386 quod
1691 1351 1812 1377 Saturnia
1826 1357 1917 1384 porta,
1942 1360 2021 1386 quani
2034 1352 2126 1378 Iunius
2140 1353 2249 1386 scribit,
2263 1361 2342 1387 quain
2362 1360 2379 1378 n

319 1399 332 1418 s
344 1397 366 1417 A
379 1397 399 1416 Τ
408 1397 429 1416 V
438 1398 454 1417 L
464 1397 480 1416 ι,
491 1396 510 1416 0
524 1409 532 1420 ,
548 1393 602 1416 are.
639 1389 786 1424 [χορ-τάξω]
842 1389 910 1416 Idem
923 1389 988 1425 quod
1000 1389 1128 1415 Saturare.
1164 1389 1251 1414 Varro
1264 1385 1332 1422 apud
1340 1394 1369 1422 35
1387 1394 1483 1414 vocant
1498 1386 1660 1418 Pandanam3
1696 1386 1768 1421 quod
1782 1386 1838 1419 post
1851 1386 1942 1412 aedem
1957 1387 2062 1413 Saturni
2079 1387 2107 1413 in
2126 1388 2311 1416 aedificiorum
2329 1387 2379 1422 leg'

281 1427 356 1454 Non.
365 1429 446 1461 2,78t3
459 1426 554 1460 Neque
567 1424 595 1451 in
609 1425 717 1459 puluere
730 1424 849 1457 mythico
864 1425 1084 1456 (Memmium)
1101 1432 1213 1459 coquam
1229 1431 1329 1455 carnes,
1388 1423 1501 1458 parietes
1528 1423 1622 1458 postici
1654 1422 1726 1448 muri
1754 1421 1813 1446 sunt
1846 1421 1936 1455 scripti
1951 1442 1959 1454 ,
2004 1425 2022 1448 i.
2056 1425 2084 1447 in
2107 1423 2233 1458 farmuli,-
2263 1425 2373 1450 venalem

282 1462 378 1497 quibus
392 1461 509 1488 satullem
525 1469 648 1496 corpora,
669 1467 696 1487 et
705 1461 802 1486 samem
821 1459 932 1485 ventris.
1382 1468 1466 1485 earum
1496 1459 1608 1491 aedium,
1634 1467 1693 1494 quae
1717 1456 1780 1492 sunt
1802 1454 1857 1491 post
1890 1456 1972 1482 aedem
1998 1458 2102 1484 Saturni
2111 1478 2118 1490 ,
2144 1458 2182 1493 fit
2213 1464 2303 1486 mentio
2326 1469 2364 1485 mu

316 1498 568 1525 SATVRKTiM.
605 1497 671 1524 Adu.
695 1496 730 1522 ad
742 1496 913 1532 saturitatem.
954 1493 1091 1529 κατακόρως
1105 1493 1186 1519 Gloff.
1208 1493 1254 1519 Gr.
1270 1493 1328 1519 Lat.
1382 1497 1502 1521 moenium
1520 1498 1637 1528 antiquae
1657 1493 1743 1525 vrbis,
1764 1492 1799 1518 ad
1817 1501 1876 1526 quae
1891 1496 2002 1527 parietes
2021 1494 2060 1518 illi
2073 1492 2168 1527 postici
2182 1494 2340 1530 respicerent.
2375 1498 2401 1526 Α

318 1542 331 1561 s
342 1540 366 1560 A
379 1539 400 1559 T
411 1539 431 1559 V
442 1539 461 1559 R
475 1539 497 1559 A
509 1539 531 1558 N
542 1538 625 1559 TER.
667 1533 735 1558 Adu.
783 1530 859 1557 Idem.
894 1531 1005 1566 Compar.
1023 1530 1141 1564 Fulgent.
1154 1527 1304 1562 Mytholog.
1316 1536 1329 1559 3
1384 1529 1481 1556 diamus
1494 1533 1567 1556 etiam
1575 1530 1687 1561 Festum,
1724 1529 1797 1562 Virg.
1807 1528 1872 1553 Aen.
1880 1533 1903 1560 8,
1918 1534 1958 1561 358
1979 1529 2127 1554 Ianiculum
2142 1529 2215 1566 liuic,
2233 1531 2276 1557 illi
2291 1529 2406 1557 fueratis

280 1570 353 1596 Haec
367 1568 526 1595 saturantius
540 1567 668 1602 Apuleius
680 1567 823 1594 enarrauit.
1336 1575 1374 1601 40
1385 1565 1474 1591 turnia
1486 1573 1592 1591 nomen.
1700 1563 1835 1595 Saturnia,
1855 1562 1944 1590 Italia:
1980 1570 2006 1590 et
2017 1565 2111 1597 Mons,
2135 1566 2182 1600 qui
2194 1576 2262 1593 nunc
2276 1567 2311 1592 est
2325 1566 2401 1601 Capiti

316 1613 330 1632 s
340 1611 422 1631 ATv
433 1610 530 1631 RATI
544 1610 577 1636 0,
602 1603 671 1630 onis.
709 1603 728 1629 f.
790 1602 911 1637 χορτασίοι
930 1600 1018 1636 τροφῆς
1036 1600 1116 1626 Gloff.
1131 1600 1190 1627 Vet.
1208 1599 1266 1627 Lat.
1279 1598 1326 1624 Gr.
1383 1601 1470 1632 linus,
1490 1600 1626 1627 Saturnius
1640 1599 1830 1634 appellabatur,
1849 1598 1921 1633 quod
1935 1599 1962 1625 in
1977 1600 2059 1626 tutela
2075 1600 2180 1627 Saturni
2197 1603 2245 1628 effe
2260 1602 2401 1632 existimatu

315 1647 330 1667 s
340 1646 362 1667 A
371 1647 393 1666 T
404 1647 423 1665 V
433 1647 451 1666 R
461 1647 482 1666 Α
491 1639 571 1666 Βῖιι
581 1645 604 1672 S,
623 1649 646 1666 e.
683 1637 830 1674 χορταίτικος
842 1636 921 1663 Gloff.
937 1637 994 1662 Vet.
1014 1636 1070 1664 Lat.
1085 1636 1133 1661 Gr.
1383 1636 1500 1662 Saturnii
1512 1645 1619 1670 quoque
1634 1635 1805 1667 dicebantur,
1826 1634 1881 1667 Qui
1893 1635 2006 1662 castrum
2021 1637 2048 1661 in
2062 1636 2118 1662 imo
2138 1637 2209 1664 cliuo
2223 1638 2374 1672 Capitolino
2385 1638 2391 1664 i

317 1682 363 1703 SA
373 1681 393 1700 T
404 1681 424 1700 v
436 1681 455 1701 R
469 1681 485 1701 Ε
498 1683 507 1701 1
517 1682 548 1707 Α,
564 1683 601 1700 ae.
637 1674 658 1702 f.
694 1673 822 1708 [θύμβροι
829 1673 907 1699 Gloffi
916 1672 972 1698 Lat.
982 1672 1044 1706 Gn]
1080 1670 1164 1697 Herba
1171 1669 1324 1705 fragrantis·
1379 1672 1518 1704 colebant,
1540 1672 1586 1699 vbi
1600 1680 1644 1698 ara
1659 1671 1744 1697 dicata
1761 1670 1787 1696 ei
1802 1669 1853 1696 deo
1867 1677 1926 1697 ante
1941 1671 2041 1697 bellum
2056 1672 2210 1700 Troianum
2227 1674 2348 1706 videtur,
2361 1681 2401 1708 qu<

279 1711 379 1744 odoris,
399 1720 458 1746 quae
471 1718 494 1737 et
508 1711 605 1737 Cunila
617 1710 762 1746 quibusdam
776 1710 885 1739 dicitur,
904 1715 928 1733 et
941 1707 1088 1741 Origanum
1096 1705 1324 1733 Heracleoticum:
1380 1707 1449 1742 apud
1463 1716 1521 1733 eam
1540 1707 1685 1742 supplicant
1702 1707 1799 1741 apertis
1817 1706 1957 1740 capitibus.
2030 1707 2101 1734 Nam
2114 1709 2199 1735 Italici
2221 1710 2329 1736 auclore
2341 1695 2407 1736 Aeol

280 1746 401 1774 Scribon.
415 1755 470 1780 124.
508 1746 612 1772 Colum.
621 1754 658 1778 ιο,
673 1754 712 1778 233
731 1746 763 1772 Et
777 1744 889 1771 satureia
901 1742 987 1775 thymi
1000 1743 1118 1769 referens
1130 1741 1323 1775 thymbraeque
1333 1753 1367 1780 43
1382 1743 1471 1769 velant
1486 1743 1580 1777 capita,
1601 1742 1673 1777 quod
1689 1743 1721 1774 is,
1742 1751 1802 1768 cum
1817 1751 1874 1768 rem
1890 1743 2009 1768 diuinam
2034 1744 2131 1770 faceret
2150 1746 2178 1770 in
2199 1745 2279 1772 litore
2293 1746 2389 1772 Lauren

278 1785 408 1817 saporem.
516 1781 582 1807 Plin.
597 1790 639 1814 19,
655 1787 668 1811 8
686 1780 857 1813 Thymbram
878 1787 943 1805 vero
958 1787 1023 1812 quae
1037 1778 1067 1804 sit
1085 1778 1182 1805 cunila.
1253 1776 1325 1816 Haec
1382 1779 1441 1812 agri
1452 1779 1553 1806 Veneri
1572 1778 1668 1810 matri,
1694 1787 1727 1803 ne
1746 1777 1778 1803 ab
1802 1778 1886 1809 Vlysse
1906 1780 2027 1811 cognitus
2047 1779 2254 1815 interrumperet
2272 1780 2391 1807 sacrificiu

278 1818 348 1854 apud
361 1827 409 1844 nos
422 1816 501 1844 habet
516 1816 676 1843 vocabulum
696 1822 721 1842 et
735 1815 806 1842 aliud
816 1835 824 1847 ‚
844 1815 958 1842 satureia
971 1814 1042 1840 dios
1058 1814 1089 1840 in
1110 1813 1325 1839 condimentario
1384 1821 1462 1848 caput
1478 1815 1629 1848 adoperuit,
1649 1820 1728 1847 atque
1744 1813 1780 1839 ita
1793 1813 1960 1847 conspedmm
1974 1814 2054 1841 hostis
2068 1815 2191 1842 euitauit,
2262 1818 2328 1843 Han-
2336 1814 2390 1849 fist,

277 1862 383 1890 genere.
455 1852 557 1879 Seritur
568 1854 657 1878 mense
670 1851 828 1883 Februario,
842 1851 955 1884 origano
969 1850 1081 1876 aemula.
1116 1849 1186 1883 conf.
1195 1848 1260 1874 Cels.
1269 1856 1290 1878 2,
1299 1855 1326 1873 21
1383 1851 1449 1876 Aur.
1469 1849 1574 1876 Victor.
1604 1848 1636 1875 de
1656 1849 1703 1875 Or.
1720 1849 1751 1874 G.
1766 1849 1796 1875 R.
1811 1858 1830 1881 4
1859 1850 1963 1875 Faunus
2004 1865 2049 1869 -——-
2084 1851 2151 1877 solet
2171 1852 2260 1880 sutura
2280 1852 2390 1886 praecine

278 1899 302 1918 n
314 1898 350 1922 31.
387 1888 520 1915 Coluniel.
533 1897 567 1921 9,
582 1897 608 1921 4.
646 1896 685 1919 ιι,
698 1896 719 1920 3.
757 1896 801 1919 12,
815 1894 843 1921 7.
879 1885 975 1912 Pallad.
991 1895 997 1911 ι
1013 1890 1031 1912 t.
1044 1892 1085 1920 37.
1123 1891 1146 1911 et
1159 1883 1236 1911 Febr.
1250 1888 1269 1910 t.
1283 1891 1324 1916 24.
1381 1884 1510 1917 verfibus,
1530 1894 1596 1919 quos
1610 1884 1745 1910 Saturnios
1758 1883 1881 1916 dicimus,
1897 1885 1969 1918 quod
1985 1894 2065 1918 genui
2079 1887 2169 1919 metri,
2187 1888 2216 1913 in
2232 1887 2391 1914 vaticination

276 1933 302 1954 eg
315 1926 394 1952 Mart.
409 1931 427 1950 t.
440 1933 464 1956 9,
500 1924 574 1958 Apic.
587 1933 607 1956 1,
620 1932 642 1956 3.
687 1930 753 1956 3,13.
789 1925 815 1955 6,
830 1924 854 1949 6.
1334 1931 1367 1957 50
1383 1921 1520 1947 Saturniae
1534 1921 1650 1955 primum
1668 1919 1804 1954 proditum
1819 1919 1862 1946 est.
1936 1920 1985 1947 Sed
1999 1921 2093 1948 vrbem
2106 1922 2246 1956 Saturnus,
2266 1932 2322 1950 cum
2332 1923 2359 1950 ιἰι
2369 1924 2390 1950 It

314 1969 327 1988 s
336 1968 357 1988 Α
367 1966 388 1986 Τ
397 1966 417 1985 V
428 1967 446 1986 R
456 1966 471 1986 Ε
480 1967 489 1986 ι
498 1967 519 1986 v
529 1967 569 1991 Μ,
597 1959 615 1986 i.
652 1968 679 1985 n.
715 1958 791 1985 Idem.
846 1956 928 1984 Ouid.
950 1956 981 1983 de
996 1957 1060 1983 Arte
1074 1957 1134 1983 Am.
1147 1964 1179 1988 2,
1199 1961 1238 1987 4¹5
1259 1954 1324 1980 Sunt
1385 1957 1449 1983 liam
1462 1957 1587 1987 venisset,
1606 1956 1749 1983 condidisse
1762 1956 1885 1982 traditur,

277 1997 326 2032 qui
341 1995 504 2030 praecipiunt
523 1995 635 2027 herbas,
651 1994 779 2025 satureia,
798 2000 922 2020 nocentes
942 1993 1059 2023 Sumere,
1076 1991 1110 2018 ad
1127 1992 1243 2018 Venerem
1256 1989 1326 2016 rabo·
1420 2000 1463 2019 SA
1476 1998 1497 2018 Τ
1508 2000 1527 2019 v
1539 1998 1559 2018 R
1570 1998 1591 2017 N
1607 1999 1629 2018 Α
1641 1999 1657 2018 L
1667 1999 1675 2017 1
1685 1999 1718 2024 A,
1740 1991 1807 2024 ium,
1831 1998 1857 2017 et
1874 1994 1962 2018 orum.
1998 1992 2154 2029 (Vtramque
2175 1997 2357 2021 terminationem
2369 1993 2389 2018 G

274 2032 392 2061 randum.
462 2030 579 2059 Martial.
591 2038 615 2062 3,
627 2036 663 2064 74
678 2031 803 2064 Improba
816 2037 863 2054 nec
878 2029 987 2062 prosunt
1000 2029 1054 2055 iarn
1067 2026 1180 2054 satureia
1191 2026 1254 2052 tibi.
1383 2031 1460 2053 nitiui
1472 2026 1616 2054 auHoribus
1627 2027 1721 2053 idoneis
1730 2027 1822 2062 probat
1836 2027 1956 2053 Macrob.
1972 2027 2074 2055 Saturn.
2089 2038 2114 2062 1,
2127 2039 2154 2063 4.
2176 2037 2205 2057 vt
2217 2037 2288 2057 tamen
2301 2027 2391 2054 Saturna

276 2086 277 2090 =
313 2075 358 2096 SA
368 2074 389 2094 T
399 2072 448 2093 VR
458 2072 493 2092 El
504 2072 524 2092 v
536 2072 563 2093 Μ
576 2085 585 2098 ,
613 2065 632 2091 i.
675 2074 702 2090 n.
761 2064 827 2092 Vrbs
853 2066 881 2090 in
901 2065 1005 2099 Apulia.
1076 2062 1202 2090 scribitur
1231 2067 1254 2086 et
1284 2060 1327 2086 Sa·
1384 2063 1484 2089 liorum
1506 2062 1574 2089 dicat
1592 2062 1725 2097 vfitatius)
1761 2071 1787 2089 n.
1823 2063 1861 2089 Pl.
1896 2064 1907 2094 [
1920 2062 2006 2097 Κρόνια
2019 2065 2032 2100 ]
2087 2066 2164 2092 Sacra
2179 2063 2329 2100 antiquiffima
2345 2069 2388 2097 αρν

275 2111 377 2132 turum.
412 2102 482 2128 Hinc
1340 2107 1368 2134 55
1383 2099 1504 2125 Romanos
1513 2100 1640 2125 Decembri
1653 2098 1730 2134 mens}
1737 2097 1911 2133 persummam
1928 2099 2082 2127 hilaritatem
2092 2102 2297 2136 celebrarisolita:
2316 2098 2342 2124 de
2355 2107 2391 2138 qu}

315 2142 560 2166 sATvaAN
571 2141 631 2168 νς,
665 2144 698 2168 a,
724 2144 779 2161 um.
841 2141 887 2167 vt,
917 2133 1042 2161 Caballus
1063 2132 1232 2160 Satureianiu
1257 2130 1325 2157 Hor.
1381 2144 1437 2160 rum
1456 2138 1552 2170 origine
1570 2142 1594 2161 et
1612 2135 1704 2161 ritibus
1723 2133 1835 2168 clafficus
1853 2135 1920 2160 locus
1938 2133 1969 2167 tl?
1990 2136 2108 2163 Macrob.
2124 2137 2220 2164 Satin-n.
2233 2145 2256 2167 ι,
2273 2144 2285 2167 7
2294 2135 2350 2170 sqq·
2383 2142 2390 2157 ³

277 2176 359 2203 Serm.
374 2183 395 2206 1,
408 2177 433 2206 6,
446 2181 485 2205 59.
1105 2202 1110 2207 Π
1384 2170 1447 2197 Stat.
1462 2170 1527 2196 Silu.
1538 2180 1556 2203 1,
1565 2173 1590 2196 6.
1611 2177 1634 2196 et
1647 2179 1676 2196 ex
1690 2170 1867 2196 recentioribus
1874 2170 1973 2205 Lipstus
1985 2172 2111 2198 saturnal.
2121 2183 2142 2204 ι,
2152 2172 2226 2207 asqq.
2263 2167 2391 2198 Bremzers

315 2218 327 2237 s
338 2217 360 2237 A
370 2216 391 2235 T
402 2215 420 2234 v
430 2216 450 2234 R
459 2214 476 2234 c
486 2214 507 2234 ι-ι
519 2213 536 2233 E
547 2213 569 2238 1,
589 2205 684 2241 Populi
699 2206 756 2232 sunt
770 2205 839 2232 circa
853 2204 982 2231 Maeotim
995 2203 1061 2240 apud
1073 2202 1139 2229 Plin.
1154 2204 1180 2234 6,
1193 2209 1218 2237 7.
1383 2206 1498 2232 turnalia
1507 2213 1554 2241 per
1566 2206 1618 2231 dies
1630 2205 1660 2231 ab
1674 2214 1722 2230 vno
1735 2204 1769 2229 ad
1775 2205 1870 2238 septem
1883 2205 1979 2240 diuerfh
1991 2213 2098 2242 tempore
2111 2209 2230 2234 celebrata
2242 2207 2374 2232 memorium
2384 2212 2392 2228 r

316 2254 329 2273 s
338 2253 359 2273 A
370 2251 391 2271 T
401 2251 421 2271 v
430 2251 479 2270 RN
492 2250 510 2267 v
524 2249 546 2274 s,
559 2242 578 2269 i.
614 2251 650 2267 ni.
686 2240 807 2281 [Κρὸνρς]
859 2240 928 2281 Caeli
940 2240 1024 2276 filius.
1105 2237 1200 2265 cicero
1218 2235 1250 2263 de
1261 2235 1326 2263 Nat.
1376 2241 1498 2275 serebant
1511 2241 1579 2267 illius
1593 2242 1726 2275 temporis,
1744 2247 1790 2273 quo
1803 2239 1925 2264 Saturnus
1938 2243 1965 2264 in
1977 2246 2050 2275 regni
2055 2242 2227 2276 socmatem'a
2241 2242 2301 2269 Iano
2317 2243 2393 2273 recept

279 2284 363 2310 Deor,
379 2289 402 2313 2,
416 2282 446 2312 63
466 2288 488 2306 c.
497 2286 532 2311 24
549 2278 631 2303 Vetus
645 2276 708 2303 haee
726 2278 821 2310 opinio
835 2277 974 2303 Graeciam
988 2275 1123 2310 oppleuit,
1139 2273 1238 2299 scilicet
1256 2272 1327 2297 exse·
1338 2276 1373 2301 60
1378 2275 1481 2310 felicem
1495 2283 1518 2301 et
1530 2275 1596 2310 quast
1607 2284 1705 2301 auream
1719 2280 1821 2299 aetatem
1836 2274 1927 2299 Italiae
1940 2277 2041 2308 populis
2047 2276 2188 2310 praestitit.
2259 2278 2344 2312 Igitur
2356 2282 2393 2299 υα(

280 2319 355 2345 &um
368 2316 479 2343 Caelum
493 2323 507 2340 a
520 2313 578 2339 filio
590 2312 719 2344 Saturno,
738 2312 859 2337 vimPtum
871 2318 959 2337 autem
974 2312 1114 2337 Saturnum
1132 2309 1217 2343 ipsum
1235 2317 1250 2334 a
1268 2306 1328 2332 filio
1385 2310 1445 2336 bant
1458 2319 1473 2335 a
1487 2310 1569 2336 labore
1582 2313 1658 2340 omni,
1673 2311 1787 2335 conuiuia
1800 2309 1940 2343 agitabant,
1955 2309 2018 2335 dona
2029 2310 2190 2344 miffltabant,
2202 2312 2292 2344 firmos
2304 2318 2333 2337 vt
2343 2318 2393 2343 afqi

279 2355 355 2381 Ioue.
450 2349 555 2382 Physica
572 2348 641 2374 ratio
653 2356 707 2373 non
725 2347 858 2380 inelegans
877 2347 975 2372 inclusa
997 2347 1032 2372 est
1055 2347 1082 2371 in
1101 2346 1196 2378 impias
1217 2343 1328 2369 fabulas.
1388 2347 1423 2373 les
1436 2343 1592 2376 vastabant,
1604 2351 1650 2369 etc.
1678 2356 1681 2360 ·
1737 2342 1787 2367 Tu
1801 2342 1831 2367 in
1843 2343 1958 2369 scholam
1977 2341 2100 2377 reuoca's,
2120 2355 2170 2380 ego
2189 2346 2273 2372 adhuc
2285 2346 2393 2371 Saturna
2407 2351 2419 2368 r

280 2387 426 2415 Caelestem
441 2387 512 2412 enirn
523 2381 670 2411 altissimam
680 2382 883 2415 aethereamque
897 2387 1026 2411 naturam,
1040 2380 1067 2406 id
1083 2379 1118 2405 est
1133 2380 1248 2412 igneam,
1261 2385 1329 2411 quae
1387 2380 1502 2407 extendo
1532 2381 1599 2406 Plin.
1611 2378 1690 2413 Epist.
1710 2378 1743 2409 6,
1765 2383 1792 2410 7.
1899 2378 2006 2404 Sueton.
2032 2381 2059 2404 in
2080 2382 2185 2414 August.
2216 2391 2236 2407 c.
2255 2390 2286 2415 73
2309 2381 2394 2406 Saturi

279 2433 328 2460 per
342 2423 394 2450 sese
407 2421 499 2448 omnia
510 2420 641 2455 gigneret,
658 2427 750 2444 vacare
766 2417 908 2444 voluerunt
920 2425 950 2442 ea
964 2422 1037 2450 parte
1050 2415 1166 2448 coporis,
1184 2421 1252 2447 quae
1268 2421 1329 2437 con·
1387 2416 1469 2447 libus,
1488 2422 1513 2441 et
1528 2416 1546 2441 li
1563 2415 1670 2449 quando
1684 2413 1748 2439 alias
1764 2411 1892 2445 libuisset,
1910 2413 1992 2439 modo
2006 2422 2114 2440 munera
2128 2416 2273 2445 diuidebat‚
2290 2416 2387 2441 vestem
2407 2406 2409 2419 ⁴

281 2460 423 2487 iunctione
437 2456 544 2484 alterius
558 2461 646 2489 egeret
659 2454 691 2479 ad
704 2452 904 2487 procreandum.
951 2452 1091 2477 Saturnum
1105 2455 1193 2476 autem
1206 2455 1267 2473 eum
1280 2447 1328 2472 esse
1343 2452 1374 2481 65
1385 2458 1482 2476 aurum
1500 2455 1525 2475 et
1543 2456 1695 2483 argentum:
1732 2448 1814 2473 niodo
1837 2457 1932 2474 numos
1948 2449 2035 2474 omnis
2054 2457 2142 2476 notae.
2177 2450 2245 2485 conf.
2265 2450 2338 2476 idem
2355 2452 2395 2476 Vel

282 2496 449 2524 voluerunt,
488 2493 535 2526 qui
559 2490 664 2516 cursum
687 2494 712 2514 et
740 2487 939 2514 conuerfionein
967 2487 1113 2520 spatiorum
1128 2505 1136 2517 ,
1169 2493 1198 2510 ac
1228 2488 1329 2522 tempo·
1389 2493 1458 2517 0¹9·
1563 2485 1620 2511 Cic.
1637 2486 1691 2511 Att.
1706 2490 1734 2515 ς,
1753 2491 1784 2508 20
1805 2483 1986 2510 Saturnalibus
2005 2494 2097 2517 mane,
2119 2492 2165 2511 etc.
2202 2485 2256 2512 vid.
2271 2487 2335 2512 Hor.
2348 2486 2410 2513 Seri*

280 2540 344 2560 rum
362 2529 510 2557 contineret
524 2547 533 2559 ,
571 2525 619 2560 qui
641 2525 703 2550 deus
724 2524 822 2550 Graece
843 2522 870 2549 id
889 2523 975 2556 ipsum
991 2530 1089 2547 nomen
1113 2520 1204 2545 habet:
1244 2519 1328 2552 Κρονος
1388 2529 1414 2551 2,
1429 2529 1448 2551 3,
1464 2526 1485 2552 ς.
1537 2520 1595 2547 add,
1615 2521 1672 2547 Cic.
1687 2518 1766 2546 Catil.
1782 2526 1794 2549 3
1814 2527 1835 2543 c.
1851 2527 1878 2550 4.
1933 2520 2000 2545 Cato
2014 2520 2041 2546 R.
2056 2521 2088 2547 R.
2100 2530 2120 2546 c.
2136 2529 2177 2555 57.
2233 2521 2289 2548 Sen,
2303 2522 2375 2557 Epist,
2391 2530 2396 2547 1

283 2568 357 2594 enim
371 2566 485 2596 dicitur,
505 2562 553 2597 qui
570 2561 606 2588 est
620 2561 691 2587 idern
705 2571 726 2592 χ
742 2558 797 2591 ὄνος,
817 2558 844 2584 id
860 2558 895 2584 est
909 2556 1021 2591 spatium
1034 2556 1171 2590 temporis.
1200 2589 1205 2594 ἢ
1242 2553 1331 2578 Satur·
1389 2556 1495 2583 Sueton,
1510 2555 1604 2582 Claud,
1618 2566 1639 2582 c.
1655 2564 1676 2588 ς,
1713 2553 1796 2581 Solin.
1818 2561 1839 2578 c.
1853 2562 1873 2584 ς,
1909 2554 2026 2580 Termll.
2040 2555 2072 2581 de
2086 2556 2182 2582 idolol.
2202 2566 2222 2584 c.
2236 2566 2275 2585 ιο,
2369 2557 2396 2584 Cj

282 2612 333 2630 nus
344 2608 434 2629 autem
447 2600 483 2626 est
495 2598 649 2633 appellatus,
665 2604 719 2631 quo
751 2597 880 2622 satin-etur
893 2593 978 2620 annis.
1067 2591 1103 2617 Ex
1120 2591 1146 2616 se
1164 2597 1237 2615 enim
1256 2594 1331 2613 natos
1389 2592 1443 2617 An,
1460 2599 1494 2622 13,
1513 2599 1543 2623 52
1562 2591 1612 2617 Sed
1626 2600 1708 2625 quum
1725 2587 1845 2617 secundis
1859 2589 2040 2616 Saturnalibus
2067 2592 2108 2624 (i.
2122 2592 2161 2618 dfe
2169 2592 2396 2628 ficundosammah.

284 2638 395 2665 comesse
409 2636 518 2670 fingitur
534 2634 642 2665 solitus,
670 2632 734 2666 quia
747 2630 877 2657 consumit
897 2636 965 2656 aetas
978 2634 1130 2662 temporum
1143 2625 1233 2661 spatia,
1247 2623 1333 2650 annis·
1344 2634 1380 2661 70
1388 2626 1459 2660 rum)
1481 2626 1511 2652 ad
1527 2626 1678 2661 Philippum
1692 2623 1794 2660 vesperi
1805 2625 1924 2656 venisset,
1944 2625 2008 2652 villa
2026 2626 2063 2652 ita
2085 2628 2215 2660 completa
2234 2627 2352 2654 militibus
2371 2627 2397 2652 es.

284 2683 336 2709 que
351 2671 501 2708 praeteritis
515 2668 723 2696 insaturabiliter
740 2667 869 2701 expletur.
940 2664 1051 2691 vinetus
1070 2663 1106 2689 est
1125 2669 1213 2688 autem
1227 2669 1242 2700 ει
1258 2660 1332 2698 Ιους,
1388 2669 1434 2688 etc.
1491 2662 1575 2688 Paullo
1586 2661 1652 2697 post,
1671 2662 1720 2688 Ille
1739 2664 1826 2690 tertiis
1840 2660 2020 2688 Saturnalibus
2038 2663 2106 2696 apud
2120 2663 2271 2698 rhilippum
2287 2661 2314 2690 ad
2329 2661 2397 2692 horat

283 2719 318 2736 ne
337 2707 527 2735 inmoderatos
549 2705 635 2731 cursus
657 2703 782 2735 haberet,
802 2708 882 2736 atque
903 2706 932 2727 vt
949 2709 1010 2726 euin
1030 2698 1143 2726 siderum
1156 2695 1253 2723 vinclis
1273 2694 1329 2720 alli-
1389 2707 1436 2724 nec
1451 2706 1602 2732 quenquam
1615 2697 1725 2724 admisit.
1817 2698 1912 2725 Hilara
1922 2697 2068 2724 Saturnalia
2088 2699 2144 2728 Cic.
2159 2701 2211 2726 Att.
2225 2707 2247 2732 ς,
2261 2707 2300 2726 20.
2380 2697 2397 2722 Ὲ

283 2751 367 2781 garet.
405 2742 533 2770 HaH'enui
542 2742 625 2767 Cicero
640 2739 778 2774 expersona
786 2739 871 2768 Stoici,
884 2736 938 2764 oid.
945 2739 1042 2762 omnino
1051 2734 1080 2760 de
1093 2734 1164 2761 rebus
1177 2738 1199 2758 et
1213 2731 1331 2770 cultuNSa-
1387 2733 1429 2759 his
1448 2742 1514 2759 vnus
1535 2742 1593 2759 cum
1608 2733 1711 2760 vidisset
1727 2735 1811 2769 capita
1831 2733 1996 2761 conferentes
2017 2738 2043 2759 et
2060 2733 2181 2762 fortunas
2200 2736 2256 2762 suas
2269 2733 2395 2767 deplorant
2408 2739 2419 2748 *¹

281 2784 354 2809 turni
367 2780 450 2806 dedita
463 2785 535 2814 opera
548 2776 713 2812 disputantem
768 2773 886 2800 Macron
900 2773 1002 2799 Satur-n.
1018 2780 1044 2803 1,
1059 2778 1075 2805 7
1090 2776 1111 2796 ct
1123 2774 1145 2799 8.
1198 2768 1255 2794 Alii
1262 2768 1331 2800 satis
1387 2768 1543 2799 causidicos,
1562 2768 1660 2794 accedit
1674 2776 1699 2795 et
1714 2770 1763 2796 ait:
1785 2770 1905 2796 dicebam
1919 2768 2007 2800 vobis,
2020 2778 2074 2795 non
2088 2770 2191 2805 semper
2204 2769 2340 2798 saturnalia
2351 2775 2395 2793 ctu

282 2819 414 2853 nugaciter
425 2818 625 2849 interpretamur
632 2811 772 2838 Saturnum
781 2809 982 2841 Cronon,veluti
995 2817 1009 2833 a
1011 2807 1130 2843 satietate
1144 2799 1290 2834 intelleffus‚
1303 2810 1329 2839 {0
1342 2803 1374 2832 75
1389 2804 1476 2829 Senec.
1497 2803 1529 2829 de
1542 2805 1632 2830 Morte
1649 2804 1740 2831 Claud.
1760 2807 1914 2832 Feminarum
1934 2805 2078 2831 Saturnalia
2096 2806 2147 2832 alia
2168 2814 2253 2838 erant,
2273 2806 2330 2832 Kal.
2348 2803 2398 2831 Mai

282 2852 349 2890 quod
361 2853 451 2878 Graece
466 2849 568 2876 satietas
582 2847 662 2882 κόμη
697 2844 836 2872 ιἠεείἰεξῗισ
856 2854 914 2871 vero
927 2843 980 2878 fiue
998 2851 1065 2868 mens
1078 2843 1116 2867 νΞς
1128 2840 1238 2869 dicitur,
1256 2838 1330 2870 thn
1387 2839 1440 2866 vid.
1462 2840 1579 2865 Turrem.
1593 2840 1626 2865 ad
1638 2841 1706 2866 Hor.
1720 2842 1771 2867 Od.
1785 2850 1814 2873 3,
1830 2847 1852 2871 8.
1909 2841 1999 2867 Barth.
2013 2841 2046 2866 ad
2059 2842 2120 2867 Stat.
2135 2843 2197 2868 Silu.
2212 2851 2235 2875 p.
2256 2848 2305 2872 153.

283 2897 371 2915 nomen
385 2885 541 2922 compositum
554 2884 678 2910 Saturnus
693 2892 722 2908 ex
731 2884 817 2918 prima
825 2887 900 2916 parte
913 2881 1022 2910 Latina,
1045 2885 1068 2904 et
1076 2875 1331 2917 posteriore-Graeca,
1426 2881 1439 2900 s
1448 2882 1469 2901 A
1479 2881 1499 2900 *r
1508 2881 1529 2901 v
1538 2881 1556 2900 R
1568 2881 1588 2900 N
1601 2882 1646 2914 A?
1658 2883 1666 2901 1
1676 2881 1697 2900 T
1708 2883 1716 2900 1
1728 2883 1749 2901 V
1761 2883 1783 2904 ς.
1821 2877 1881 2903 ΛΜ·
1919 2876 2041 2911 [Κρόνως]
2097 2877 2171 2912 de
2181 2874 2363 2913 asumma?
2372 2870 2409 2908 P?

283 2924 339 2960 ipsa
351 2924 459 2950 Satietas
472 2920 577 2948 mentis.
616 2918 705 2945 Festus
725 2926 783 2943 voce
797 2916 932 2943 Saturnia:
970 2915 1073 2940 Faunus
1089 2922 1117 2939 in
1131 2910 1274 2938 Saliaribus
1289 2908 1331 2934 Sa·
1388 2914 1462 2938 tinet,
1556 2911 1741 2943 M31213;‚5‚20
1763 2913 1949 2939 Saturnalitia,
1961 2912 2069 2945 ligulam
2084 2912 2174 2938 mmm,
2187 2910 2294 2937 selibrae
2315 2908 2399 2936 num:

285 2966 379 2987 turnus
391 2957 549 2993 appellatur,
563 2953 689 2981 videlicet
701 2962 716 2980 a
730 2952 884 2979 sationibus.
954 2949 1063 2985 Quidam
1076 2945 1268 2987 apudlMacrob.
1281 2944 1332 2971 Sat.
1389 2962 1434 2968 --
1470 2945 1610 2988 potiusque
1623 2946 1730 2974 videtur
1749 2948 1929 2988 Saturnalitias
1945 2948 2052 2981 perdere
2067 2948 2152 2974 Varro
2165 2955 2251 2974 nuceS.
2286 2945 2344 2973 add.
2358 2944 2400 2971 lde

286 3005 307 3029 i,
321 3001 334 3025 8
351 3001 416 3021 extr.
436 3003 451 3019 a
471 2992 546 3018 verbo
565 2989 630 3026 quod
642 2991 731 3016 Graeci
749 2988 833 3014 dicunt
853 2986 932 3016 πάθην
943 2995 1029 3012 nomen
1045 2985 1150 3010 Saturni
1164 2983 1266 3014 ducunt,
1286 2989 1331 3017 quo
1343 2989 1376 3016 80
1392 2991 1418 3018 7,
1435 2991 1478 3015 90.
1514 2981 1566 3009 vid.
1580 2982 1647 3007 Gell.
1664 2988 1696 3013 18,
1712 2992 1735 3009 2.
1773 2983 1899 3018 Spanum,
1913 2991 1940 3008 ,ῃ
1954 2982 2036 3009 Hadr·
2056 2989 2111 3016 c'7·

283 3032 376 3058 virilia
385 3027 581 3066 significantur,
597 3024 755 3061 quodpatris
777 3023 892 3058 pudenda
905 3019 1039 3058 abfiidisse,
1051 3027 1122 3056 atque
1135 3022 1162 3045 in
1175 3027 1241 3044 mare
1249 3020 1333 3053 proie-
1429 3024 1441 3044 s
1453 3025 1473 3044 Α
1487 3023 1508 3043 Τ
1521 3023 1541 3042 V
1552 3024 1571 3043 R
1580 3024 1600 3043 N
1613 3025 1620 3042 1
1632 3024 1651 3043 G
1660 3016 1677 3045 ἔ
1688 3026 1708 3044 N
1720 3027 1741 3045 Α
1750 3039 1759 3051 ,
1791 3028 1830 3046 ae.
1866 3029 1901 3046 m,
1957 3052 1962 3057 ι
1975 3020 2070 3044 Nomen
2097 3018 2166 3044 som-5
2184 3025 2199 3042 a
2219 3017 2325 3056 saturn?
2344 3017 2410 3052 gem-4.

285 3065 342 3100 ciffi
361 3065 471 3092 dicitur:
507 3062 571 3089 vnde
597 3062 712 3088 Venerem
728 3065 884 3095 procreatam
897 3058 1006 3094 ferunt,
1031 3065 1091 3092 quae
1109 3066 1123 3081 a
1136 3055 1239 3090 spuma,
1268 3052 1333 3078 vnde
1392 3055 1490 3080 Auson.
1505 3052 1652 3085 E1dy11.15‚
1671 3063 1704 3080 22
1724 3055 2058 3087 Testaturgamrmgemm
2071 3062 2118 3079 nec
2137 3052 2248 3078 nomine
2263 3053 2337 3078 cenat
2356 3052 2412 3078 Ine,

285 3104 395 3135 coaluit,
411 3098 573 3135 Aphrodite·
585 3106 671 3124 nomen
682 3099 792 3131 accepit,
812 3094 865 3121 vid.
879 3100 1055 3121 SATfliMVS.
1149 3089 1279 3123 Rariffime
1292 3089 1335 3116 Sa·
1392 3089 1448 3116 sare
1461 3090 1559 3116 Iouem.
1593 3089 1661 3124 conf.
1677 3090 1766 3118 Sidon.
1781 3092 1869 3117 Carm.
1883 3099 1914 3123 9,
1928 3098 1973 3121 132.

285 3145 377 3165 turnus
394 3140 422 3163 in
441 3136 602 3162 monumentis
622 3139 731 3159 veterum
749 3137 862 3166 apparet.
949 3130 1025 3156 Alias
1038 3126 1196 3162 pingebatur
1207 3120 1234 3151 v't
1250 3124 1333 3150 homo
1427 3132 1440 3151 s
1450 3130 1585 3151 ATVRN
1596 3131 1604 3149 ι
1616 3132 1637 3150 N
1648 3133 1667 3151 V
1679 3132 1691 3151 S
1701 3146 1709 3158 ,
1745 3127 1880 3163 Cognomen
1900 3127 2043 3152 Romanum.
2075 3133 2099 3150 υ.
2112 3133 2137 3160 g.
2191 3122 2328 3156 Volusius,
2350 3120 2405 3149 Vrb:

283 3175 374 3206 senex,
387 3181 475 3202 cantu,
487 3170 570 3197 barb³
582 3168 695 3203 ΡΤΟῙῙΧΒ,
708 3175 815 3198 tumus,
828 3165 909 3192 “istst
922 3171 947 3191 et
960 3164 1082 3198 pallidus:
1095 3161 1167 3188 “in
1182 3162 1277 3195 capite,
1291 3169 1334 3185 ⁶0·
1347 3169 1376 3198 83
1391 3160 1552 3196 praefeffiss,
1571 3168 1585 3185 a
1600 3160 1685 3187 Plinio
1698 3171 1732 3193 ιι,
1745 3167 1782 3193 38.
1806 3167 2006 3188 commemoratur
2019 3160 2159 3194 quotannis
2172 3160 2325 3193 sanguinem
2345 3166 2401 3193 per·

285 3210 344 3236 lore
356 3209 467 3242 glauco,
487 3206 534 3239 qui
546 3214 598 3231 vna
617 3212 712 3236 manu,
730 3203 772 3229 sed
787 3203 895 3234 dextra,
909 3200 1003 3228 falcem
1018 3198 1138 3229 tenebat,
1158 3203 1183 3223 et
1197 3197 1226 3222 in
1240 3196 1331 3222 eadem
1391 3196 1500 3229 misisse,
1522 3195 1619 3222 tametsi
1634 3197 1830 3231 nonagesimum
1844 3198 1977 3224 excefferit
1991 3205 2096 3223 annum.
2202 3196 2231 3221 L.
2246 3194 2371 3229 Apuleius
2388 3193 2405 3220 S}

286 3244 413 3279 serpentis
425 3241 547 3278 portabat
559 3240 713 3274 imaginem,
731 3237 779 3272 qui
793 3238 902 3264 caudam
914 3236 1050 3270 propriam
1066 3233 1187 3260 dentibus
1201 3240 1333 3259 commor-
1389 3233 1520 3263 turninus,
1542 3231 1669 3258 Tribunus
1679 3233 1912 3268 plrhitfiditiosus,
1928 3235 1970 3268 qui
1983 3242 2036 3258 cum
2044 3230 2191 3267 perniciosts
2203 3232 2297 3267 legibus
2308 3236 2371 3265 remp
2398 3260 2400 3262 .

287 3280 375 3307 debat.
448 3277 538 3304 Altera
551 3284 616 3303 vero
632 3275 719 3300 filium
735 3274 874 3307 paruulum
893 3271 925 3298 ad
938 3281 967 3297 os
988 3269 1148 3305 applicabat,
1172 3273 1197 3294 et
1215 3277 1275 3294 eum
1288 3267 1333 3293 de·
1389 3278 1443 3295 cam
1451 3267 1618 3304 perturbaret,
1629 3268 1722 3302 sumtis
1735 3278 1764 3293 cx
1778 3269 1990 3303 Senatusconjulto
2002 3270 2096 3297 armis,
2115 3270 2142 3292 in
2157 3268 2278 3301 Capitolio
2297 3266 2411 3302 occisus}¹

286 3324 384 3343 vorare
397 3313 546 3341 videbatur.
616 3310 673 3344 Qni
686 3310 759 3335 iuxta
773 3309 797 3335 se
811 3307 923 3335 habebat
937 3307 1020 3338 filios,
1041 3307 1134 3332 Iouem
1144 3325 1151 3336 ‚
1167 3305 1335 3338 Neptunum,
1390 3314 1405 3330 a
1419 3306 1508 3331 Scaeua
1521 3302 1622 3338 quodam
1637 3305 1670 3338 Q.
1684 3304 1774 3329 Croton
1781 3305 1799 3329 ts
1806 3304 1889 3339 seruo,
1913 3306 1954 3328 cui
1966 3303 2061 3329 idcirco
2074 3303 2178 3329 libertas
2185 3305 2294 3336 praemii
2311 3304 2361 3328 Ioco
2409 3326 2411 3329 ,

290 3352 436 3382 Platonem,
457 3355 482 3375 et
499 3349 644 3374 Iunonem:
680 3353 796 3378 quorum
809 3343 902 3370 virilia
918 3343 1021 3370 abscissa
1036 3340 1207 3376 proficiebat,
1231 3340 1262 3365 de
1277 3340 1335 3373 qui·
1343 3353 1379 3377 90
1391 3338 1433 3373 est
1520 3339 1627 3365 Fuerunt
1641 3340 1725 3364 multis
1735 3338 1791 3373 post
1803 3342 1893 3369 annis,
1913 3342 1955 3374 qui
1969 3348 1984 3364 a
1997 3339 2055 3364 Caio
2069 3339 2172 3365 Rabirio
2192 3337 2293 3372 occ-'fimi
2313 3338 2391 3369 dicer-

290 3386 339 3412 bus
347 3388 435 3412 Venus
450 3383 628 3419 pulcherrima
641 3380 729 3415 puella
744 3379 905 3406 nascebatur.
1002 3379 1070 3404 Haec
1080 3376 1203 3403 Albricus
1217 3375 1248 3401 de
1256 3375 1337 3401 Deor.
1393 3384 1439 3411 quo
1453 3377 1547 3401 nomine
1560 3373 1600 3399 ille
1621 3383 1637 3400 α
1655 3375 1685 3400 T.
1700 3374 1807 3399 Labieno
1826 3377 1853 3399 in
1870 3374 1989 3399 iudicium
2007 3381 2124 3402 vocatus,
2146 3380 2169 3399 et
2183 3373 2357 3407 perduellionis
2373 3366 2408 3403 ml

290 3422 371 3455 Imag.
380 3430 401 3446 c.
410 3430 427 3446 i.
452 3421 546 3446 Vltima
558 3423 715 3445 commentum
727 3425 813 3442 nouum
826 3415 944 3441 videntur
958 3422 1017 3439 cum
1032 3413 1099 3439 falce
1113 3410 1224 3438 adunca.
1262 3412 1338 3445 Virg.
1385 3409 1493 3447 fufius,
1511 3419 1526 3436 a
1541 3409 1655 3435 Cicerone
1668 3409 1782 3444 defensus
1793 3408 1827 3441 est
1837 3410 2004 3449 pulcherrima
2022 3410 2066 3435 illa
2086 3412 2211 3440 oratione,
2231 3418 2290 3443 quac
2304 3417 2351 3442 pro
2365 3403 2407 3434 Caii

291 3457 357 3482 Aen.
370 3464 395 3490 7,
412 3464 451 3487 ¹79
472 3455 721 3488 Vitisatorncuruain
735 3452 840 3478 seruans
853 3449 900 3475 sub
914 3450 1029 3483 imagine
1044 3448 1138 3474 falcem
1156 3448 1336 3481 Saturnusque
1393 3446 1505 3474 Rabirio
1525 3445 1647 3471 Postumo
1665 3445 1858 3479 perduellionis
1876 3454 1939 3476 reo,
1959 3446 2115 3480 inscribitur,
2150 3443 2201 3470 vid.
2215 3444 2284 3471 Flor.
2298 3452 2321 3476 3,
2334 3445 2369 3470 16.
2396 3450 2410 3474 ιι

292 3493 379 3518 senex.
481 3491 543 3516 Dies
557 3489 662 3516 Saturni
675 3485 802 3524 infaustus
815 3485 949 3514 habebatur
962 3484 1032 3511 rebus
1044 3483 1158 3520 agendis,
1176 3483 1240 3518 quod
1252 3493 1280 3509 cx
1294 3485 1334 3509 Iu-
1392 3484 1454 3510 Aur.
1465 3480 1535 3508 Vici.
1556 3489 1578 3506 c.
1592 3488 1631 3515 73.
1828 3478 1849 3517 ff
1871 3489 1887 3507 2
1924 3481 2060 3507 Saturnini
2081 3483 2154 3506 etiam
2170 3479 2277 3506 fuerunt
2290 3477 2382 3514 Populi
2394 3475 2407 3503 ll

292 3527 365 3553 daica
380 3525 513 3561 distiplina
524 3525 663 3552 deriuatum
676 3523 786 3551 videtur.
880 3519 988 3548 Tibull.
1003 3528 1012 3545 1
1021 3539 1029 3551 ,
1041 3527 1053 3551 3
1063 3539 1069 3549 ,
1089 3526 1116 3553 17
1134 3519 1187 3544 Aut
1207 3528 1257 3553 ego
1277 3519 1333 3545 sum
1343 3528 1378 3554 95
1391 3517 1497 3545 Etruria
1515 3516 1582 3543 Plin.
1592 3525 1614 3549 3,
1628 3523 1650 3548 ς.
1685 3525 1701 3542 α
1714 3514 1801 3551 quibus
1808 3516 1882 3551 forte
1894 3516 1923 3543 id
1934 3526 2064 3553 cognomen
2076 3522 2165 3543 ortum.
2384 3518 2385 3521 ’

294 3562 410 3589 causatus
429 3569 504 3591 aues,
523 3566 566 3586 aut
587 3561 679 3588 omina
691 3559 765 3592 dira,
784 3557 889 3584 Saturni
902 3561 947 3582 aut
960 3556 1062 3582 sacrum
1075 3563 1116 3580 me
1130 3554 1239 3581 tenuisse
1254 3554 1333 3581 diem.
1427 3560 1440 3580 s
1449 3560 1499 3580 AT
1509 3559 1528 3578 V
1539 3559 1555 3577 R
1565 3559 1600 3584 O,
1625 3550 1678 3578 vid.
1692 3557 1704 3577 s
1715 3557 1735 3576 A
1749 3558 1769 3578 T
1781 3559 1800 3577 V
1812 3559 1840 3578 R.

294 3599 363 3624 Dens
385 3604 480 3622 curuue
494 3595 611 3628 Saturni,
647 3599 665 3622 i.
687 3597 748 3622 Falx
784 3594 860 3627 Virg.
874 3592 973 3625 Georg.
988 3599 1016 3623 2,
1035 3594 1094 3622 406.
1211 3591 1336 3617 Saturnus
1430 3596 1443 3615 s
1453 3594 1473 3614 Α
1483 3593 1504 3613 T
1514 3595 1554 3614 vs
1566 3607 1575 3620 ,
1594 3587 1646 3612 vid.
1661 3593 1698 3613 SE
1708 3593 1725 3612 R
1735 3593 1765 3619 O,
1782 3588 1845 3613 seui.

295 3632 383 3668 regnis
403 3640 418 3658 a
438 3632 503 3657 Ioue
522 3630 607 3664 pulsus
626 3637 681 3658 erat
704 3629 785 3658 Ouid.
799 3628 864 3655 Fan.
878 3637 907 3660 3,
927 3629 988 3662 796.
1096 3626 1198 3652 Aureus
1211 3626 1337 3652 Saturnus
1430 3631 1473 3651 SA
1486 3629 1507 3648 ‘r
1519 3630 1537 3648 Y
1547 3630 1564 3648 R
1574 3630 1595 3649 A
1605 3642 1613 3655 ‚
1629 3629 1670 3649 sA
1680 3628 1700 3647 T
1711 3629 1717 3647 1
1730 3628 1748 3649 R
1758 3629 1795 3654 Α,
1816 3630 1829 3648 s
1840 3630 1920 3650 ΑΤν
1930 3630 1989 3656 Ra,
2009 3632 2047 3650 ae.
2082 3621 2102 3648 f.
2142 3622 2192 3647 Tot
2206 3624 2269 3648 enim
2283 3617 2406 3656 modis-sert

295 3670 373 3702 Virg.
392 3668 489 3701 Georg.
502 3674 532 3695 2.
551 3670 600 3696 538.
641 3667 708 3701 Quia
720 3666 770 3702 sub
790 3666 896 3692 Saturno
902 3663 961 3699 suit
973 3668 1042 3689 aetas
1056 3670 1138 3687 aurea·
1243 3662 1339 3688 Granis
1393 3659 1471 3691 bitur,
1489 3657 1523 3691 est
1534 3667 1611 3694 genus
1625 3661 1754 3690 carminis,
1773 3659 1892 3685 Romanis
1901 3662 2039 3694 proprium,
2058 3659 2127 3683 cuius
2140 3656 2249 3693 dmenfis
2262 3656 2327 3692 quast
2337 3651 2405 3692 gradi

295 3705 421 3730 Saturnus
438 3702 504 3729 Pers.
521 3701 570 3726 Sat.
585 3708 613 3732 ς,
627 3709 665 3733 50.
758 3701 858 3735 Impius
872 3700 995 3726 Saturnus
1013 3697 1080 3723 Hor.
1095 3697 1183 3723 Carni.
1196 3706 1228 3729 2,
1241 3705 1286 3732 17,
1300 3693 1545 3729 22.100distinguere
1565 3699 1589 3723 et
1606 3703 1695 3729 genera
1715 3697 1828 3720 conuenit
1846 3695 1905 3721 duce
1924 3694 2005 3721 Liuio
2022 3701 2048 3727 7,
2063 3701 2076 3718 2
2096 3702 2163 3727 quem
2175 3700 2253 3719 totum
2265 3696 2342 3719 locum
2354 3693 2404 3716 intes

298 3740 381 3765 Senex
406 3738 531 3764 Saturnus
559 3737 634 3770 Virg.
656 3737 719 3763 Aen.
739 3744 774 3771 7,
802 3742 854 3766 180.
963 3732 1068 3760 Saturni
1094 3732 1182 3764 stella,
1215 3733 1338 3760 Phaenon
1390 3730 1480 3766 positis
1496 3733 1724 3763 interpretamentis
1743 3729 1888 3763 quibusdam
1906 3730 1948 3756 hic
1961 3734 2097 3764 proponere
2109 3730 2201 3762 placet.
2273 3730 2403 3764 Loquitur-c

298 3775 411 3805 Graece,
437 3779 512 3801 xxx
532 3771 589 3798 fere
606 3771 681 3797 annis
700 3774 802 3798 cursmn
822 3772 896 3797 suum
914 3769 1023 3796 conficit
1045 3768 1101 3795 Cic.
1122 3768 1155 3794 de
1176 3769 1238 3795 Nat.
1259 3770 1339 3796 Deor.
1393 3768 1480 3792 initiis
1497 3764 1778 3800 ludorumfienicorum,
1798 3773 1822 3791 et
1835 3769 1869 3793 A.
1888 3767 1917 3791 1⁷.
1932 3766 1957 3791 C.
1977 3764 2107 3790 CCCXL
2116 3765 2137 3790 I.
2238 3763 2299 3789 Sine
2320 3766 2403 3788 carmlr

298 3819 324 3841 ς,
340 3817 376 3842 53.
491 3807 568 3833 Sidus
583 3815 663 3842 graue
676 3807 779 3834 Saturni
799 3808 916 3841 Propert.
930 3814 956 3838 4,
971 3814 990 3837 1,
1005 3810 1046 3838 84.
1141 3804 1220 3831 Stella
1234 3805 1339 3831 Saturni
1393 3801 1451 3828 vllo
1471 3799 1592 3833 (verbis,
1612 3809 1672 3835 quae
1690 3802 1859 3836 cancrentur)
1876 3800 1928 3827 fine
1941 3798 2132 3826 imitandorum
2153 3800 2300 3826 carminum
2313 3797 2372 3828 adinv
2386 3793 2403 3827 (

295 3844 395 3879 frigida
414 3844 488 3878 Virg,
507 3843 604 3879 Georg,
619 3850 638 3875 ι,
649 3844 701 3874 336.
771 3842 848 3869 Stella
863 3841 1054 3878 qum-Saturnia
1067 3839 1220 3867 nominatur
1238 3840 1296 3868 Cic,
1308 3840 1341 3867 de
1393 3834 1483 3872 gestu)
1498 3834 1619 3861 ludiones
1632 3844 1663 3862 ex
1677 3836 1782 3862 Etruria
1794 3837 1870 3863 acciti
1882 3835 1913 3861 ad
1926 3835 2046 3862 tibicinis
2057 3834 2151 3861 modos
2165 3836 2294 3868 saltantes,
2314 3829 2378 3861 haud
2387 3837 2403 3854 1¹

298 3882 388 3909 Somn.
402 3879 468 3915 Scip.
482 3887 507 3911 9.
1338 3872 1505 3911 105‘decoros
1520 3876 1608 3898 motus
1626 3879 1701 3898 more
1715 3872 1807 3900 Tusco
1825 3871 1930 3900 dabant.
2022 3870 2123 3899 Iinitati
2143 3871 2238 3899 deinde
2257 3880 2301 3898 eos
2316 3871 2401 3930 ini-15⁰⁸

2369 3909 2403 3929 im*
