2434 4156
215 124 274 159 103
611 100 873 139 RED

217 205 275 233 μω
288 189 370 219 deinde
381 198 408 215 v.
424 197 469 221 242
487 193 524 216 ita
543 189 674 225 describit,
691 189 788 222 Neque
806 187 872 213 ienis
892 185 1000 218 gignere
1017 192 1062 218 per
1082 184 1123 215 se,
1137 183 1193 215 Qui
1206 191 1249 209 va-

217 233 283 259 rient
296 231 382 252 motus
391 244 398 256 ,
412 233 459 260 per
470 234 536 259 quos
549 232 639 251 natura
653 230 723 258 gerat
736 232 784 248 res.
842 221 967 247 Nitorem
983 219 1049 245 Plin.
1063 224 1101 250 28,
1113 223 1135 247 8.
1191 218 1249 244 No-

217 272 274 292 men
294 259 366 287 Idem
385 267 412 294 7,
431 269 465 287 21.
538 261 656 287 Nomine
676 259 789 291 aliquem
807 255 933 283 reddere,
957 254 1050 279 Habere
1077 252 1141 278 idem
1166 261 1250 278 nomen

217 299 287 330 Virg.
301 297 365 322 Aen.
381 298 412 328 6,
430 298 488 330 768.
559 295 677 321 Odorem
697 292 824 323 reddere,
838 299 887 323 pro
906 289 1025 315 Odorem
1045 288 1182 319 emittere,
1197 287 1250 314 fiue

215 333 312 367 spirare
325 331 390 358 Plin.
404 334 445 364 36,
461 340 495 363 23.
532 330 605 365 Conf.
621 329 686 354 ibid.
701 337 721 353 c.
737 336 772 359 19.

214 368 297 394 Plaut.
311 366 385 402 Epid.
399 375 417 397 i,
434 376 452 397 i,
465 375 490 392 22
520 366 565 392 Te
585 364 650 390 volo
665 361 829 397 percontari,
843 360 958 393 Operam
973 358 1019 390 da,
1033 366 1113 391 opera
1126 356 1253 384 reddetur

214 402 275 430 tibi.
312 405 387 429 Gron.
409 400 581 428 Reddibitur:
602 399 665 434 quod
685 405 764 423 tamen
784 399 810 422 in
830 395 894 420 nullo
914 394 994 420 coelice
1016 394 1184 428 obfirmatum,
1203 396 1252 418 iam

219 438 394 465 Taubmannus
412 439 522 463 monuit:
537 435 584 471 sed
602 433 723 461 redditur
741 438 783 458 aut
802 430 934 457 reddetur.
1006 429 1060 454 Cic.
1075 428 1147 455 Fam.
1169 430 1206 459 16,
1226 436 1253 454 12,

214 473 264 501 Tu
278 473 357 501 Musis
371 472 466 499 nostris
485 479 546 506 para
564 475 594 495 vt
607 477 698 503 operas
713 466 812 493 reddas.
833 469 851 492 i.
869 465 988 500 Absolims
999 464 1107 498 pensum.
1179 464 1252 490 Idem

216 509 282 536 ibid.
296 518 323 542 9,
335 517 365 541 25
384 507 538 534 Mathonem
551 511 576 531 et
589 505 738 531 Pollionem
751 502 873 528 inimicos
888 500 966 526 habet
979 499 1090 525 Fabius:
1109 498 1172 534 quid
1185 499 1251 525 mul.

215 546 257 572 ta3
276 554 330 570 non
343 553 384 570 me
398 542 502 569 hercule
515 548 568 567 tam
586 538 746 575 perscribere
760 537 874 572 poffum,
895 544 973 570 quain
987 534 1055 560 mihi
1068 540 1171 569 gratum
1186 535 1254 560 fece-

215 580 269 612 ris,
283 580 299 605 fi
313 579 436 606 Otiosum
455 577 565 604 Fabium
583 574 738 602 reddideris.
810 573 865 599 Cic.
881 571 912 597 de
927 571 985 596 Fin.
1001 578 1023 602 3,
1038 579 1064 597 12
1090 571 1144 603 Qii
1163 570 1253 596 omnia

215 615 248 642 sic
263 618 492 650 exaequaucrunt,
511 618 540 638 vt
558 612 585 637 in
602 617 741 644 vtramque
758 614 857 643 partem
872 608 907 633 ita
924 605 997 632 Paria
1008 606 1161 636 redderent,
1181 605 1254 631 nulla

215 651 355 678 selectione
375 654 512 675 vterentur
536 647 592 673 eius
607 666 615 678 ,
643 646 770 671 virtutem
791 644 872 678 ipsam
891 641 1056 668 sustulerunt.
1149 642 1254 667 Partum

214 686 341 718 reddere,
361 686 468 717 Parere,
487 682 539 709 vid.
559 683 663 713 Partus,
677 683 704 706 in
725 685 840 706 PARio.
911 676 1059 703 Perfectum
1076 676 1186 703 reddere
1205 675 1254 702 ali-

215 721 294 757 quid,
310 719 428 754 Pcrficere
440 719 521 745 Plaut.
531 717 599 743 Afin.
619 726 637 747 i,
652 725 670 746 1,
685 723 739 747 ¹09-
810 715 908 740 Poenas
921 711 1042 744 reddere,
1063 712 1116 738 vid.
1138 718 1254 738 POENA.

214 758 279 785 Plin.
296 755 374 791 Epist.
396 764 430 786 10,
451 757 485 787 64
499 760 521 779 et
535 755 569 779 66
604 750 776 778 Reddendum
796 751 914 780 Poenae,
932 756 1010 783 quam
1030 747 1122 774 fractis
1142 746 1256 773 vinculis

215 792 303 819 euafit.
373 789 496 817 Promitsa
516 787 624 815 reddere
644 787 724 814 alicui
745 785 820 818 Virg.
835 785 900 809 Aen.
920 792 944 816 5,
957 785 1010 815 386.
1081 783 1165 815 Qiies
1184 782 1255 808 nulla

215 828 316 855 reddita
329 825 365 852 est
378 824 534 859 corporibus
553 824 658 850 Lucret.
675 832 698 853 2,
710 829 749 854 95.
823 819 904 845 Plaut.
918 819 978 846 Aul.
995 827 1014 849 1,
1030 827 1051 851 1,
1065 821 1082 845 6
1113 818 1184 844 Tibi
1205 826 1255 851 ego

216 862 355 890 Rationem
374 861 481 888 reddam
500 859 668 886 stimulorum
688 855 776 890 seges?

214 907 236 932 5,
256 901 297 932 67.
388 896 528 923 Rationem
546 894 654 921 reddere
671 892 737 921 affl,
751 890 794 917 vel
814 890 874 916 suae
893 891 963 916 vitae
984 890 1040 916 Cic.
1059 890 1091 915 de
1108 890 1165 915 Fin.
1184 897 1204 921 3,
1220 897 1256 914 12.

215 934 288 960 Idem
302 932 391 959 Diuin.
406 933 433 957 in
447 932 521 958 Caee.
534 938 563 962 ²7
587 940 609 955 c.
623 937 639 961 9
674 926 753 953 Nihil
772 926 808 952 est
819 927 902 958 enim,
919 925 991 960 quod
1009 925 1097 950 minus
1115 924 1256 950 ferendum

214 969 259 1000 sit,
273 977 350 1002 quam
364 968 503 994 Rationem
522 965 555 991 ab
570 965 652 991 altero
667 963 739 989 vitae
753 962 888 995 reposcere
902 960 1027 994 etini,qui
1042 968 1095 986 non
1109 959 1183 993 possit
1197 960 1256 985 suae

214 1004 330 1031 reddere.
385 1003 524 1028 Rationem
538 999 679 1026 sententiae
692 999 751 1024 suae
759 996 880 1023 redderet
894 995 1040 1022 Cic.Tusc.
1054 1004 1073 1027 1,
1090 1003 1127 1027 39.
1180 995 1255 1021 Idem

214 1039 292 1065 Acad.
306 1048 333 1070 4,
352 1045 394 1069 105
426 1038 460 1062 Vt
480 1036 561 1062 etiam
581 1034 599 1061 si
612 1033 687 1068 possis
700 1032 841 1059 Rationem
853 1031 974 1063 reddere,
983 1040 1030 1057 cur
1042 1030 1068 1057 id
1084 1030 1205 1062 eueniat,
1218 1036 1254 1057 ta·
1274 1042 1305 1069 25
1320 1030 1368 1057 Sed
1383 1030 1520 1057 redeamus
1534 1031 1606 1063 illuc,
1620 1032 1687 1058 vnde
1701 1032 1857 1060 diuertimus
1876 1035 1933 1061 Cic.
1945 1036 2015 1062 Fam.
2032 1044 2113 1068 12,25.

213 1083 280 1104 men,
295 1081 339 1098 etc.
411 1071 551 1098 Rationem
566 1069 676 1097 reddere
689 1077 770 1104 quare
788 1067 918 1100 Quinctii.
932 1074 959 1101 7,
972 1075 996 1093 2.
1069 1066 1126 1093 Nec
1141 1067 1255 1100 Respon-

213 1111 237 1135 sa
251 1108 333 1143 potest
346 1107 479 1134 consultus
499 1106 609 1133 reddere
622 1111 693 1131 vates
714 1105 791 1138 Virg.
806 1104 903 1137 Georg.
918 1111 941 1135 3,
955 1110 1012 1135 491.
1084 1103 1205 1135 Aequum
1219 1102 1255 1128 est

212 1145 324 1172 Peccatis
338 1144 442 1169 veniam
460 1143 607 1177 poscentem
621 1140 729 1167 reddere
737 1140 835 1166 Rursus
847 1140 914 1165 Hor.
929 1139 1009 1164 Serrn.
1025 1145 1043 1168 1,
1060 1146 1081 1169 3,
1093 1145 1133 1172 75.
1194 1138 1255 1163 San-

229 1181 317 1206 uineni
334 1178 448 1204 reddidit
465 1178 531 1204 Plin.
542 1177 619 1212 Epist.
633 1185 655 1210 5,
669 1184 705 1210 19,
719 1178 735 1202 6
755 1175 783 1201 de
795 1176 920 1210 pulmonis
933 1177 1005 1200 vitio.
1032 1173 1090 1200 Vid.
1104 1172 1187 1199 Scrib.
1198 1181 1254 1206 149.

209 1190 336 1250 Saporem
355 1214 464 1240 reddere
491 1213 558 1239 Plin.
581 1221 617 1245 19,
635 1220 671 1238 12.
743 1210 896 1245 Segniorem
916 1209 1026 1236 reddere
1044 1209 1076 1235 ad
1096 1209 1253 1243 responden-

210 1252 288 1281 duin,
304 1258 349 1276 etc.
370 1250 424 1276 Cic.
440 1249 470 1275 de
486 1250 543 1276 Fin.
565 1257 586 1280 1,
605 1256 647 1282 34.
739 1247 831 1273 Semen
849 1245 935 1272 reddit
953 1245 1034 1271 arbor
1069 1245 1134 1271 Plin.
1157 1247 1194 1276 16,
1215 1247 1253 1270 26.

211 1288 321 1313 Seruum
335 1285 446 1312 reddere
460 1285 487 1311 in
500 1284 650 1319 potestatem
665 1282 768 1309 domini
778 1282 883 1316 leian.
898 1282 925 1307 in
939 1281 955 1309 l.
968 1282 1021 1306 Aut
1036 1280 1159 1306 damnum
1172 1278 1195 1316 §.
1206 1280 1252 1306 vlt.

210 1323 243 1347 D.
261 1321 292 1347 de
306 1322 405 1354 poenis.
478 1321 508 1346 Se
523 1318 650 1345 conuiuio
663 1318 773 1345 reddere
788 1319 848 1344 Liu.
864 1326 904 1349 23,
918 1325 934 1349 9
960 1316 1042 1343 redire
1055 1316 1088 1342 ad
1104 1320 1251 1343 conuiuium.

210 1357 269 1383 Sese
284 1355 368 1390 epulis
381 1354 490 1381 reddere
503 1355 548 1380 Sil.
564 1363 595 1385 11,
613 1357 667 1385 368.
738 1354 769 1379 Se
789 1353 875 1380 labori
887 1352 999 1379 reddere
1017 1351 1110 1379 Claud.
1123 1353 1216 1385 Paneg.
1231 1356 1252 1381 8.

209 1392 307 1418 Solatia
329 1390 431 1417 reddita
444 1390 566 1416 confusae
584 1388 667 1414 menti
686 1388 769 1413 Ouid.
783 1396 814 1413 ex
827 1389 901 1413 Pont.
916 1396 936 1418 1,
954 1396 972 1417 3,
987 1396 1008 1418 3.
1077 1387 1176 1412 Sonum
1195 1387 1252 1413 red-

210 1427 344 1462 dere,pro
363 1427 449 1452 facere
467 1432 490 1451 ει
508 1428 616 1451 excitare
629 1423 695 1450 Plin.
712 1430 745 1454 11,
761 1429 796 1455 5¹.
866 1422 922 1447 Cic.
937 1422 1019 1446 Tuse.
1035 1429 1054 1450 1,
1067 1424 1100 1452 96
1132 1422 1195 1453 Qio
1209 1422 1253 1447 So.

209 1465 268 1490 nitu
287 1462 392 1490 reddito
412 1460 546 1493 arridens,
563 1459 694 1493 Propino,
708 1458 811 1492 inquit,
833 1455 883 1482 hoc
901 1455 1012 1490 pulchro
1030 1456 1147 1485 Critiae,
1162 1455 1209 1488 qui
1226 1456 1254 1480 in

210 1508 271 1525 eum
292 1499 379 1524 fuerat
399 1496 557 1524 teterrimus
629 1494 750 1520 Sonitum
772 1492 906 1527 plangoris
925 1491 1036 1517 reddere
1053 1489 1134 1516 Ouid.
1152 1491 1216 1516 Met.
1232 1498 1255 1522 3,

209 1543 266 1568 493.
287 1534 316 1559 de
329 1534 400 1559 Echo.
472 1532 533 1558 Liu.
553 1536 594 1562 28,
608 1539 633 1562 3⁴
673 1530 710 1555 Vt
723 1535 766 1554 aut
781 1528 821 1562 (fi
839 1529 876 1554 ita
891 1527 1035 1560 videatur)
1049 1525 1158 1551 reddant
1173 1525 1255 1559 Spiri-

209 1576 265 1597 tum
279 1571 303 1596 P.
317 1567 435 1603 Scipioni
454 1568 486 1594 ab
499 1567 592 1593 eodem
608 1565 655 1591 illo
669 1570 817 1599 acceptum:
837 1569 881 1590 aut
895 1562 991 1589 seruati
1012 1562 1052 1587 bis
1068 1561 1114 1586 vni
1135 1560 1251 1587 debitam

208 1606 290 1632 vitam
311 1613 358 1640 pro
378 1613 411 1630 eo
431 1603 458 1629 in
477 1609 632 1638 perpetuum
649 1601 807 1627 deuoueant.
827 1603 846 1625 i.
868 1600 916 1625 Pro
930 1599 1041 1633 Scipione
1056 1596 1187 1632 fundant,
1201 1599 1254 1631 qui-

207 1641 303 1672 bu5,ut
321 1650 350 1666 ne
358 1639 529 1676 fiiiiderceiir,
543 1637 655 1673 defendit
677 1637 769 1671 Scipio.
839 1635 928 1661 Statua
948 1633 1049 1659 reddita
1068 1632 1104 1658 est
1123 1631 1149 1657 ei
1169 1638 1225 1657 tum
1239 1641 1254 1658 a

207 1676 355 1703 maioribus
371 1683 420 1709 pro
442 1675 496 1700 vita
521 1673 577 1700 Cic.
599 1671 711 1705 Philipp.
733 1678 760 1703 9,
781 1677 803 1702 ς.
887 1669 1033 1694 Stridorein
1059 1667 1148 1694 reddit
1175 1667 1254 1693 ianua

207 1711 288 1738 Ouid.
302 1712 366 1737 Mer.
379 1718 410 1740 11,
423 1711 481 1739 608.
552 1707 696 1742 Suggillata
713 1704 824 1733 reddere
842 1704 928 1731 colori
946 1701 1072 1736 restituere
1086 1706 1120 1728 eis
1136 1703 1201 1735 suum
1215 1712 1254 1729 co-

205 1748 280 1773 lorem
293 1746 358 1772 Plin.
373 1755 406 1772 20
430 1754 462 1772 11.

206 1789 262 1809 tum
275 1782 362 1814 nube,
386 1765 496 1815 pdtestas
510 1779 629 1806 Reddere
644 1777 715 1804 Tela
729 1777 794 1807 fuit,
814 1778 833 1801 i.
854 1775 959 1810 viciffim
979 1774 1109 1801 eminendi
1122 1778 1148 1801 in
1166 1773 1254 1807 hostes.

205 1817 334 1844 Titulum
348 1816 458 1843 reddere
471 1815 574 1841 meritis
593 1813 673 1841 Ouid.
688 1814 753 1840 Met.
767 1820 801 1844 13,
818 1819 874 1846 372.
946 1810 1125 1836 Transaehim
1143 1809 1254 1836 reddere

204 1853 326 1888 aliquid,
351 1851 498 1887 Tranfigcre
518 1850 598 1876 Plaut.
613 1850 688 1884 Capt.
708 1857 731 1880 2,
746 1857 772 1880 2,
784 1855 824 1880 95.
895 1846 1004 1874 Tibull.
1021 1855 1039 1877 1,
1053 1854 1076 1878 3,
1089 1855 1122 1879 34
1151 1846 1254 1872 Redde-

204 1897 287 1923 reque
307 1888 417 1921 antiquo
437 1886 569 1913 menstrua
583 1886 661 1912 Tura
682 1884 747 1916 lari,
768 1887 788 1909 i.
806 1886 914 1909 inarum
935 1882 1003 1908 dare.
1077 1883 1133 1908 Cic.
1149 1883 1202 1908 Att.
1218 1891 1254 1914 12,

205 1933 244 1958 44
269 1923 316 1950 Sed
326 1943 333 1955 ,
347 1923 461 1958 quaeso,
476 1921 591 1951 confice,
605 1927 629 1947 et
643 1927 668 1947 te
680 1922 800 1946 Vacuum
814 1918 893 1945 redde
907 1918 993 1944 nobis.
1015 1918 1120 1944 subaud.
1135 1918 1174 1944 Ab
1187 1920 1254 1943 omni
1269 1927 1301 1953 50
1319 1917 1439 1943 cedentia
1453 1916 1539 1943 redire
1562 1917 1617 1943 Cic.
1632 1916 1663 1943 de
1678 1917 1784 1942 Amicit.
1799 1925 1854 1942 100.

439 1958 500 1984 Liu.
516 1967 534 1987 3,
549 1959 578 1983 26
588 1964 632 1991 pr.
657 1956 776 1982 Tantam
791 1954 943 1981 Vastitatem
960 1954 987 1980 in
1001 1962 1065 1987 agro
1081 1953 1180 1979 Sabino
1193 1953 1252 1979 red-

507 1991 627 2018 Verbum
644 1991 754 2017 reddere
774 1999 822 2024 pro
835 1989 936 2021 verbo,
950 1989 1136 2024 interpretando
1149 1989 1205 2015 Cic.
1221 1989 1254 2015 de

619 2027 712 2052 Viceni
731 2025 842 2052 reddere
862 2025 966 2051 meritis
988 2024 1067 2050 Ouid.
1086 2026 1178 2050 Amor.
1195 2033 1212 2054 i,
1226 2026 1251 2054 6,

979 2059 1044 2085 Vim
1062 2058 1173 2085 alieuius
1193 2059 1252 2085 her—

197 1959 368 1996 solicitudine.

205 1994 291 2027 didit,
306 1998 324 2020 i.
343 1993 436 2027 ffcit.

204 2031 267 2065 Opt.
281 2038 340 2064 gen.
351 2029 426 2056 Orat.
440 2036 470 2061 14
484 2036 505 2053 e.
523 2034 546 2059 ς.

205 2075 242 2098 23.
310 2065 404 2091 Vicem
417 2063 526 2090 alterius
540 2061 662 2094 reddere,
674 2061 752 2088 aliter
765 2060 831 2086 Plin.
845 2068 871 2092 2,
883 2065 906 2090 8.

203 2101 253 2128 bae
270 2101 397 2132 reddere,
417 2100 519 2134 Saporis
537 2101 606 2124 vires
625 2097 722 2132 referre
741 2094 814 2132 gustu
835 2096 901 2121 Plin.
921 2103 957 2125 21,
978 2099 1011 2125 18.

205 2145 244 2169 10,
267 2145 312 2168 203
348 2136 434 2169 Atque
453 2135 554 2160 vtinam
578 2142 626 2167 pro
652 2139 678 2159 te
697 2131 805 2162 Vitam,
831 2136 972 2164 tecumque
994 2130 1086 2156 liceret
1122 2129 1250 2157 Reddere.

203 2173 260 2200 Cic.
275 2173 352 2199 Verr.
367 2179 390 2204 5,
403 2175 434 2203 89
473 2167 554 2202 Qiod
575 2168 710 2202 reliquum
722 2167 802 2193 Vitae
821 2165 976 2199 viriumque
994 2165 1077 2190 fames
1090 2164 1203 2197 fecerat,
1222 2165 1250 2191 id

203 2209 276 2235 ferro
289 2206 447 2242 potiffimum
467 2204 578 2231 reddere
599 2204 733 2230 volebant.
753 2206 772 2228 i.
791 2202 919 2236 Reliquum
938 2203 1006 2226 vitae
1017 2199 1153 2236 pugnando
1162 2199 1250 2233 finire.

204 2244 260 2271 Cic.
276 2252 325 2278 pro
339 2243 422 2269 Plane.
436 2249 469 2273 92
482 2249 504 2266 c.
518 2247 550 2274 37
564 2240 625 2272 Qii
641 2248 689 2274 pro
703 2236 806 2271 Repub.
819 2237 908 2262 Vitam
925 2235 1114 2265 reddiderunt,
1135 2235 1196 2260 licet
1209 2243 1251 2261 me

204 2279 320 2313 defipere
333 2278 426 2304 d'icatis
436 2297 444 2309 ,
464 2284 598 2309 nunquam
616 2284 658 2301 me
671 2273 779 2300 hercule
793 2280 838 2298 eos
858 2277 973 2298 mortem
987 2271 1090 2305 potius,
1103 2279 1182 2304 quam
1202 2270 1250 2295 im-
1270 2272 1307 2296 60
1318 2269 1357 2295 Ad
1371 2269 1498 2294 Somnum
1513 2277 1554 2295 res
1566 2269 1647 2295 rediit
1668 2270 1772 2295 Lucret.
1781 2278 1801 2301 3,
1815 2278 1868 2302 923.

203 2315 392 2342 mortalitatem
407 2314 553 2345 ass‘equutos
573 2310 672 2346 putaui.
744 2310 843 2334 Vocem
863 2307 1004 2333 humanam
1024 2305 1111 2332 reddit
1132 2305 1252 2339 psittacus

204 2352 271 2377 Plin.
294 2359 333 2382 10,
347 2358 390 2381 42.
462 2349 545 2373 Voces
565 2347 675 2376 audire,
689 2350 714 2371 et
734 2343 859 2375 reddere,
872 2342 1033 2368 Humaniter
1055 2341 1147 2375 loqui,
1167 2344 1251 2376 influit

204 2386 311 2413 Seruius
325 2386 356 2411 od
367 2384 443 2417 Virg.
463 2384 526 2409 Aen.
549 2391 569 2415 1,
587 2391 640 2415 413.
712 2380 767 2406 Cic.
781 2379 813 2405 de
821 2378 913 2412 Legib.
927 2386 948 2410 3,
962 2386 989 2403 22
1014 2378 1097 2404 Caute
1111 2378 1178 2403 Vota
1193 2375 1250 2402 red-

204 2421 297 2448 dunto.
353 2420 461 2447 Curtius
475 2427 496 2451 3,
510 2426 536 2452 7,
552 2427 563 2450 3
597 2419 664 2444 Vota
684 2415 779 2442 deinde
799 2423 847 2449 pro
868 2414 948 2440 salute
967 2413 1080 2447 suscepta
1093 2422 1139 2447 per
1155 2412 1249 2438 ludum

204 2463 282 2492 atque
299 2456 386 2483 otium
404 2454 530 2484 reddens,
543 2461 588 2480 etc.
661 2453 771 2478 Vrinam
787 2451 898 2477 reddere
915 2449 979 2475 Plin.
995 2454 1019 2480 8,
1033 2458 1071 2480 42.

203 2492 326 2529 stiiscclla.
364 2490 500 2522 Reddere,
522 2488 646 2516 interdum
668 2485 716 2520 est,
733 2486 780 2518 Id,
793 2486 858 2521 quod
875 2486 904 2511 ab
924 2487 1007 2520 aliquo
1021 2485 1158 2518 acceperit,
1171 2492 1200 2509 ac
1213 2483 1251 2509 di-

204 2529 311 2559 diceris,
326 2528 365 2553 vel
382 2530 503 2556 recitare,
519 2527 557 2551 uel
576 2532 686 2550 cantare.
723 2524 790 2548 Hor.
804 2522 891 2548 Carm.
907 2529 933 2553 4,
948 2523 964 2546 6
978 2527 1042 2546 extr.
1069 2519 1184 2545 Reddidi
1198 2527 1250 2546 car-

205 2573 265 2591 men
283 2563 377 2589 docilis
397 2562 540 2588 modorum
578 2560 652 2586 Vatis
670 2559 776 2584 Horati.
851 2558 880 2583 Et
895 2556 973 2590 Epist.
996 2565 1013 2587 i,
1028 2561 1064 2588 18,
1081 2564 1105 2587 13
1140 2556 1174 2581 Vt
1190 2564 1250 2589 pue-

204 2608 264 2627 rum
282 2600 359 2625 saeuo
381 2598 469 2624 credas
489 2596 586 2623 dietata
605 2594 731 2628 magistro
768 2592 902 2624 Reddere,
917 2599 961 2618 etc.
998 2591 1070 2626 Conf.
1092 2591 1250 2617 Terentian.

205 2635 237 2662 de
252 2634 442 2660 Anacreontieo
450 2651 458 2656 -
467 2631 668 2659 Choriambico.

204 2671 336 2697 memoria
355 2676 442 2699 tanta,
468 2675 593 2703 quantam
608 2668 636 2693 in
656 2665 732 2692 nullo
751 2665 902 2699 cognouisse
920 2671 962 2689 ine
982 2662 1116 2693 arbitror,
1134 2669 1162 2688 vt
1183 2670 1250 2696 quae

205 2707 289 2732 secum
309 2710 498 2731 commentatus
512 2704 584 2732 effer,
599 2712 628 2729 ea
643 2702 695 2728 line
709 2701 806 2735 scripto
820 2700 908 2726 verbis
928 2699 1028 2725 eisdem
1042 2697 1178 2728 redderet,
1190 2697 1249 2731 qui-

204 2742 252 2768 bus
273 2741 478 2771 excogitauisset.
516 2741 553 2764 De
569 2737 697 2769 Hortensio
711 2736 829 2771 loquitur.
868 2736 943 2761 Cuius
962 2737 999 2760 rei
1018 2736 1128 2759 meminit
1141 2733 1181 2759 his
1195 2742 1249 2759 urr-

203 2777 242 2804 bis
256 2776 386 2810 Qiinctil.
407 2785 444 2807 10,
464 2777 480 2800 6
512 2775 608 2800 Cicero
628 2779 697 2799 certe
718 2773 881 2798 Graecorum
903 2769 1087 2796 Metrodorum
1108 2768 1248 2802 Sceptium,

205 2820 231 2840 et
243 2812 398 2847 Eriphyluiu
414 2810 562 2841 Rhodium,
582 2809 788 2841 nostrorumque
802 2806 972 2832 Hortensium
989 2804 1112 2834 tradidit,
1126 2812 1192 2837 quae
1204 2813 1246 2829 co·
1267 2805 1299 2833 75
1315 2802 1373 2828 stris
1387 2803 1414 2828 in
1429 2802 1557 2828 Gratiam.

203 2849 365 2883 gitauerant,
386 2847 419 2874 ad
433 2846 545 2873 verbum
567 2846 595 2871 in
615 2844 716 2879 agendo
729 2843 852 2870 retulisse.
911 2840 996 2867 Paullo
1008 2847 1065 2866 ante
1077 2843 1156 2874 capite
1170 2839 1249 2865 codem

203 2885 302 2910 ‹im-crac
312 2904 319 2916 ,
340 2882 508 2909 Astiiniendus
523 2882 581 2906 vsus
596 2880 748 2914 paullatim,
759 2877 761 2879 ’
774 2884 801 2904 vt
816 2886 895 2911 pauca
910 2876 1027 2911 primum
1041 2875 1248 2908 complectamur

202 2920 310 2951 animo,
330 2927 397 2953 quae
416 2918 491 2944 reddi
513 2916 627 2943 fideliter
641 2915 739 2950 pollint.
809 2912 907 2939 Catuli.
922 2920 968 2946 74,
981 2913 1010 2937 26
1042 2911 1067 2937 O
1086 2910 1124 2937 dii
1145 2911 1247 2937 reddite

203 2954 240 2981 mi
260 2955 311 2981 hoe
330 2964 378 2988 pro
399 2954 496 2988 pietate
515 2961 581 2978 mea.
653 2951 693 2977 Sic
711 2949 779 2985 apud
798 2949 881 2975 Plaut.
897 2947 964 2974 Rud.
987 2956 1007 2978 i,
1024 2955 1044 2979 3,
1057 2949 1074 2972 6
1113 2947 1247 2972 Hanccine

202 3000 251 3027 ego
271 2996 371 3025 partem
386 2989 461 3023 capio
476 2988 512 3014 ob
527 2988 650 3022 pietatem
669 2985 854 3020 praecipuam?

201 3031 370 3061 nquum‚pro
385 3024 494 3051 Reddam
512 3022 570 3056 teste
589 3023 662 3049 Non.
676 3030 702 3055 7,
716 3031 743 3054 75
762 3021 829 3046 dixit
848 3020 875 3046 in
895 3019 985 3045 Casina
1007 3018 1127 3057 Plautus,
1143 3019 1206 3044 item
1221 3019 1249 3044 in

203 3062 274 3088 Men.
290 3066 330 3095 (5,
344 3069 370 3095 7,
384 3063 439 3093 49)
472 3059 579 3086 Saluum
598 3058 649 3084 tibi
668 3058 720 3088 ita,
734 3063 762 3083 vt
774 3056 842 3081 inihi
858 3054 965 3083 dedisti,
980 3054 1112 3087 reddibo,
1128 3055 1170 3080 ubi
1185 3064 1249 3081 mmo

202 3097 350 3123 redhibebo
367 3096 455 3122 editur.
511 3095 591 3121 Plaut.
608 3093 727 3120 Vidular.
753 3093 808 3126 Ego
827 3091 954 3123 tentabo,
968 3089 1038 3124 quasi
1060 3090 1185 3124 sequestri
1206 3090 1249 3117 de-

203 3133 250 3162 tis,
267 3132 356 3158 neutri
377 3130 504 3163 reddibo,
519 3130 584 3165 apud
601 3129 723 3156 Nonium
743 3137 782 3160 10,
802 3133 841 3158 28.
878 3127 945 3154 Adii.
965 3135 1027 3162 quae
1043 3135 1069 3152 n.
1090 3135 1106 3152 2
1126 3130 1153 3152 in
1173 3126 1248 3152 Mors

203 3167 318 3197 reddita,
338 3174 361 3193 et
375 3168 490 3201 Operam
508 3165 621 3192 reddibo
638 3168 782 3190 monuimus.

239 3209 257 3228 R
268 3210 283 3229 E
295 3209 313 3228 D
323 3209 341 3228 D
352 3200 394 3228 i‘r
405 3209 424 3228 V
435 3209 464 3234 s,
483 3210 496 3227 a
507 3221 515 3233 ‚
531 3210 585 3227 um.
616 3200 709 3227 Partic.
750 3201 792 3229 Vt,
808 3197 937 3224 Redditus
952 3197 992 3223 his
1006 3197 1083 3224 terris
1098 3198 1172 3231 Virg.
1182 3198 1248 3223 Aen.

204 3239 231 3269 6,
248 3243 282 3267 18.
343 3239 401 3264 Vox
422 3237 524 3263 reddita
543 3237 628 3263 fertur
648 3235 680 3262 ad
701 3244 776 3262 aures
797 3233 871 3260 Idem
893 3244 911 3266 3,
932 3243 977 3267 40.
1036 3233 1113 3260 Votis
1133 3233 1248 3268 publicis

203 3273 321 3299 redditus
339 3273 405 3300 Plin.
421 3274 513 3307 Paneg.
528 3275 570 3303 60,
585 3281 604 3299 1.

239 3316 257 3334 R
268 3315 282 3333 r
294 3314 310 3333 D
319 3315 337 3334 D
347 3316 355 3334 1
366 3315 386 3333 T
397 3315 415 3333 v
424 3316 436 3335 si
448 3329 455 3341 ,
476 3307 513 3335 sis.
538 3318 572 3335 m.
609 3308 658 3333 Pro
671 3306 759 3333 reditu
772 3306 797 3341 s.
805 3303 900 3341 fruHu
914 3313 1030 3340 agrorum
1043 3305 1174 3339 aliquoties
1187 3303 1246 3330 red-

204 3342 272 3369 ditus
291 3341 322 3373 est
338 3346 364 3368 in
381 3345 451 3370 MSS.
467 3343 649 3374 Coluniellae‚
669 3351 693 3368 υ.
706 3351 732 3377 g.
760 3350 782 3374 3,
798 3349 820 3373 2,
834 3349 845 3372 3
860 3347 883 3366 et
897 3348 918 3372 5.
954 3344 984 3365 it.
1004 3348 1027 3372 3,
1042 3348 1062 3371 3,
1079 3349 1100 3366 2.

204 3387 231 3409 3;
249 3377 312 3413 quod
329 3388 376 3403 non
389 3386 473 3405 temere
486 3379 586 3405 uidetur
598 3377 656 3412 ifle,
669 3387 722 3403 cum
742 3377 840 3403 uerbum
854 3375 972 3402 Reddere
986 3379 1012 3400 in
1026 3385 1052 3401 ea
1065 3385 1091 3402 rc
1105 3375 1172 3411 satir
1186 3375 1246 3412 fre-

203 3423 277 3449 quens
292 3412 334 3445 esti*
348 3413 416 3439 modo
435 3415 583 3448 obsrriiiitum
590 3414 635 3448 fit.
670 3412 738 3440 Add.
760 3419 780 3439 R
791 3419 807 3438 Ε
817 3418 834 3437 D
846 3419 853 3436 1
865 3418 886 3437 'r
898 3418 917 3436 V
927 3418 940 3436 S
961 3420 987 3436 n.
1005 3419 1026 3436 2.

242 3456 260 3475 R
274 3456 288 3474 E
300 3450 447 3475 oni‘rvii
458 3456 499 3475 vs
511 3470 518 3482 ,
538 3460 567 3480 a,
588 3459 643 3476 um.
661 3449 726 3475 Part.
763 3444 924 3481 [ἐκδώσων]
962 3445 1058 3473 Catull.
1077 3446 1108 3472 de
1128 3447 1209 3473 Acme
1225 3447 1242 3473 s.

203 3494 249 3517 40,
263 3494 280 3518 4
303 3484 331 3510 Et
344 3489 420 3517 negat
434 3484 501 3510 1111111
514 3486 596 3512 vestra
611 3483 774 3512 reddituram
812 3482 969 3516 Pugillaria,
989 3482 1006 3508 si
1025 3482 1077 3516 pati
1093 3481 1208 3516 potestis.

242 3526 260 3545 R
271 3527 285 3545 Ε
296 3525 313 3544 D
326 3526 360 3545 Di
374 3525 457 3549 Tin,
483 3520 550 3544 onis.
582 3522 601 3547 f,
637 3518 780 3554 [rino'rioms]
818 3517 948 3552 Quinctil.
968 3523 990 3548 8,
1010 3526 1021 3549 3
1050 3517 1177 3544 Redditio
1198 3517 1243 3543 illa
1260 3521 1292 3547 95
1312 3524 1375 3544 cunt
1388 3518 1467 3544 etiam
1480 3526 1540 3543 cum
1555 3516 1695 3543 centesimo
1710 3514 1798 3541 redire
1812 3513 1929 3540 solitum.

203 3563 257 3580 rein
271 3561 409 3588 vti-amque
424 3561 566 3588 comparat.
639 3555 765 3582 Redditio
787 3554 934 3585 contraria,
948 3562 1014 3586 quae
1033 3552 1186 3580 οἷν-τακόδοσις
1204 3553 1243 3579 di·

202 3599 271 3616 citur
293 3590 363 3616 Idem
382 3589 447 3615 ibid.
517 3590 703 3617 Redditionein
724 3590 836 3618 rationis
856 3589 1036 3624 poscentibus,
1056 3589 1244 3624 respondemus

204 3626 338 3658 Augustin.
358 3634 401 3653 21.
418 3633 443 3659 7.

238 3668 255 3686 R
266 3667 333 3687 iton
344 3662 353 3686 ἰ’
365 3667 385 3685 Τ
397 3667 416 3687 o
427 3667 441 3685 i<
454 3680 460 3689 ,
480 3660 544 3685 (iris.
572 3669 606 3686 m.
643 3662 748 3695 August.
762 3661 840 3697 Epist.
853 3668 866 3693 5
888 3659 1048 3687 Debitoruin
1062 3659 1218 3687 redditores.

237 3703 257 3722 R
273 3702 351 3721 [DE
368 3703 392 3722 M
410 3703 430 3722 'r
447 3702 483 3721 io
499 3714 505 3722 .
560 3701 804 3728 RFDEMTOR,

201 3739 218 3758 R
229 3739 245 3758 E
257 3737 276 3757 D
288 3738 295 3756 1
306 3737 330 3757 Μ
342 3737 372 3756 0.
738 3739 739 3742 ¹

234 3772 330 3795 REDE
342 3772 360 3791 O
372 3786 380 3797 ,
398 3766 453 3796 iui,
472 3772 494 3791 ct
511 3765 672 3801 frequentius
693 3765 728 3798 ii,
756 3768 840 3798 itum,
868 3771 918 3795 ire.
953 3765 1095 3801 [inermium
1116 3767 1244 3801 ἐπανέρχο-

198 3814 259 3835 μαι,
278 3801 407 3832 ἄπονος-ἔω,
428 3801 550 3834 ἔποὶνημι]
588 3802 714 3831 Retroirt‘,
730 3807 829 3829 reuerti.
885 3804 954 3830 Ter.
987 3802 1066 3828 Andr.
1102 3811 1119 3832 1,
1152 3811 1169 3832 1,
1202 3810 1242 3827 110

198 3838 287 3865 Redeo
317 3836 378 3863 inde
403 3837 483 3862 iratus
502 3843 579 3870 atque
597 3845 673 3870 aegre
694 3837 790 3862 ferens.
884 3840 957 3872 Virg.
973 3838 1024 3864 lit-l.
1040 3846 1065 3870 9,
1079 3846 1108 3869 23
1129 3837 1240 3870 Tityre,

197 3873 259 3901 dum
271 3872 352 3900 redeo
366 3871 474 3904 (breuis
486 3872 522 3897 est
535 3873 596 3901 via)
611 3873 683 3907 pasce
698 3872 816 3906 capellas.

831 326 921 351 Onera
933 323 1071 354 ciborum,
1089 322 1142 348 vid.
1158 326 1251 349 ost.
1275 329 1289 355 5
1316 332 1376 352 ture
1404 325 1493 352 redire
1527 326 1595 352 Hor.
1616 325 1694 359 Epist.
1717 334 1737 357 1,
1751 332 1778 358 7,
1791 332 1833 358 97·

1272 510 1302 529 10

1280 685 1307 712 ¹5

848 855 926 881 Ratio
939 853 1075 881 reddunda
1095 854 1130 880 est
1151 854 1254 880 Lucret.
1267 866 1302 885 20
1322 859 1367 879 tur
1386 851 1541 889 significare,
1565 854 1598 881 ad
1627 862 1651 881 te
1675 860 1805 891 peruenit,
1820 858 1868 884 tibi
1898 859 1966 884 lucro
1991 857 2059 893 sun,

1273 1219 1306 1243 ΞΟ

1273 1399 1302 1424 35

1265 1569 1302 1594 40

1083 2095 1165 2120 Ouid.
1185 2095 1249 2120 Met.
1270 2101 1298 2127 55
1318 2101 1377 2120 rata
1403 2095 1474 2122 Ter.
1490 2095 1596 2122 Phorm.
1611 2105 1635 2128 4,
1649 2106 1673 2128 4,
1691 2103 1712 2127 5.

1194 2446 1214 2485 fl
1239 2457 1250 2479 3
1270 2449 1301 2481 65
1318 2447 1496 2473 Concordiam
1531 2445 1619 2472 redire
1654 2445 1736 2471 Plaut.
1762 2444 1858 2478 Amph.
1884 2453 1908 2476 3,
1924 2450 1946 2476 8,
1969 2453 1994 2479 7.

758 2629 815 2655 Cic.
830 2629 861 2654 de
877 2628 947 2654 Clar.
962 2629 1036 2653 Orat.
1050 2635 1093 2658 301
1129 2627 1248 2652 Primum
1266 2631 1301 2658 70
1318 2625 1409 2651 Fidem
1424 2624 1535 2650 alicuius
1555 2624 1614 2649 Liu.
1629 2631 1665 2654 25.
1680 2631 1698 2650 1.

926 2982 1191 3016 Reddibo,futurum
1205 2993 1248 3008 an-
1267 2980 1300 3006 80
1316 2982 1346 3007 In
1361 2981 1450 3007 Mores
1463 2981 1561 3015 patrios
1582 2981 1643 3006 Liu.
1657 2989 1696 3012 29,
1713 2988 1730 3005 1.

1267 3157 1296 3186 85

1129 3347 1153 3365 et
1172 3347 1197 3375 7,
1217 3349 1246 3373 4,
1268 3345 1304 3370 90
1314 3341 1341 3364 in
1348 3339 1472 3374 feminam
1486 3339 1702 3372 mutatiisfiierat.

860 3703 880 3723 R
892 3702 908 3723 F.
922 3702 940 3722 D
950 3703 965 3723 ii
976 3703 1000 3722 M
1009 3703 1030 3722 'r
1042 3702 1058 3720 v
1071 3702 1090 3721 R
1100 3702 1121 3721 A
1137 3715 1144 3727 ‚
1190 3695 1243 3722 vid.
1255 3699 1301 3717 ¹00
1311 3696 1414 3722 mifl‘uni
1429 3695 1474 3722 est.

899 3873 998 3900 Redire
1012 3873 1131 3900 adiutum
1155 3873 1238 3900 Plaut.
1249 3875 1294 3902 1οἳ

1698 93 1976 133 RED

2285 110 2352 149 104

1314 183 1406 210 Pseud.
1420 193 1438 215 1,
1452 191 1475 216 5,
1489 189 1542 216 148.
1633 181 1730 209 Redire
1743 181 1844 208 rursum
1863 182 1931 209 Ter.
1945 183 2010 209 Eun.
2024 192 2052 216 4,
2067 192 2090 216 2,
2103 185 2127 210 6.
2197 182 2266 211 Add.
2280 182 2352 212 Idem

1316 219 1427 254 Adelph.
1444 229 1463 250 i,
1478 228 1498 251 i,
1515 220 1558 252 46.
1665 217 1762 244 Redire
1778 217 1919 244 retrorsum
1941 219 2007 245 l’lin.
2017 228 2043 252 9,
2058 227 2093 251 31.
2163 220 2226 246 Inde
2242 220 2352 247 domum

1315 255 1426 281 redeunt
1437 254 1483 294 sub
1503 255 1587 289 prima
1608 253 1757 288 crepuscula
1772 252 1863 278 moesti
1883 253 1961 280 Ouid.
1975 255 2040 281 Fast.
2056 263 2078 287 ς,
2093 261 2147 287 455.
2228 255 2292 282 Non
2307 263 2354 281 vn.

1316 299 1394 324 quam
1408 299 1494 325 grauis
1508 299 1567 317 aere
1583 288 1690 315 domum
1703 288 1770 315 mihi
1785 288 1873 314 dextra
1887 288 1989 316 redibat
2010 290 2085 324 Virg.
2099 290 2152 317 Ecl.
2165 299 2185 322 1,
2198 292 2237 323 36.
2297 291 2353 317 Ma-

1927 324 2046 352 Tardius
2066 324 2148 352 Ouid.
2161 327 2225 351 Met.
2241 334 2278 358 10,
2292 329 2353 360 674.

1318 361 1414 387 Redire
1428 370 1442 387 a
1457 361 1518 387 foro
1547 361 1628 387 Plaut.
1644 360 1700 387 Aul.
1715 369 1740 390 2,
1756 372 1776 392 3,
1793 362 1817 386 6.
1888 358 1984 387 Redire
1997 370 2012 388 e
2027 359 2177 387 suburbano
2208 360 2273 387 Plin.
2281 365 2305 392 8,
2313 370 2353 393 40.

1319 395 1400 422 Plant.
1416 396 1512 430 Amph.
1526 405 1550 427 2,
1566 405 1590 429 2,
1605 405 1632 428 32
1652 397 1748 423 Redire
1761 395 1793 422 ad
1805 393 1894 421 nauim
1908 394 2000 422 melius
2014 397 2059 422 est.
2140 396 2209 422 Ter.
2224 397 2318 422 Heaut.
2330 405 2356 429 2,

1320 437 1342 461 3,
1354 438 1386 465 37
1406 431 1444 458 Ad
1459 432 1544 457 lanam
1559 431 1637 458 redit.
1744 433 1820 465 Itque
1833 430 1953 464 reditque
1967 431 2036 458 viam
2050 431 2128 458 toties
2154 431 2229 465 Virg.
2244 432 2308 457 Aen.
2328 433 2355 464 6,

1322 472 1371 491 122.
1467 467 1522 493 Cic.
1537 476 1585 502 pro
1598 469 1724 493 Muraena
1739 470 1768 493 26
1786 468 1891 493 Praetor
1905 466 2018 498 interea,
2033 476 2066 493 ne
2079 466 2217 501 pulchrum
2231 467 2256 493 se
2270 475 2298 492 ae
2312 465 2355 492 be-

1320 505 1392 526 atum
1410 507 1530 535 putaret,
1551 508 1629 536 atque
1650 503 1703 537 ipse
1723 502 1825 537 aliquid
1847 502 1889 528 sua
1906 502 1995 537 sponte
2015 502 2041 528 lo
2062 508 2185 535 ueretur,
2205 502 2231 528 ei
2247 510 2355 536 «quoque

1322 542 1424 562 carmen
1449 537 1622 571 compositum
1643 539 1695 571 est,
1720 548 1780 564 cuin
1807 538 1915 563 caeteris
1937 536 2015 564 rebus
2036 546 2049 563 a
2070 538 2193 570 surdum,
2211 543 2267 563 tum
2292 545 2355 564 vero

1320 569 1394 596 nullo
1413 572 1488 606 vsui,
1525 573 1745 607 VTRISQVE
1781 573 2123 600 SVPERSTITIBVS
2160 572 2366 603 PRAESEN„

1320 605 1457 637 TIBVS,
1491 608 1630 635 ISTAM
1664 610 1772 636 ViAM
1810 609 1930 641 Dico,
1965 608 2093 635 INITE
2129 609 2247 635 VIAM.
2284 608 2356 634 Prae-

1322 640 1360 666 sto
1373 639 1460 667 aderat
1474 643 1573 676 sapiens
1588 643 1643 676 ille,
1661 646 1707 680 qui
1720 645 1790 671 inire
1805 645 1875 670 viani
1887 644 2000 670 doceret.
2037 644 2197 670 REDITE
2234 644 2356 670 VIAM:

1322 674 1417 716 eodem
1431 675 1494 717 duce
1507 678 1637 706 redibant.
1733 681 1790 707 Cic.
1805 681 1858 706 Att.
1873 688 1910 711 10,
1926 688 1954 705 10
1991 680 2020 705 Et
2040 679 2130 706 dubita
2149 679 2166 705 fi
2187 685 2276 714 potes,
2293 679 2358 713 quin

1323 711 1383 742 ille,
1403 711 1448 736 seu
1461 712 1546 739 victus
1556 733 1563 744 ‚
1583 715 1627 741 seu
1639 714 1728 741 vietor
1740 716 1866 749 redierit,
1885 715 1989 742 caedem
2007 714 2123 741 faetnrus
2135 715 2172 742 sit.
2277 714 2358 742 Plaut.

1322 747 1395 786 Men.
1410 746 1480 786 Prol-
1497 756 1534 787 49
1561 749 1639 789 Nunc
1663 751 1691 776 in
1712 752 1885 786 Epidamnum
1901 751 2011 786 pedibus
2032 751 2192 777 redeundum
2222 749 2259 777 est
2281 749 2358 778 mihi.

1321 781 1434 821 Pedibus
1447 787 1540 810 inuitis
1553 784 1622 811 redit
1641 785 1756 820 Propert.
1768 795 1793 818 2,
1805 795 1843 820 25,
1856 795 1898 814 20.
2007 787 2089 812 Lucil.
2108 793 2142 820 27
2161 785 2229 821 apud
2244 786 2318 812 Non.
2330 793 2359 818 4,

1322 826 1371 850 401
1396 818 1423 843 Si
1442 824 1528 843 tamen
1545 827 1599 845 noii
1618 820 1649 846 ad
1665 827 1690 847 te
1703 821 1752 848 hoc
1766 822 1880 853 rediuit,
1900 828 1928 848 tu
1943 820 1993 848 hoc
2007 822 2106 848 carebis
2122 821 2272 848 commodo.
2292 819 2358 847 vide-

1351 889 1356 892 ·
2126 857 2207 884 Addit
2248 856 2357 883 Nonius

1322 889 1398 922 Virg.
1413 889 1511 931 Georg.
1525 897 1551 921 2,
1563 898 1611 922 401
1645 904 1691 910 —
1724 893 1805 919 Redit
1833 893 1956 928 agricolis
1986 893 2061 919 labor
2094 892 2166 919 aelius
2198 892 2226 918 in
2256 892 2359 918 orbem.

1322 923 1455 950 prouerbii·
1467 934 1519 950 vim
1537 925 1621 956 habet,
1636 925 1710 959 Quid
1729 927 1747 953 si
1766 928 1847 954 redeo
1869 928 1901 955 ad
1919 929 1988 960 illos,
2003 929 2049 962 qui
2063 929 2152 959 aiunt,
2173 927 2245 960 Qiid
2260 927 2279 954 fi
2292 935 2360 954 nune

1322 959 1423 986 caelum
1438 966 1496 986 ruat
1510 961 1519 986 3
1555 960 1623 987 Ter.
1643 962 1737 989 Heaut.
1754 972 1781 996 4,
1795 972 1815 995 3,
1829 973 1869 998 41.

1397 994 1402 1000 ,
1427 995 1432 1000 ,
1460 996 1465 1000 ,
1976 966 2063 998 Atque
2077 971 2123 996 &vt
2136 964 2166 989 ad
2181 972 2224 989 me
2236 963 2359 995 redeam)

1322 995 1495 1028 meministis,

1515 997 1567 1028 Qi.
1589 997 1708 1023 Maximo
1728 998 1809 1024 fratre
1827 999 1971 1033 Scipionis,
1991 1008 2036 1026 etc.
2072 1000 2128 1026 Cic.
2150 999 2182 1025 de
2196 999 2303 1026 Amicit.
2317 1003 2360 1031 96.

2189 1035 2253 1060 llluc
2266 1035 2362 1069 quaeso

2001 1071 2083 1102 illuc,
2103 1070 2172 1097 vnde
2191 1071 2261 1101 abii,
2280 1070 2361 1096 redeo

1431 1138 1437 1142 ἡ
1574 1138 1579 1142 ¹
1634 1137 1640 1143 ⁵
1852 1114 1865 1132 2
1904 1107 2008 1133 Nomina
2023 1117 2030 1131 :
2066 1107 2176 1132 Amores
2196 1106 2306 1132 redeunt
2318 1105 2362 1132 vel

1320 1147 1380 1164 cum
1392 1138 1457 1164 odio
1471 1137 1592 1178 depositi·
1602 1137 1668 1164 Plin.
1684 1147 1724 1172 24,
1737 1146 1774 1174 17.
1879 1141 1989 1167 Animus
2002 1141 2070 1168 mihi
2084 1143 2154 1168 redit
2170 1142 2239 1168 Ter.
2256 1142 2320 1167 Hec.
2336 1149 2361 1173 3,

1320 1182 1347 1206 2,
1361 1182 1397 1200 12.
1503 1174 1594 1200 Animi
1608 1173 1711 1201 rediere
1724 1175 1789 1202 viris
1812 1176 1901 1203 Valer.
1920 1177 2018 1210 Argon.
2039 1186 2062 1209 3,
2076 1181 2135 1210 468.
2227 1178 2279 1203 Aut
2292 1176 2362 1203 redit

1320 1218 1335 1236 a
1347 1208 1426 1249 nobis
1434 1210 1557 1249 Aurora,
1576 1209 1699 1244 diemque
1715 1211 1818 1237 reducit
1836 1212 1910 1246 Virg.
1926 1213 2023 1248 Georg.
2039 1221 2057 1243 i,
2070 1222 2132 1245 249.
2202 1213 2283 1239 Calor
2290 1214 2362 1239 Vere

1320 1244 1390 1285 redit
1404 1244 1499 1286 ossibus
1526 1246 1600 1279 Virg.
1613 1246 1709 1281 Georg.
1723 1255 1744 1278 3,
1757 1255 1814 1281 272.
1881 1248 1992 1275 Carbasa
2006 1249 2142 1275 redierunt
2155 1247 2265 1274 aduerso
2280 1253 2361 1274 vento

1319 1280 1402 1307 Ouid.
1416 1280 1495 1320 Epist.
1510 1289 1544 1321 21,
1558 1288 1598 1315 71.
1681 1317 1686 1320 ¹
1704 1282 1769 1308 Plin.
1785 1291 1819 1315 13,
1838 1290 1867 1315 25
1903 1283 2042 1310 Restinffis
2054 1284 2152 1311 Colore
2165 1285 2211 1309 suo
2225 1283 2361 1310 redeunte.

1320 1315 1404 1342 Color
1418 1316 1500 1342 rediit
1513 1325 1541 1342 in
1556 1324 1603 1342 ora
1635 1315 1716 1342 Ouid.
1730 1317 1760 1342 de
1775 1319 1836 1343 Arte
1850 1318 1907 1343 Am.
1923 1326 1945 1350 3,
1961 1327 2019 1352 730.

1321 1352 1389 1377 Plin.
1406 1356 1447 1383 28,
1464 1354 1500 1377 16.
1609 1350 1738 1377 Gramina
1753 1351 1807 1376 iarn
1820 1352 1930 1376 redeunt
1942 1353 2039 1385 campis
2073 1355 2141 1380 Hor.
2155 1355 2243 1381 Carni.
2256 1365 2285 1387 4,
2299 1363 2326 1390 7,
2341 1363 2361 1381 1.

1321 1388 1396 1413 Mens
1409 1386 1491 1414 rediit
1516 1386 1597 1412 Ouid.
1613 1387 1677 1412 Met.
1691 1395 1728 1418 14,
1743 1394 1794 1419 519.
1871 1385 1931 1410 Mos
1943 1386 2012 1410 redit
2027 1387 2088 1412 Liu.
2101 1396 2127 1418 2,
2142 1397 2177 1419 43.
2264 1391 2361 1416 Rabies

1320 1423 1412 1448 eadem
1426 1421 1496 1448 redit
1514 1422 1619 1448 Lucret.
1634 1431 1661 1454 4,
1677 1429 1733 1446 1111.
1840 1419 1909 1445 Ter.
1925 1419 2031 1445 Phorm.
2048 1427 2068 1451 1,
2081 1427 2112 1450 2,
2125 1427 2137 1450 5
2168 1422 2321 1450 Praesertim
2333 1431 2362 1451 vt

1322 1465 1391 1482 nune
1404 1458 1462 1483 sunt
1478 1466 1565 1484 mores
1581 1467 1586 1482 ι
1623 1456 1691 1482 adeo
1704 1457 1754 1482 Res
1767 1454 1859 1487 rediit,
1868 1454 1885 1480 fi
1894 1455 1954 1488 quis
1968 1454 2033 1489 quid
2047 1453 2150 1485 reddit,
2165 1463 2256 1488 magna
2268 1457 2362 1485 haben.

1322 1490 1355 1516 da
1368 1491 1404 1516 est
1416 1493 1508 1524 gratia.
1542 1510 1546 1515 .
1584 1491 1631 1517 Vbi
1644 1492 1777 1517 Donatus:
1794 1490 1904 1524 figurate
1914 1510 1922 1522 ,
1938 1499 1987 1525 pro
2002 1490 2038 1516 ita
2051 1495 2080 1516 vt
2094 1489 2227 1523 loqueris,
2246 1491 2309 1519 adeo
2322 1502 2363 1520 res

1321 1525 1404 1551 rediit
1425 1526 1508 1556 dixit,
1526 1531 1551 1551 et
1570 1526 1677 1559 proprie
1697 1535 1738 1552 res
1758 1526 1862 1553 rediisse
1881 1526 1997 1557 dicitur,
2017 1534 2100 1559 quum
2121 1524 2221 1558 aliquid
2233 1527 2307 1560 peius
2319 1538 2360 1556 ex.

1321 1560 1484 1595 spectatione
1498 1560 1619 1594 contigit.
1663 1569 1665 1571 ’
1712 1561 1763 1587 Res
1777 1561 1868 1586 animo
1882 1560 1969 1593 redit,
1987 1564 2006 1587 i.
2027 1559 2169 1595 obuersatur
2201 1560 2261 1588 Ptin.
2280 1564 2354 1598 Epist.

1321 1602 1344 1628 8,
1358 1605 1398 1628 23,
1411 1599 1437 1622 6.
1546 1597 1625 1622 Vires
1639 1595 1744 1622 rediere
1769 1596 1858 1622 Valer.
1871 1596 1971 1630 Argon.
1987 1605 2013 1629 4,
2026 1598 2081 1627 673.
2187 1595 2271 1624 Virtus
2287 1598 2355 1626 redit

1320 1632 1348 1658 in
1365 1632 1517 1666 praecordia
1531 1631 1612 1657 vietis
1648 1631 1725 1665 Virg.
1739 1632 1804 1658 Aen.
1818 1640 1843 1662 2,
1854 1634 1912 1664 367.
2020 1631 2115 1657 Vultus
2145 1630 2239 1657 ardore
2259 1635 2356 1661 reiniffo

1320 1667 1402 1694 rediit
1419 1668 1480 1694 Stat.
1493 1667 1586 1694 Theb.
1601 1673 1614 1697 8
1640 1672 1689 1700 518.
1887 1665 1908 1705 ff
1929 1675 1941 1699 3
1962 1667 2020 1693 Cum
2035 1665 2223 1701 praepositione.
2257 1668 2295 1694 Ad
2306 1670 2358 1696 ani.

1320 1712 1395 1729 muni
1414 1703 1526 1729 alicuius
1540 1703 1628 1730 redire
1649 1701 1779 1736 Qiinc‘iil.
1793 1709 1820 1736 7,
1833 1709 1858 1728 2.
1948 1702 1988 1728 Ad
2001 1702 2110 1728 Gladios
2137 1703 2209 1728 Caes.
2224 1702 2252 1729 B.
2261 1704 2316 1737 C.3‚
2323 1713 2359 1737 93.

1320 1065 1378 1093 redi
1394 1076 1449 1101 quo
1463 1066 1571 1101 coepisti
1598 1067 1665 1094 Ter.
1678 1068 1789 1103 Adelph.
1804 1079 1826 1101 2,
1840 1078 1858 1101 1,
1871 1072 1911 1102 36.

1321 1103 1390 1128 Hor.
1404 1102 1486 1129 Serm.
1501 1111 1519 1134 1,
1532 1111 1550 1133 1,
1566 1107 1617 1132 108.

2104 1320 2107 1321 ⁷
2123 1319 2219 1345 Febres
2250 1320 2362 1346 redeunt

533 1744 594 1770 Stat.
610 1741 703 1769 Theb.
723 1751 749 1775 9,
764 1749 802 1766 121
835 1740 962 1766 Tandem
983 1734 1254 1765 intermiffa‘iaculan-
1270 1742 1303 1769 45
1321 1739 1378 1765 Cic.
1391 1739 1473 1765 Tusc.
1489 1748 1512 1771 2,
1526 1747 1556 1772 29
1587 1738 1627 1766 Ad
1648 1739 1762 1772 Ineptias
1781 1737 1852 1764 redis
1868 1747 1873 1763 :
1909 1738 1976 1764 illud
1996 1739 2076 1769 enim,
2091 1737 2162 1772 quod
2185 1747 2227 1764 me
2246 1739 2361 1774 angebat,

1321 1783 1375 1800 non
1387 1775 1492 1800 eximis.
1565 1774 1605 1800 Ad
1618 1774 1759 1808 Ingenium
1778 1774 1848 1800 Ter.
1863 1772 1975 1808 Adelph.
1991 1783 2010 1806 1,
2023 1782 2043 1806 1,
2058 1777 2103 1808 46.
2138 1781 2160 1799 ει
2180 1775 2277 1805 Ηεεη,
2291 1784 2312 1807 2,
2325 1780 2361 1807 38.

1320 1810 1400 1844 Saepe
1430 1810 1463 1836 ad
1488 1809 1644 1844 Magistrum
1674 1809 1773 1836 scelera
1794 1809 1932 1835 redierunt
1954 1810 1998 1835 sua
2018 1810 2075 1835 Sen.
2099 1809 2127 1835 in
2149 1809 2268 1841 Thyeste
2280 1819 2304 1837 v.
2318 1819 2360 1842 311.

1320 1846 1361 1872 Ad
1373 1845 1489 1871 nihilum
1503 1847 1612 1872 redeunt
1625 1854 1666 1872 res
1680 1845 1799 1871 funditus
1812 1853 1903 1871 omnes
1924 1846 2026 1871 Lucret.
2044 1854 2066 1878 2,
2081 1852 2137 1879 755.
2184 1845 2251 1871 Ter.
2261 1845 2360 1873 Phorm-

1320 1890 1348 1914 4,
1363 1890 1384 1913 3,
1398 1889 1429 1914 43
1451 1882 1486 1907 Vt
1502 1881 1535 1907 ad
1547 1882 1628 1908 Pauca
1642 1881 1762 1913 redeam,
1782 1889 1809 1906 ac
1822 1881 1925 1907 mittam
1940 1881 2012 1907 illius
2026 1881 2146 1914 ineptias.
2237 1880 2277 1907 Ad
2293 1882 2361 1908 Prae.

1928 1916 2000 1942 Idem
2015 1917 2098 1943 Tusc.
2116 1924 2135 1947 1,
2150 1924 2179 1948 23
2206 1917 2299 1942 Vtrum
2314 1917 2359 1952 igi-

1319 1959 1364 1980 tur
1376 1953 1445 1979 inter
1459 1952 1503 1979 has
1519 1953 1657 1980 sententias
1672 1952 1816 1979 diiudicare
1829 1951 1966 1984 malimus,
1986 1961 2019 1978 an
2039 1952 2072 1979 ad
2087 1951 2249 1986 Propositum
2267 1953 2355 1980 redire.

1320 1988 1361 2014 Ad
1377 1989 1492 2022 Pugnam
1512 1989 1588 2023 Virg.
1604 1990 1668 2015 Aen.
1683 1996 1703 2021 5,
1718 1997 1779 2021 454.
1851 1988 1891 2014 Ad
1904 1989 2042 2014 Rationem
2058 1988 2221 2021 Qiinetilc,
2229 1997 2247 2014 1.
2295 1989 2351 2017 Ter.

1319 2024 1416 2063 Heaut.
1440 2033 1466 2056 2,
1490 2033 1512 2056 3,
1535 2030 1566 2058 78
1592 2025 1654 2057 Syre
1669 2032 1762 2051 verum
1776 2023 1819 2050 liic
1833 2023 1920 2050 dicit:
1956 2025 2049 2057 mitte,
2070 2024 2100 2050 ad
2116 2024 2181 2049 Rem
2195 2024 2262 2050 redi.
2303 2024 2348 2052 Vid-

1320 2060 1376 2085 Cic.
1389 2059 1421 2085 de
1435 2060 1492 2085 Fin.
1506 2069 1525 2092 1,
1539 2063 1581 2086 66.
1690 2060 1730 2086 Ad
1744 2060 1842 2086 Restim
1858 2060 1939 2086 rediit
1954 2069 2011 2092 res,
2033 2061 2191 2087 prouerbium
2210 2060 2238 2085 de
2249 2069 2275 2086 re
2287 2059 2352 2096 despe-

1812 2095 1852 2122 Ad
1866 2096 1896 2122 Se
1910 2095 2015 2128 redire,
2039 2099 2057 2122 i.
2073 2095 2108 2122 ad
2119 2095 2272 2122 ordinarium
2287 2099 2355 2122 ratio-

1317 2139 1372 2156 nem
1379 2130 1524 2165 ftrztirndi,
1543 2131 1577 2156 ad
1587 2131 1797 2164 tranquillitatem
1813 2138 1859 2157 etc.
1916 2132 1974 2158 Cic.
1987 2133 2042 2158 Att.
2057 2139 2103 2166 7,3
2124 2130 2154 2157 Et
2169 2131 2207 2163 id,
2221 2131 2293 2166 quod
2309 2130 2358 2158 ani·

1317 2174 1391 2191 mum
1404 2164 1561 2197 induxerat,
1582 2165 1723 2198 paullisper
1737 2174 1790 2189 non
1803 2166 1906 2197 tenuit,
1922 2168 1964 2192 sed
1979 2168 2035 2193 cito
2049 2167 2080 2193 ad
2097 2167 2128 2193 Se
2141 2167 2232 2194 rediit.
2291 2166 2357 2194 Adde

1316 2200 1386 2226 Ter.
1401 2200 1482 2226 Andr.
1498 2209 1521 2232 3,
1535 2208 1555 2232 5,
1568 2202 1605 2226 16.
1647 2206 1669 2225 et
1683 2198 1792 2233 Adelph.
1807 2208 1829 2231 5,
1843 2208 1864 2231 3,
1879 2205 1901 2229 8.
1972 2202 2032 2226 Liu.
2048 2210 2068 2233 1,
2082 2210 2117 2232 41.
2215 2202 2255 2228 Ad
2269 2203 2314 2234 Se,
2334 2207 2358 2229 et

1309 2233 1349 2260 ad
1374 2243 1462 2260 mores
1484 2236 1542 2260 suos
1564 2235 1669 2267 redire,
1690 2237 1707 2261 i.
1729 2233 1852 2267 pristinos
1867 2235 2076 2270 moresreJhmere
2103 2235 2159 2261 Cic.
2173 2237 2250 2262 Verr.
2274 2246 2300 2270 1,
2319 2245 2359 2272 57.

1959 2270 1998 2296 Ad
2006 2271 2051 2296 Te
2064 2270 2132 2296 redit
2146 2269 2277 2298 hereditas
2293 2274 2362 2300 Ter.

1318 2305 1382 2330 Hec.
1400 2314 1417 2336 1,
1430 2313 1455 2336 2,
1470 2313 1512 2337 97.
1585 2303 1625 2329 Ad
1634 2303 1763 2329 Vestitum
1776 2306 1849 2330 suum
1870 2304 1925 2330 Cic.
1938 2314 1986 2339 pro
1998 2306 2067 2332 Sext.
2076 2314 2112 2337 32.
2186 2307 2361 2334 Incomniodi-

1316 2345 1354 2366 tas
1368 2340 1455 2365 omnis
1491 2340 1550 2365 Huc
1563 2338 1648 2371 redit,
1672 2338 1689 2364 fi
1703 2339 1807 2364 eueniat
1823 2339 1937 2364 discessio
1957 2341 2025 2367 Ter.
2041 2341 2223 2374 Andr.3,3‚35.
2279 2343 2364 2369 Nem.

1319 2385 1350 2409 pe
1364 2376 1454 2401 onmia
1469 2374 1532 2401 haec
1546 2373 1629 2401 verba
1665 2375 1723 2400 Huc
1735 2374 1846 2400 redeunt
1859 2373 1990 2408 denique3
2025 2384 2073 2409 ego
2085 2376 2208 2402 excludor
2221 2384 2266 2404 etc.
2286 2378 2361 2405 Idem

1317 2412 1383 2437 Eun.
1401 2419 1420 2442 1,
1434 2419 1458 2443 2,
1473 2415 1514 2445 78.
1623 2411 1653 2436 In
1666 2409 1819 2435 Amicitiam
1832 2409 1945 2435 alicuius
1958 2409 2047 2437 redire
2067 2410 2128 2436 Liu.
2144 2418 2180 2442 25,
2194 2414 2230 2438 16.
2328 2414 2359 2440 In

2112 2446 2168 2472 Cic.
2185 2446 2261 2473 Verr.
2276 2455 2298 2478 5,
2311 2456 2360 2481 144

1319 2483 1464 2516 Nunquam
1489 2488 1514 2508 te
1537 2482 1567 2507 in
1589 2481 1686 2507 horum
1707 2480 1885 2514 Conspectum
1899 2480 2064 2510 rediturum,
2083 2488 2217 2514 nunquam
2231 2482 2259 2507 in
2272 2482 2363 2508 forum

1319 2518 1413 2553 Populi
1428 2518 1504 2544 Rom.
1521 2523 1679 2547 venturum,
1699 2523 1743 2541 etc.
1848 2516 1877 2541 In
1891 2515 1978 2541 Corda
1993 2516 2101 2541 redeunt
2117 2516 2244 2542 tumultus
2270 2516 2362 2543 Claud.

1319 2554 1350 2580 de
1365 2554 1430 2580 Bell.
1443 2554 1502 2580 Get.
1517 2556 1567 2579 216.
1663 2552 1695 2577 In
1708 2550 1878 2577 Deditionem
1920 2551 2025 2577 Sueton.
2046 2551 2074 2576 in
2093 2551 2183 2578 Claud.
2197 2552 2270 2579 Caes.
2285 2563 2307 2579 c.
2324 2560 2364 2585 25.

1318 2589 1449 2622 Qiineiil.
1465 2598 1486 2621 3,
1500 2591 1516 2615 6
1548 2590 1578 2614 In
1598 2587 1770 2621 adoptionem
1790 2587 1850 2612 dato
1864 2586 1952 2612 redire
1967 2587 1995 2612 in
2010 2587 2149 2613 Familiam
2167 2587 2254 2614 liceat.
2332 2589 2363 2614 In

1791 2623 1847 2649 Cic.
1863 2623 1934 2648 Fam.
1949 2631 1969 2654 i,
1984 2631 1999 2654 9
2021 2624 2056 2648 Vt
2070 2631 2126 2648 cuni
2141 2623 2227 2649 Crass'o
2247 2622 2364 2650 redirem

1317 2660 1344 2685 in
1361 2660 1497 2691 Gratiam,
1520 2668 1554 2684 me
1569 2660 1761 2684 reconciliarem.
1876 2658 1945 2684 Ter.
1957 2657 2063 2685 Phorm.
2078 2665 2101 2690 5,
2114 2666 2129 2690 9
2145 2658 2195 2690 (Β)
2209 2668 2245 2691 4ο
2266 2658 2364 2686 Redeat

1316 2696 1376 2722 sane
1391 2696 1418 2721 in
1433 2694 1566 2725 Gratiam,
1585 2694 1638 2720 iani
1654 2694 1775 2728 supplicii
1790 2693 1849 2720 satis
1865 2694 1901 2720 est
1916 2692 1994 2720 mihi.
2066 2694 2140 2729 Coris.
2154 2693 2224 2728 Nep.
2239 2702 2327 2728 25,17,
2342 2703 2361 2721 1.

1318 2732 1388 2757 Suet.
1405 2730 1473 2756 Tib.
1488 2740 1508 2756 c.
1524 2732 1562 2756 61.
1667 2730 1723 2755 Cic.
1739 2731 1810 2756 Fani.
1826 2738 1852 2762 9,
1868 2738 1877 2755 1
1917 2730 1986 2755 Scito
2000 2729 2071 2755 enim
2086 2738 2139 2762 me,
2153 2730 2320 2764 posteaquam
2333 2730 2360 2756 in

1314 2765 1408 2792 vrbem
1424 2766 1560 2797 venerim,
1578 2765 1682 2792 rediisse
1697 2774 1755 2791 cuni
1769 2764 1902 2792 veteribus
1915 2765 2023 2797 amicis,
2043 2765 2068 2790 id
2084 2765 2120 2791 est
2141 2774 2200 2791 cum
2221 2766 2297 2792 libris
2313 2774 2359 2792 no-

1673 2801 1703 2826 In
1718 2802 1818 2827 Locum
1832 2810 1893 2826 eum
1907 2810 1947 2827 res
1961 2801 2041 2826 rediit
2061 2800 2128 2827 Ter.
2142 2801 2252 2835 Adelph.
2267 2810 2289 2834 2,
2299 2810 2327 2834 4,
2335 2806 2357 2831 8.

1313 2839 1343 2863 lvx
1359 2838 1515 2872 Magistrum
1530 2838 1602 2870 saepe
1618 2836 1712 2862 scelera
1729 2837 1830 2863 rediere
1844 2837 1886 2862 sua
1908 2837 2000 2863 Senec:
2011 2835 2123 2868 Thyest.
2138 2846 2155 2869 4
2171 2845 2254 2868 v.311.
2289 2837 2358 2864 Ter.

1314 2873 1421 2900 Ph01m.
1436 2881 1457 2906 5,
1473 2882 1493 2905 3,
1508 2881 1536 2905 19
1557 2873 1620 2899 Non
1632 2878 1729 2898 temere
1743 2872 1803 2898 dico
1813 2892 1819 2903 ,
1836 2872 1893 2898 redi
1907 2881 2011 2898 mecum
2028 2872 2055 2897 in
2067 2873 2227 2898 Memoriam
2237 2892 2244 2903 ,
2276 2876 2293 2899 i.
2305 2873 2359 2899 Me-

1313 2912 1417 2935 mineris
1430 2916 1459 2935 vt
1472 2919 1523 2944 rgo.
1630 2909 1687 2934 Cic.
1701 2908 1732 2935 de
1746 2908 1846 2935 Sene&
1866 2917 1893 2934 21
1931 2909 1979 2934 His
1994 2908 2064 2934 enim
2080 2907 2138 2942 ipsis
2153 2908 2269 2942 legendis
2281 2908 2360 2934 redeo

1317 2945 1345 2970 in
1359 2945 1518 2971 Memoriam
1532 2949 1712 2970 mortuorum.
1816 2945 1846 2970 In
1861 2945 1961 2970 Metum
1975 2943 2062 2970 redire
2081 2944 2146 2969 Plin.
2161 2944 2237 2978 Epist.
2246 2949 2269 2976 8,
2285 2950 2359 2978 iipr.

1839 2979 1911 3005 Idem
1927 2987 1964 3012 35,
1979 2987 1991 3012 5
2011 2978 2155 3005 obstabant
2169 2979 2259 3010 duces,
2282 2979 2360 3005 hasti-

1317 3016 1388 3042 libus
1412 3017 1545 3043 caedentes
1570 3022 1640 3050 tei‘ga
1662 3014 1869 3050 trepidantium,
1897 3021 1922 3041 ct
1941 3015 2028 3041 redire
2048 3015 2076 3040 in
2097 3015 2210 3041 Ordines
2230 3021 2360 3049 cogentes.

1316 3053 1387 3079 Pers.
1402 3053 1452 3079 Sat.
1466 3055 1490 3083 6,
1503 3060 1538 3086 79
1558 3052 1614 3078 Iam
1627 3051 1694 3078 mihi
1709 3058 1821 3085 quarto,
1858 3052 1912 3076 Iam
1927 3050 2011 3077 decies
2024 3050 2093 3077 redit
2106 3051 2133 3076 in
2148 3051 2265 3085 Rugain,
2285 3054 2301 3078 i.
2310 3054 2361 3077 iam

1317 3088 1532 3124 quadruplicatum
1547 3086 1579 3120 est
1591 3091 1769 3122 patrimonium
1784 3090 1833 3112 iam
1847 3086 2032 3121 decuplrcatum.
2125 3086 2192 3113 Plin.
2208 3095 2239 3119 11,
2251 3094 2286 3120 42
2312 3087 2360 3113 Ca-

1316 3126 1372 3150 seos
1386 3124 1474 3150 redire
1488 3124 1516 3150 in
1533 3123 1663 3149 musteum
1677 3123 1818 3157 Saporem,
1838 3128 1911 3148 aceto
1929 3128 1954 3148 et
1968 3121 2060 3153 thymo
2080 3130 2239 3155 maceratos,
2259 3128 2359 3148 certum

1316 3160 1360 3186 est.
1387 3161 1411 3187 h.
1425 3170 1444 3186 e.
1466 3161 1581 3194 Recipere
1590 3159 1703 3194 saporem
1717 3165 1834 3184 recentem
1847 3165 1871 3184 et
1884 3167 1978 3184 nouum.

1315 3196 1464 3230 primordia
1497 3194 1606 3221 redeunt
1646 3195 1749 3221 Lucret.
1764 3196 1790 3226 6,
1805 3198 1846 3227 87.
1950 3193 2006 3219 Cic.
2021 3191 2134 3228 Philipp.
2149 3202 2186 3225 12,
2199 3201 2216 3228 7
2230 3202 2250 3219 e.
2264 3201 2279 3219 2
2292 3200 2359 3219 extr.

1315 3231 1394 3264 Qiod
1410 3231 1427 3258 si
1441 3231 1476 3257 est
1489 3237 1604 3258 erratum
1641 3231 1667 3256 P.
1689 3231 1719 3256 C.
1744 3231 1786 3263 spe
1799 3229 1861 3254 falsa
1874 3234 1951 3262 atque
1966 3228 2068 3260 fallaci,
2087 3229 2223 3255 redeamus
2236 3229 2263 3254 in
2272 3228 2358 3254 viani:

1316 3267 1433 3301 optimus
1448 3267 1483 3293 est
1497 3273 1586 3300 portus
1605 3266 1771 3300 poenitenti,
1791 3264 1905 3290 mutatio
1918 3263 2029 3290 consilii.
2135 3265 2165 3290 In
2184 3264 2299 3298 Speciem
2314 3273 2358 3290 ve-

1315 3311 1370 3329 ram
1385 3302 1481 3335 rediit,
1503 3302 1662 3336 solitumque
1676 3302 1790 3328 nitorem
1811 3299 1892 3326 Ouid.
1908 3300 1971 3326 Met.
1987 3309 2015 3332 4,
2029 3308 2076 3331 231.
2109 3299 2137 3326 de
2159 3301 2289 3334 Apolline,
2312 3302 2358 3334 qui

1794 3337 1824 3362 In
1837 3336 1935 3362 Statum
1951 3337 2090 3370 antiquum
2105 3335 2190 3362 redire
2219 3335 2279 3361 Liu.
2293 3343 2316 3367 3,
2330 3343 2356 3367 9.

1316 3375 1347 3400 In
1362 3375 1438 3401 Viam
1460 3374 1526 3400 Ter.
1542 3373 1623 3400 Andr.
1640 3382 1657 3404 i,
1672 3381 1698 3405 2,
1713 3380 1750 3405 19.
1946 3369 1966 3408 ff
2006 3382 2025 3406 4
2061 3370 2157 3397 Redire
2169 3390 2178 3402 ,
2213 3372 2358 3403 Proucnire,

1312 3410 1420 3445 vndefit
1441 3410 1567 3441 Reditus,
1592 3410 1738 3435 prouentus.
1788 3407 1854 3433 Plin.
1870 3414 1910 3439 14,
1925 3414 1951 3439 4.
2041 3408 2125 3433 Varro
2139 3405 2171 3432 de
2186 3406 2215 3431 R.
2232 3407 2262 3432 R.
2277 3415 2301 3438 1,
2318 3414 2357 3439 44

1312 3447 1347 3472 Vt
1361 3455 1392 3472 ex
1406 3445 1499 3473 eodem
1517 3445 1615 3472 semine
1627 3443 1711 3470 aliubi
1726 3452 1784 3469 cum
1799 3442 1902 3468 decimo
1917 3442 2021 3477 redeat,
2039 3441 2122 3468 aliubi
2136 3450 2194 3467 cum
2215 3441 2354 3476 quintode.

1313 3482 1383 3508 cimo
1397 3493 1402 3508 :
1439 3488 1467 3507 vt
1481 3482 1508 3507 in
1523 3481 1664 3512 Hetruria,
1686 3485 1710 3505 et
1726 3479 1789 3505 locis
1804 3478 1906 3512 aliquot
1923 3478 1950 3504 in
1964 3480 2047 3505 Italia.
2101 3478 2131 3502 In
2143 3476 2298 3509 Sybaritano
2316 3477 2356 3503 di-

2036 3511 2113 3539 Nihil
2129 3513 2160 3539 ad
2172 3522 2214 3539 nie
2227 3513 2308 3540 rediit
2322 3521 2354 3539 ex

1311 3553 1352 3579 his
1371 3554 1426 3580 Cic.
1441 3553 1472 3578 de
1488 3553 1545 3579 Fin.
1561 3562 1586 3585 2,
1600 3557 1641 3587 78.
1661 3554 1679 3576 i.
1696 3550 1795 3576 Nullum
1810 3558 1839 3575 ex
1853 3550 1892 3575 his
1902 3551 2014 3585 percipio
2026 3548 2182 3574 commodum.
2277 3549 2355 3575 Pecu-

1311 3590 1354 3615 nia
1368 3588 1488 3623 publiea,
1512 3597 1579 3623 quae
1591 3597 1622 3615 ex
1637 3586 1748 3613 metallis
1761 3585 1864 3611 redibat
1885 3585 1951 3619 Nep.
1965 3593 1989 3615 2,
2002 3592 2027 3615 2,
2035 3591 2059 3610 2.
2153 3585 2189 3611 Ex
2205 3594 2256 3620 qua
2267 3584 2355 3618 regio-

1312 3633 1344 3650 ne
1370 3633 1401 3657 50
1423 3624 1447 3650 ei
1473 3624 1568 3650 talenta
1591 3621 1730 3658 quotannis
1753 3620 1874 3647 redibant
1904 3621 1974 3647 idem
1987 3627 2011 3649 2,
2025 3627 2062 3651 10,
2078 3627 2099 3650 3.
2295 3619 2316 3656 q
2340 3628 2362 3649 ς-

1312 3660 1439 3691 Reditur,
1466 3660 1637 3695 Impersonale.
1693 3657 1751 3683 Liu.
1764 3664 1787 3688 3,
1801 3666 1812 3689 5
1850 3657 1960 3683 Romam
1972 3654 2087 3681 reditum
2102 3653 2154 3687 est,
2173 3655 2300 3681 iustitium
2313 3664 2356 3682 re-

1591 3695 1646 3721 Cic.
1662 3692 1695 3719 de
1707 3692 1800 3726 Legib.
1816 3701 1837 3725 3,
1853 3698 1877 3722 18
1913 3691 1961 3718 Sed
1981 3691 2033 3715 iam
2047 3690 2064 3716 fi
2079 3690 2181 3725 placet,
2200 3691 2232 3717 de
2246 3691 2354 3726 prouin-

1311 3732 1359 3758 ciis
1372 3731 1535 3762 discedatur,
1553 3729 1581 3756 in
1595 3729 1741 3762 vrbeniqne
1760 3729 1890 3755 redeatur.

1347 3772 1496 3793 REDIEN
1507 3773 1536 3798 s,
1554 3765 1648 3792 euntis.
1668 3764 1760 3790 Partic.
1798 3761 1950 3796 [ἐπανήκων]
1992 3761 2040 3792 Vt,
2059 3762 2147 3788 Annus
2161 3761 2264 3789 rediens
2284 3763 2352 3789 Hor.

1312 3803 1400 3829 Carm.
1432 3810 1454 3833 3,
1480 3806 1501 3831 8,
1526 3809 1551 3833 9.
1661 3799 1749 3826 Lunae
1785 3798 1918 3826 redeuntis
1945 3805 2045 3823 cornua
2069 3797 2150 3825 Ouid.
2164 3799 2229 3825 Met.
2242 3807 2280 3831 10,
2293 3806 2353 3834 479.

1310 3839 1420 3871 Peregre
1433 3837 1537 3863 rediens
1562 3835 1629 3862 Ter.
1644 3834 1751 3862 Phorm.
1768 3844 1786 3866 1,
1800 3844 1820 3868 5,
1836 3843 1868 3866 13.

1345 3880 1364 3900 R
1374 3879 1391 3899 ε
1400 3878 1417 3897 1)
1428 3879 1435 3897 1
1447 3878 1467 3897 T
1478 3871 1497 3897 ῦ
1507 3877 1526 3897 R
1537 3876 1557 3897 v
1567 3877 1580 3896 s
1589 3890 1598 3902 ‚
1617 3878 1632 3895 a
1640 3889 1647 3900 ,
1665 3879 1717 3896 um.
1756 3870 1836 3898 Aliud
1847 3866 1941 3897 Partic.
1977 3865 2134 3901 [ἐπανήξων]
2168 3870 2225 3898 Cic,
2236 3871 2288 3898 Λςρ,
2299 3875 2351 3930 ,ἴὲ

2087 3158 2117 3183 111
2136 3157 2212 3184 Sedes
2239 3158 2359 3192 antiquas
2380 3160 2383 3164 '
2413 3192 2415 3199 .
