2434 4156
650 115 931 156 ROG

265 209 295 233 de
309 204 401 232 Diuin.
418 212 438 236 ι,
454 212 480 237 33
503 204 621 232 Comitia
634 204 793 232 Consulibus
807 201 929 236 rogandis
944 200 1046 228 habuit.
1099 197 1303 237 Liuiusoinfine

260 241 369 268 Factum
388 239 654 273 senatusconsultum,
676 248 702 266 vt
721 240 774 265 duo
795 239 867 264 viros
884 237 989 263 Aediles
1002 245 1033 262 ex
1047 235 1164 270 patribus
1179 233 1300 273 Difiator

259 275 387 310 populum
401 283 513 310 rogaret,
608 277 663 302 Cic.
681 276 711 300 dc
726 274 817 307 chib.
833 281 856 304 3,
865 281 892 298 ιο
912 272 1100 304 Tribunisque
1115 278 1180 303 quos
1193 270 1239 294 sibi
1249 269 1301 302 ple-

258 311 304 337 bes
318 310 430 345 rogassit,
445 311 483 337 ius
499 311 553 337 esto
572 320 630 337 cum
644 310 764 344 patribus
779 308 881 342 agendi.
923 308 1002 333 Verba
1010 308 1070 343 Jun!
1079 306 1135 331 XII
1147 305 1235 330 Tabul.
1249 305 1302 330 Ro-

260 345 339 380 gaffit‚
353 345 381 372 id
394 352 423 378 effi
439 347 573 372 Grec-uerit.
661 344 749 371 Eadem
757 344 883 379 sententia
905 341 1043 368 Prouincia
1057 341 1146 367 Pisoni
1160 347 1250 374 rogata
1265 339 1301 365 est

260 381 318 408 Cic.
332 391 378 416 pro
390 382 458 408 Sext.
472 390 544 414 c.24.
743 379 789 405 sed
810 376 829 415 fl
856 385 867 410 ς
905 379 1019 404 Militem
1036 378 1194 402 sacramento
1208 383 1302 409 rogare

262 418 323 444 Liu.
337 425 372 450 35,
387 426 410 445 2,
445 417 476 449 gl?
493 417 554 442 idem
569 415 643 451 sere,
663 414 726 450 quod
744 415 905 439 sacramento
925 413 1085 445 adstringere
1113 415 1151 437 vel
1173 411 1301 445 obligare.

264 455 355 488 Nempe
363 456 435 478 etiam
444 455 485 487 qui
495 452 582 477 iurare
592 452 630 476 uel
644 451 781 475 coniurare
790 451 877 483 potius
890 452 956 488 cogit
969 450 1059 474 milites
1067 447 1136 480 (vid.
1145 449 1303 477 C(›N1VRO)

260 488 301 514 ille
312 494 393 524 rogat,
403 488 517 513 velintne
531 485 599 520 apud
613 485 681 519 signa
696 485 909 514 manere,iniussu
920 485 1087 518 imperatoris
1100 492 1154 509 non
1169 481 1302 509 discedere

261 136 321 171 223

262 531 307 550 etc.
381 524 420 550 Sa<
436 524 493 549 Liu.
510 531 546 554 32,
561 524 591 547 26
612 522 679 547 Cum
695 520 813 554 quinque
828 519 918 559 legatis
933 519 1077 553 prosecius,
1089 519 1186 545 obuios
1194 520 1221 544 in
1234 517 1303 551 agris
1322 537 1350 555 ιο

1129 555 1223 581 Caesar
1238 553 1302 579 Bell.

1052 597 1117 623 quos
1131 599 1161 616 ex
1170 590 1304 623 Cisalpina

263 630 348 656 Gallia
364 629 485 656 Consulis
499 630 657 654 sacramento
670 627 818 660 rogauisl'et,
830 626 862 652 ad
876 625 945 660 signa
958 626 1113 658 conuenire,
1126 633 1150 652 et
1165 626 1197 652 ad
1211 627 1235 651 se
1244 633 1305 659 pro-

565 663 668 689 Videtur
676 664 722 698 leg.
732 662 830 688 Consul
847 662 877 693 is,
889 665 906 687 ι’.
920 670 979 696 quos
992 661 1041 693 ille,
1056 662 1192 697 Pompeius,
1204 660 1303 687 Consul

262 560 422 586 sacramento
442 564 562 591 rogatos,
581 565 653 582 arma
674 564 765 589 capere
785 562 810 580 et
826 556 898 589 sequi
911 555 1031 588 cogebat.

263 594 331 621 Gall.
346 600 368 623 (ι,
385 603 393 620 ι
416 594 455 619 Ab
469 595 515 619 Cn.
529 592 654 625 Pompeio
668 590 810 617 PKOCOS.
826 591 900 624 petit,
908 596 936 615 vt
972 604 1018 609 -

264 665 343 691 ficisci
358 665 469 691 iuberet.

263 711 316 727 cum
331 699 394 734 cffiw,
404 698 540 735 collegerat.

264 736 314 768 sul,
330 738 366 761 uel
380 735 420 761 1slo
434 734 549 769 impedito
560 739 604 759 aut
618 733 720 763 nolente,
735 735 838 760 Praetor
846 733 911 768 Jblet
925 743 932 757 :
956 742 1003 767 qua
1017 733 1045 758 de
1058 742 1085 759 re
1097 733 1225 758 audmmus
1235 731 1303 757 Geli.

264 782 291 805 4,
306 780 333 797 10
359 772 425 796 Ante
440 770 541 803 legem,
555 777 620 801 quae
632 777 701 794 nunc
713 768 745 795 de
759 769 853 794 Senatu
867 767 988 794 habendo
1000 768 1166 800 obseruator,
1181 768 1248 794 ordo
1262 776 1305 792 ro-

264 806 341 841 gandi
356 806 494 832 sententias
508 804 595 830 varius
609 804 670 830 fuit.
736 804 808 831 Alias
823 804 923 838 primus
938 803 1087 838 rogabatur,
1101 805 1148 838 qui
1161 812 1174 829 a
1190 804 1305 829 Censore

264 843 383 877 princeps
408 842 436 867 in
458 840 580 866 Senatum
600 839 681 866 lee‘ms
698 839 801 870 fuerat,
822 839 884 865 alias
904 840 950 873 qui
970 839 1094 873 designati
1113 839 1203 865 COSS.
1219 844 1305 864 eraut:

264 877 371 912 quidam
387 877 531 903 Consulum
543 875 627 901 studio
640 881 684 901 aut
695 874 880 901 necessitudine
893 875 981 909 aliqua
995 874 1110 904 adduffi,
1125 883 1203 908 quem
1223 874 1256 900 iis
1268 874 1307 899 vi·
1320 887 1355 906 20

265 914 320 939 sum
335 920 398 941 crat,
413 911 522 938 honoris
536 910 619 945 gratia
631 917 702 936 extra
716 910 838 937 ordinem
856 911 1012 937 sententiam
1031 911 1146 945 primum
1167 910 1304 943 rogabant.

262 949 438 974 Obseruatum
453 954 538 973 tamen
551 946 596 978 est,
611 954 693 979 quum
706 953 779 972 eittra
793 945 916 972 ordinem
929 945 1014 978 fieret,
1026 955 1057 971 ne
1071 946 1130 979 quis
1145 953 1305 978 quemquam

261 992 294 1009 ex
308 983 362 1009 alio
375 991 452 1016 quam
468 991 498 1008 ex
513 981 641 1007 consulari
654 981 713 1007 loco
727 982 879 1008 sententiam
894 982 1009 1015 primum
1017 987 1128 1015 rogaret.
1167 981 1196 1006 C.
1212 981 1307 1007 Caesar

262 1018 290 1045 in
305 1018 447 1047 consulatu,
464 1026 541 1050 quem
557 1025 614 1042 cum
624 1016 722 1043 Bibulo
735 1016 813 1051 gessit,
829 1024 942 1051 quatuor
956 1017 1022 1042 solos
1037 1023 1108 1043 extra
1121 1015 1242 1042 ordinem
1252 1017 1307 1041 sen-

262 1054 371 1079 tentiam
389 1053 487 1087 rogasse
506 1052 603 1078 dicitur
618 1063 624 1078 :
661 1061 692 1078 ex
715 1054 748 1079 iis
768 1059 882 1086 quatuor
896 1052 1042 1087 principem
1055 1053 1164 1086 rogabat
1180 1052 1216 1078 M.
1232 1052 1305 1078 Cras·
1325 1064 1354 1089 25
1372 1056 1418 1083 1113
1433 1057 1562 1091 dignitate
1576 1066 1718 1093 rogatores,
1732 1059 1897 1091 diribitores,
1910 1059 2080 1096 custodesque
2095 1062 2205 1088 vidistis.

262 1089 317 1114 sum
333 1099 340 1119 ;
377 1089 419 1114 sed
434 1088 571 1123 postquam
584 1087 668 1114 filiam
681 1089 729 1115 Cn.
744 1089 872 1123 Pompeio
886 1087 1067 1122 desponderat,
1081 1096 1197 1121 primuni
1212 1096 1304 1121 coepe-

260 1130 301 1151 rat
315 1125 467 1158 Pompeium
481 1132 574 1158 rogare
587 1130 631 1149 etc.
686 1124 748 1151 Sunt
760 1128 823 1150 enim
835 1131 858 1150 et
871 1126 922 1150 alia
936 1124 981 1155 ibi,
995 1133 1054 1160 quae
1065 1123 1099 1149 ad
1111 1123 1249 1158 sententiae
1266 1133 1305 1149 ro-

261 1160 356 1196 gandae
370 1164 489 1186 rationem
498 1162 636 1195 pertinent.
708 1160 782 1195 Conf.
795 1163 868 1185 etiam
883 1170 922 1193 14,
937 1169 960 1193 7.
1074 1160 1179 1185 Videtur
1194 1159 1306 1184 Ciceroni

253 1198 371 1231 proximo
386 1206 400 1221 a
414 1196 545 1231 Consulatu
554 1195 600 1230 suo
613 1204 677 1220 anno
689 1194 730 1222 bic
744 1193 786 1228 effi’
798 1195 873 1221 honos
886 1195 1000 1227 habitus,
1014 1201 1042 1220 vt
1055 1202 1154 1229 primus
1175 1202 1307 1230 rogaretur

253 1231 414 1267 fintentiam,
429 1231 509 1261 credo,
524 1231 551 1256 ob
564 1240 647 1256 recens
659 1234 772 1257 merirum
784 1230 905 1266 opprqfflu·
925 1233 1113 1257 coniuranonis.

260 1276 299 1296 no,
319 1270 361 1301 qui
379 1267 444 1293 hunc
456 1267 557 1301 stemus
576 1265 619 1297 est,
639 1266 688 1300 ips}
701 1266 734 1291 ad
749 1267 800 1292 Att.
813 1275 830 1295 ι,
848 1275 871 1298 ¹3
895 1267 1012 1293 Primum
1027 1274 1090 1300 ergo
1104 1266 1177 1295 scito,
1190 1268 1305 1300 prunum

260 1309 303 1327 me
320 1310 374 1326 non
388 1302 435 1326 esse
448 1307 570 1334 rogatum
584 1301 748 1333 sententiam,
763 1302 990 1336 praepositumque
1005 1302 1052 1327 esse
1067 1302 1145 1327 nobis
1158 1301 1304 1335 pacificato-

259 1345 316 1363 rem
330 1336 515 1369 Allobrogum,
530 1335 609 1368 idque
622 1336 838 1362 admurmurante
851 1338 1067 1373 (indignationem
1082 1339 1190 1372 aliquam
1204 1335 1230 1371 fi
1250 1336 1306 1371 nifi-

258 1373 351 1405 cante)
366 1373 464 1403 senatu,
478 1379 562 1404 neque
578 1379 619 1397 me
633 1371 731 1402 inuito,
745 1372 792 1396 esse
807 1372 916 1398 faelium.
971 1372 1032 1397 snm
1047 1374 1118 1398 enim
1133 1378 1158 1398 et
1170 1372 1203 1397 ab
1217 1381 1233 1397 o
1255 1373 1306 1397 ser-

737 695 757 734 ff
779 700 795 723 6
812 698 972 723 Sententiam
985 706 1089 731 rogare,
1103 701 1130 722 in
1136 702 1226 732 senata
1234 697 1304 722 Con·
1325 717 1350 739 ις

1750 115 1781 155 R
1869 119 2024 160 OG
2335 137 2394 177 224

1369 208 1446 237 gatur
1476 205 1510 232 ab
1532 206 1626 233 eodem
1653 206 1757 240 rogatio
1782 205 1814 231 de
1836 214 1895 232 mea
1915 208 2031 241 pernicie
2068 209 2126 237 Cic.
2144 218 2193 244 pro
2205 209 2273 236 Sext.
2288 217 2318 243 ις
2330 219 2350 238 e.
2363 221 2395 241 10.

1369 237 1390 276 fl
1410 248 1427 266 2
1462 241 1584 275 Rogatio,
1596 249 1641 276 pro
1655 243 1844 277 snpplicatione,
1858 248 1880 266 et
1889 249 1969 276 prece.
2005 245 2092 272 Valer.
2102 246 2171 272 Max.
2181 247 2267 278 6‚4‚4
2286 248 2313 271 de
2320 247 2396 276 Publio

1369 276 1481 308 Rutilio,
1500 279 1588 310 Quini
1608 278 1686 303 amici
1709 277 1844 303 cuiusdam
1865 277 1972 304 iniustae
1991 281 2126 315 rogationi
2144 281 2395 316 resisteret‚›atquei0

1368 311 1553 351 perhsurnmam
1566 312 1776 347 indignationem
1790 312 1907 343 dixisset,
1928 315 2001 348 Quid
2014 325 2088 351 ergo,
2101 316 2198 351 inquit,
2211 315 2279 342 mihi
2291 325 2352 350 opus
2364 319 2395 346 est

1371 352 1488 373 amicitia
1508 354 1566 379 tua,
1585 348 1602 374 si
1623 348 1694 382 quod
1708 357 1774 382 rogo
1784 368 1791 379 ,
1805 357 1858 374 non
1871 348 1934 374 facis
1949 351 1958 375 ’ἔ
1994 352 2143 386 respondit,
2160 353 2246 378 Immo
2260 351 2322 386 quid
2336 352 2396 382 mihi

1371 387 1425 414 tua,
1437 381 1455 408 fi
1469 390 1576 417 propter
1590 390 1616 410 te
1629 384 1730 419 aliquid
1746 383 1881 411 inhoneste
1895 384 2010 412 facturus
2030 389 2085 414 sum
2101 389 2110 414 Ξ
2225 388 2268 413 Sic
2287 386 2395 416 Alicuim
2413 382 2415 388 ¹

1370 418 1509 457 rogatione
1539 419 1655 453 aliquem
1685 419 1798 454 diligere
1846 420 1902 446 Cic.
1935 421 1987 454 Qu.
2006 423 2101 450 ‘Fratn
2134 431 2147 455 3
2161 443 2169 455 ,
2200 431 2218 449 ι.
2323 423 2397 458 Roga-

1369 457 1410 478 tio
1424 459 1449 479 et
1462 453 1523 480 huic
1538 454 1652 481 finitima
1674 456 1837 489 percontatio
1869 457 1925 483 Cic.
1944 455 1976 481 de
1991 456 2066 484 Orat:
2079 469 2100 491 3,
2108 466 2155 485 201
2169 467 2189 485 c.
2205 465 2241 491 53.
2333 458 2397 488 Idem
2411 466 2413 470 ’

1371 487 1424 513 Off.
1441 498 1548 529 3,·44'c..
1561 498 1588 516 ιο
1609 492 1698 524 ltaque
1713 492 1874 525 praeclarum
1889 501 1902 518 a
1915 491 2061 518 maioribus
2079 502 2180 520 morem
2201 492 2344 532 accepimus
2360 503 2397 523 ro.

1370 523 1567 563 gandriudicis‚
1583 526 1617 557 (si
1632 535 1692 553 eum
1705 530 1871 559 teneremus)
1886 535 1952 562 quae
1966 527 2034 556 salua
2046 527 2097 555 fide
2110 530 2195 556 facere
2209 527 2291 564 pollit.
2307 544 2309 547 .
2335 530 2397 558 Hace

1371 565 1476 598 rogatio
1497 559 1593 586 iudicis
1610 561 1643 588 ad
1663 571 1692 588 ea
1705 563 1828 597 pertinet,
1841 572 1909 598 quae
1924 563 2010 597 paullo
2018 569 2077 590 ante
2091 563 2157 597 dixi,
2170 564 2278 591 honeste
2294 564 2397 594 amico·

1369 595 1459 619 iudice
1466 596 1533 628 poffe
1541 597 1658 623 concedi.
1695 598 1848 631 Parenthcfis
1861 598 1903 624 illa
1915 602 2024 625 continet
2034 601 2155 634 querelam
2162 600 2191 627 de
2198 599 2306 626 moribus
2305 598 2398 636 ι[αεειϊι]

1369 639 1441 665 quam
1454 637 1549 657 tentare
1561 641 1609 657 non
1623 632 1721 659 debebat
1733 637 1775 661 vir
1794 635 1836 661 hic
1849 638 1924 660 nimis
1935 635 2009 661 bonus
2022 635 2150 662 Graeuius.

1410 671 1429 690 R
1440 672 1459 691 o
1470 670 1491 690 G
1501 673 1522 692 A
1533 673 1555 693 'r
1567 674 1606 693 ιν
1615 675 1635 693 N
1648 674 1665 695 c
1678 668 1698 694 ὔ
1707 676 1723 695 1.
1733 676 1764 702 Α,
1780 678 1818 696 ae.
1844 670 1865 696 f.
1887 670 1988 696 Dimin.
2025 668 2188 705 [δωμάτιον]
2225 670 2281 696 Cic.
2296 677 2342 704 pro
2354 670 2398 699 De·

1371 709 1456 740 nio—51
1470 709 1490 726 c.
1505 709 1539 741 30
1557 702 1602 728 Te
1615 712 1699 731 meam
1714 704 1823 731 domum
1835 707 2000 738 consecrasse,
2013 712 2038 732 te
2056 707 2248 732 monimentum
2263 704 2361 737 fecisse,
2373 705 2398 735 in
2410 720 2413 734 ι

1374 745 1441 762 meis
1456 735 1565 777 aedibus
1578 743 1603 764 te
1617 738 1716 773 signum
1732 739 1868 774 dedicasse,
1880 750 1963 776 eaque
1977 749 2003 769 te
2015 750 2046 768 ex
2060 750 2111 768 vna
2122 741 2305 777 rogatiuncula
2318 740 2399 770 feciffe.

1371 771 1446 807 Conf.
1460 771 1492 798 de
1505 772 1562 798 Fin.
1578 782 1596 804 1,
1609 782 1640 807 39
1653 784 1674 801 c.
1690 784 1720 802 ιι,

1409 814 1427 833 R
1438 813 1458 833 0
1467 814 1487 834 G
1497 809 1518 834 Ᾰ
1526 814 1547 833 Τ
1556 815 1575 835 O
1584 816 1613 841 R,
1625 811 1688 837 oris.
1715 820 1750 837 m.
1786 811 1926 848 [αἰτητῆρ]
1968 813 2012 846 Vt,
2031 812 2149 847 Rogator
2163 811 2349 845 comitiorum,
2365 815 2412 849 qud.

1372 852 1402 882 eq·
1413 843 1495 883 habet,
1503 846 1668 885 populumque
1680 854 1762 883 rogat.
1799 848 1854 874 Cic.
1869 849 1900 875 de
1915 849 2006 875 Diuin.
2021 857 2039 879 ι,
2052 857 2079 881 33
2099 848 2153 881 Qti
2168 846 2318 875 recentibus
2331 849 2416 890 comi-q

1372 884 1418 918 tiis
1432 887 1459 904 ιη
1472 880 1593 906 Senatum
1608 881 1753 908 introdutffi
1773 891 1934 917 negauerunt
1954 884 2050 910 iustum
2070 883 2244 910 comitiorum
2264 889 2415 917 rogatorum

1372 913 1456 940 fuisse.
1492 914 1539 942 Sed
1545 918 1617 941 etiam
1626 916 1769 951 Rogatores
1777 919 1822 951 illi,
1831 923 1873 954 qui
1879 923 1906 945 in
1913 924 2026 947 centuria
2032 921 2115 955 aliqua
2122 918 2402 955 rogabavztsuffragiffiet
2414 928 2415 931 ¹

1371 950 1550 976 renunciabant
1564 951 1730 988 magistratui
1742 957 1843 980 comitia
1856 955 1964 981 habenti.
2000 957 2037 982 De
2049 956 2089 982 his
2102 955 2159 983 Cic.
2173 954 2229 989 post
2243 954 2307 980 Red.
2322 954 2349 980 in
2355 955 2402 983 Sen-

1374 990 1404 1014 28
1418 994 1475 1027 “1¹¹
1493 996 1546 1012 cum
1559 986 1658 1020 diuidit
1671 988 1699 1014 de
1711 990 1813 1015 Lentulo
1825 990 1895 1017 Cos.
1904 1009 1912 1021 ‚
1930 993 1973 1025 qui
1985 995 2085 1017 comma
2094 1011 2102 1023 ,
2115 991 2201 1026 quibus
2214 996 2338 1017 reuocatus
2345 990 2402 1026 fuit,

1372 1021 1474 1054 habiat,
1487 1021 1577 1054 addit,
1594 1024 1707 1056 Quando
1725 1030 1823 1050 tantam
1843 1025 2018 1059 frequentiam
2044 1027 2072 1052 in
2095 1034 2195 1060 campo,
2230 1040 2275 1044 —
2311 1025 2403 1059 quando

2283 1062 2367 1088 Vtrum
2376 1062 2411 1088 'ue

1370 1102 1447 1128 genus
1460 1101 1608 1120 memoratur
1620 1095 1652 1121 de
1666 1095 1728 1121 Nat.
1744 1095 1824 1120 Deor.
1838 1103 1862 1127 2,
1876 1103 1897 1121 ιι
1915 1105 1962 1128 c.4
1981 1098 2061 1131 Atqui
2074 1104 2099 1123 et
2111 1098 2262 1124 nostrorum
2270 1068 2404 1131 Auguruqm.

1371 1135 1397 1155 et
1409 1129 1588 1168 Etruscorum,
1603 1136 1628 1156 et
1640 1130 1807 1163 haruspicum
1823 1130 1987 1164 disciplinam
2003 1133 2030 1158 P.
2042 1133 2164 1167 Scipione
2178 1132 2311 1166 C.Figulo
2325 1132 2404 1159 COSS.

1372 1173 1414 1203 res
1428 1165 1482 1198 ipsa
1497 1165 1630 1199 probauit.
1684 1166 1758 1198 Qos
1776 1175 1836 1192 cum
1852 1166 1902 1193 T1.
1915 1167 2048 1194 Gracchus
2061 1169 2148 1195 consul
2166 1170 2262 1194 iterum
2277 1175 2404 1201 recrearet,

1372 1208 1472 1233 primus
1495 1208 1649 1234 rogatorum
1671 1201 1726 1234 (al.
1745 1209 1869 1235 rogator,
1884 1203 1964 1229 eadem
1976 1204 2142 1238 Jl‘ntentia),
2167 1210 2195 1230 vt
2209 1213 2253 1230 eos
2272 1204 2405 1239 (Consules,

1169 1231 1215 1257 Sea
1228 1230 1256 1255 de
1263 1240 1307 1255 an-
1322 1246 1353 1270 30
1370 1235 1420 1267 line
1433 1235 1512 1265 dubio,
1527 1237 1596 1262 modo
1612 1235 1710 1271 diffsus)
1722 1238 1823 1270 retulit,
1835 1237 1935 1265 ibidem
1951 1239 1987 1266 est
2001 1246 2107 1274 repente
2121 1246 2249 1266 mortuus.
2286 1237 2410 1265 Gracchus.

1373 1280 1431 1297 cum
1454 1272 1563 1297 comitia
1586 1271 1673 1298 nihilo
1695 1272 1775 1298 secius
1791 1274 1934 1308 peregisset,
1947 1283 2057 1310 remque
2072 1275 2144 1302 illam
2159 1275 2186 1302 in
2199 1274 2356 1308 religionem
2368 1282 2405 1308 po·

1372 1307 1436 1340 pulo
1449 1307 1545 1333 venisse
1560 1308 1678 1340 sentiret,
1692 1307 1723 1334 ad
1738 1309 1853 1335 senatum
1866 1310 1967 1337 retulit.
2003 1311 2120 1344 Senatus,
2133 1320 2199 1346 quos
2212 1311 2243 1337 ad
2257 1311 2361 1342 soleret,
2375 1317 2407 1336 re·

1371 1342 1509 1381 serendum
1524 1343 1632 1369 censuit.
1708 1344 1864 1378 Haruspices
1884 1346 2031 1371 introducti
2050 1347 2254 1380 responderunt,
2274 1355 2328 1372 non
2341 1345 2409 1372 fuisse

1372 1377 1467 1403 iustum
1483 1378 1656 1404 comitiorum
1671 1386 1832 1412 rogatorem.
1903 1380 1980 1406 Tum
1995 1380 2124 1406 Gracchus
2137 1381 2254 1407 incensus
2269 1382 2325 1413 ira,
2344 1382 2408 1407 Itane

258 1407 345 1433 vando
366 1407 489 1442 (propter
501 1409 573 1432 tatem
585 1406 720 1440 h⁰7²⁰’'t‘m)
742 1405 851 1432 homine
868 1407 992 1440 peruerso
1013 1407 1122 1441 (Pljf'ffl'
1136 1407 1256 1441 C⁰²¹s¹⁴l2)
1276 1407 1307 1432 li·
1324 1424 1351 1449 35
1372 1422 1438 1439 vero
1454 1415 1462 1439 3
1498 1423 1547 1447 ego
1568 1423 1621 1439 non
1641 1414 1739 1446 insius,
1753 1416 1799 1448 qni
1820 1421 1846 1441 et
1861 1415 1949 1441 consul
1963 1415 2074 1449 rogaui,
2088 1423 2112 1442 et
2124 1424 2216 1450 augur,
2230 1423 2255 1442 et
2271 1417 2407 1450 auspicato!

259 1442 318 1475 ber,
332 1450 357 1469 et
371 1442 407 1469 ad
416 1443 570 1476 dignitatem
583 1443 610 1467 in
625 1442 689 1476 ch.
704 1441 869 1468 retinendam
883 1447 973 1467 contra
988 1440 1061 1466 illius
1083 1441 1247 1467 voluntatem
1268 1442 1306 1467 so-

258 1478 328 1505 lutus
344 1489 349 1504 :
386 1484 412 1505 et
426 1478 472 1504 ille
486 1478 609 1504 secundus
625 1478 713 1512 (quem
727 1477 765 1503 th
780 1478 899 1503 tributum
914 1484 1003 1507 tamen,
1016 1478 1074 1503 hinc
1084 1476 1258 1512 intelligitur)
1278 1477 1306 1502 in

258 1514 450 1541 dicendolocus
460 1513 537 1540 habet
547 1513 731 1539 auctoritatem
742 1522 822 1547 paene
835 1528 880 1532 —
895 1513 1031 1546 principis,
1040 1518 1065 1538 et
1077 1512 1241 1538 voluntatem
1251 1520 1305 1537 non

259 1550 340 1576 nimis
354 1549 504 1576 deuin&am
519 1548 647 1575 beneficio
660 1549 781 1575 consulis.
835 1548 949 1574 Tertius
963 1548 998 1574 esi
1015 1547 1140 1579 Catulus,
1157 1553 1273 1580 quartus,
1288 1547 1305 1572 si

258 1586 338 1612 etiam
354 1585 403 1611 hoc
417 1586 531 1619 quaeris,
546 1584 707 1611 Hortensius.

258 1630 366 1647 seronem
380 1621 491 1656 Consules
498 1622 617 1656 juerant.
722 1619 853 1653 anffll.
868 1622 960 1652 6,3,97
982 1619 1078 1645 Cicero
1115 1633 1160 1638 ——
1196 1618 1224 1643 in
1233 1626 1306 1650 eum,

258 1657 313 1691 qui,
329 1665 386 1682 cum
407 1664 482 1683 antea
502 1655 659 1682 stultissimus
680 1656 740 1682 esset
764 1655 879 1687 habitus,
903 1654 958 1688 posi
978 1660 1109 1688 acceptam
1132 1653 1306 1680 hereditatem

257 1692 359 1726 primus
378 1691 531 1718 sententiam
546 1691 697 1724 rogabatur,
710 1691 800 1724 (dixit
813 1691 895 1716 verbis
909 1693 964 1715 noti
982 1696 1033 1715 tum
1052 1689 1166 1723 versiculi
1186 1698 1215 1715 ex
1231 1696 1308 1724 parte

257 1727 383 1760 mutatis)
404 1727 486 1753 Cuius
499 1727 623 1752 hereditas
638 1726 688 1756 est,
709 1735 788 1759 quam
802 1733 895 1752 vocant
911 1725 1065 1759 sapientiam
1081 1735 1088 1755 ;
1125 1734 1173 1759 pro
1187 1724 1307 1759 illo,ja-

258 1765 337 1789 cultas
355 1762 399 1788 est.

258 1797 321 1824 illud
334 1800 406 1824 uaria
418 1801 516 1824 ratione
527 1797 637 1824 iudicari
644 1804 746 1833 poterat
759 1808 766 1822 :
802 1800 846 1832 qui
855 1801 929 1831 prior
943 1799 1105 1822 renunciatus
1118 1794 1183 1829 elfit,
1202 1799 1245 1829 qui
1265 1796 1307 1821 dio

257 1834 296 1859 dis
305 1833 390 1869 fasces
405 1834 512 1865 haberet,
524 1840 666 1868 comparare
678 1834 745 1859 inter
751 1832 781 1868 fi
789 1839 932 1868 potuerunt,
945 1838 991 1858 etc.
1189 1828 1209 1867 q
1225 1839 1241 1864 7
1264 1831 1307 1856 Pe-

257 1870 349 1896 ausim
362 1867 393 1900 eli
408 1869 465 1895 Cic.
479 1877 526 1903 pro
540 1869 633 1895 Flacco
640 1877 668 1899 30
681 1877 702 1895 c.
712 1877 736 1900 ¹3
754 1869 812 1895 Nos
827 1867 869 1894 hic
883 1868 910 1894 in
925 1875 997 1894 mare
1010 1866 1135 1900 superum
1149 1871 1176 1892 et
1189 1866 1307 1892 inferum

258 1903 405 1930 sestertium
419 1911 459 1931 ter
470 1911 495 1931 et
510 1904 662 1938 quadragies
677 1904 841 1938 rogabamus.
914 1900 989 1929 ReHe
1008 1905 1035 1927 in
1051 1902 1121 1927 Claui
1136 1900 1250 1934 Ernglus
1262 1908 1307 1928 aut

259 1942 416 1973 rogabamus
428 1940 612 1975 intelligendum
628 1939 695 1964 uidit
708 1940 897 1973 erogabamus,
911 1945 954 1965 aut
960 1937 999 1971 fic
1011 1937 1137 1972 legendum
1152 1941 1234 1963 ctiam.

296 1980 471 2006 ROGANS,
496 1975 571 2001 antis.
593 1974 685 2000 Partic.
723 1972 868 2008 [δεόμενος]
909 1975 958 2004 Vt,
976 1974 1086 1998 Veniam
1113 1972 1175 1998 dare
1200 1972 1307 2007 roganti

258 2009 340 2037 Ouid.
356 2011 420 2035 Met.
434 2013 460 2041 6,
468 2018 504 2041 33.
600 2010 690 2035 Animi
704 2009 764 2035 ἧξὶει
777 2010 907 2044 grauitate
918 2014 1040 2042 rogantes
1061 2007 1206 2034 Idemibid.
1216 2013 1306 2042 7‚308.

259 2046 353 2072 Facilis
368 2044 523 2079 rogantibus
542 2043 624 2069 Ouid.
632 2045 723 2069 Amor.
739 2053 761 2076 2,
769 2053 791 2076 3,
804 2053 825 2077 5.
942 2045 1028 2070 Partes
1043 2044 1161 2078 rogantis
1175 2052 1253 2077 agere
1267 2044 1306 2069 Id.

258 2081 322 2108 Fast.
338 2083 364 2112 6,
377 2089 421 2115 70.
510 2078 596 2105 Verba
612 2079 733 2113 rogantia
751 2080 832 2107 Ouid.
847 2078 926 2112 Epist.
940 2088 980 2110 20,
993 2087 1032 2112 93.
1126 2080 1199 2106 Voce
1214 2088 1307 2114 rogan-

259 2123 284 2144 te
297 2116 413 2143 fleffltur
425 2115 508 2142 iratus
522 2115 586 2141 deus
609 2114 682 2141 Idem
697 2115 729 2140 de
743 2115 807 2141 Arte
822 2115 879 2140 Am.
896 2122 915 2145 ι,
928 2123 991 2146 442.

296 2158 317 2178 R
328 2158 346 2177 o
358 2158 378 2178 G
387 2159 409 2178 A
421 2158 439 2176 Ν
452 2158 471 2177 n
480 2157 533 2182 vs,
557 2159 581 2182 a,
605 2159 658 2176 um.
695 2151 786 2177 Partic.
825 2147 954 2183 [δεητέος]

258 2188 339 2215 Tunc
352 2194 460 2222 quoque
474 2185 588 2211 sollicita
602 2192 689 2211 mente
704 2185 833 2219 rogandus
847 2185 906 2211 erit.
1023 2184 1079 2210 Cic.
1094 2185 1126 2209 de
1141 2184 1230 2210 Diuin.
1248 2192 1267 2215 i,
1280 2192 1307 2215 53

259 2223 315 2256 Qui
341 2232 423 2257 quum
447 2220 644 2248 tabernaculum
668 2221 736 2246 vitio
756 2221 859 2254 cepisset
878 2219 1128 2253 imprudens,quod
1144 2219 1308 2253 inauspicato

259 2259 410 2293 pomacium
440 2257 606 2291 transgressus
636 2257 712 2289 esset,
741 2256 848 2281 comitia
873 2254 1033 2281 Consulibus
1057 2254 1181 2287 rogandis
1206 2254 1308 2280 habuit.

260 2295 322 2320 Liu.
338 2300 372 2324 38,
387 2302 419 2326 42
439 2293 558 2319 Comitia
570 2291 721 2318 consulibus
733 2291 856 2325 rogandis
869 2291 976 2316 fuerunt
990 2288 1021 2314 ad
1042 2289 1091 2315 XII
1107 2289 1206 2314 Calend
1230 2290 1309 2314 Mart.
1323 2294 1359 2318 60

261 2329 357 2357 Creati‘
370 2327 497 2355 Consules
519 2328 556 2353 Μ.
585 2328 717 2353 Aemilius
734 2326 866 2361 Lepidus,
894 2325 924 2352 C.
951 2323 1110 2351 FlaminiuS.
1135 2327 1152 2350 i.
1179 2323 1309 2350 Creandis.

264 2365 322 2393 Vid.
345 2370 438 2391 ROGo
458 2372 483 2389 n.
496 2371 518 2395 3.

299 2408 316 2427 ιι
327 2407 345 2427 0
354 2406 374 2426 G
384 2401 401 2426 Ᾰ
413 2406 434 2426 Τ
445 2406 465 2424 ν
475 2406 500 2431 s,
513 2407 537 2431 a,
549 2406 604 2424 um.
625 2396 718 2424 Partic.
755 2395 910 2431 [ἐρωτηθεὶς]
952 2396 994 2426 Vt,
1004 2395 1059 2421 Cic.
1067 2394 1100 2421 de
1107 2393 1191 2420 Amic.
1199 2401 1274 2426 2‚9c.
1285 2401 1308 2419 ιι

262 2438 354 2471 Aeque
369 2436 441 2462 nefas
454 2434 482 2461 sit
495 2434 546 2461 tale
559 2433 661 2468 aliquid
676 2433 761 2459 facere
775 2438 909 2466 rogatum,
921 2435 946 2456 et
960 2438 1064 2464 rogare.
1135 2430 1175 2456 Sic
1195 2429 1310 2462 Rogatus

263 2472 418 2499 sententiam
433 2471 461 2497 in
474 2469 618 2499 Consulatu
637 2469 703 2495 Plin.
717 2476 744 2503 7,
759 2473 801 2501 48.
1134 2500 1138 2503 -
1234 2498 1239 2503 .

263 2508 322 2535 filio
334 2508 412 2534 etiam
426 2505 590 2540 aequissimus
606 2505 692 2535 iudex,
705 2504 759 2538 ipse
772 2505 869 2529 Verres
884 2513 890 2528 :
924 2507 998 2527 erant
1019 2499 1141 2526 nonnulli
1155 2505 1241 2540 rogati
1256 2507 1310 2539 cre-

263 2543 363 2570 ditores
378 2543 547 2572 Graecorum,
560 2541 655 2574 quibus
670 2540 701 2567 ad
720 2538 859 2574 exigendas
880 2537 1001 2572 pecunias
1021 2535 1206 2570 improbisluni
1226 2542 1311 2560 cuius-

265 2587 316 2614 que
329 2578 406 2612 legati
420 2577 565 2611 plurimum
575 2577 677 2611 prodest
685 2576 778 2610 gratia.
814 2573 986 2600 Emendatiora
998 2573 1146 2607 exemplaria
1160 2572 1244 2607 legunt
1252 2570 1312 2596 To-

266 2614 329 2649 gati.
402 2614 483 2647 Leges
499 2618 600 2647 rogatas
615 2620 738 2646 rumpere
764 2610 846 2637 Plaut.
859 2610 937 2636 Curc.
953 2618 981 2641 4,
998 2617 1020 2641 2,
1034 2616 1079 2640 24.
1151 2606 1226 2642 Cous.
1241 2605 1310 2632 Gell.

266 2659 303 2681 10,
318 2658 359 2676 20.
456 2649 558 2675 Puellae
572 2648 684 2682 gaudent
697 2647 744 2673 esse
757 2652 862 2680 rogatae
882 2644 963 2671 Ouid.
980 2644 1011 2670 de
1020 2645 1082 2670 Arte
1092 2643 1150 2669 Am.
1161 2651 1180 2674 1,
1193 2650 1249 2674 343.

305 2691 322 2711 R
334 2691 382 2711 OG
393 2686 441 2711 ᾸΤ
452 2691 472 2709 ν
484 2691 505 2715 s,
520 2683 558 2710 ιἰε.
579 2693 612 2710 ιιι.
648 2683 780 2716 [α’ξίωσις]
816 2682 872 2708 Cic.
886 2681 918 2707 de
933 2680 994 2706 Nat.
1008 2680 1089 2706 Deor.
1108 2687 1128 2710 1,
1143 2687 1166 2707 15
1179 2687 1200 2704 c.
1210 2685 1225 2712 7
1240 2677 1311 2703 Nam

266 2730 349 2754 quum
364 2720 440 2746 feriis
456 2720 556 2746 Latinis
569 2719 600 2746 ad
614 2728 675 2745 eum
690 2718 767 2753 ipsius
779 2724 872 2752 rogatu
885 2715 1063 2750 accersituque
1077 2714 1200 2740 venissem
1210 2733 1218 2746 ,
1231 2713 1312 2739 offen-

265 2756 294 2783 di
307 2765 367 2782 eum
388 2756 518 2783 sedentem
532 2756 559 2782 in
575 2755 698 2781 exhedra.
806 2751 962 2787 Impetrauit
975 2758 1068 2786 rogatu
1081 2758 1141 2776 meo
1168 2749 1224 2776 Cic.
1240 2749 1313 2775 Fam.

267 2801 300 2824 ¹3»
313 2795 343 2824 36
358 2795 408 2826 (37
418 2794 437 2821 ).
555 2792 620 2818 Non
649 2789 808 2825 respondere
829 2789 860 2815 ad
881 2794 1013 2822 rogatum,
1033 2787 1076 2813 Ad
1093 2789 1312 2821 interrogationem

265 2828 321 2854 Cic.
338 2836 385 2861 pro
400 2827 466 2853 Flac.
483 2835 511 2853 io
525 2836 547 2853 c.
560 2836 587 2861 4.

265 2864 328 2891 Nat.
341 2864 421 2890 Deor.
436 2872 458 2895 2,
474 2871 505 2895 ις.

302 2905 320 2925 ιι
330 2906 348 2923 ι)
358 2905 380 2924 G
392 2905 410 2924 A
425 2904 447 2924 ‘r
460 2905 506 2930 10,
519 2897 588 2923 onis.
607 2896 627 2923 f.
665 2896 677 2930 [
685 2894 769 2928 δέησις,
783 2892 872 2928 δέημα,
884 2892 1006 2927 aivaldu]
1043 2894 1222 2928 Interrogatio.
1259 2892 1312 2918 Ro-

265 2934 380 2968 gationis
393 2937 466 2960 etiam
478 2936 573 2959 nomine
588 2935 728 2958 concinetur
742 2933 800 2962 Lex,
808 2931 975 2967 plebiscitum,
980 2931 1141 2965 prmilegmm
1155 2932 1182 2953 in
1197 2935 1313 2964 quantum

265 2975 393 3004 rogantur
406 2972 433 2995 in
447 2969 577 3001 comitiis,
596 2968 648 2994 vid.
667 2972 762 2994 RoGo
779 2975 834 2999 n.3.
919 2966 988 2991 Suet.
1001 2966 1073 2991 Caes.
1083 2974 1103 2991 c.
1113 2972 1126 2997 ς
1146 2965 1270 2990 Reditum
1285 2963 1313 2989 in

266 3005 403 3031 ciuitatem
417 3005 556 3038 rogatione
570 3003 654 3030 Plotia
674 3002 797 3029 confecit.
833 3005 850 3027 i.
866 3003 929 3038 Lege
943 3011 957 3027 a
970 3002 1051 3027 Plotio
1063 3002 1124 3027 lata.

265 3044 301 3066 tis
315 3048 438 3070 accurate,
452 3047 516 3067 certe
527 3047 627 3075 praeter
640 3038 836 3075 consuetudinem
849 3039 963 3064 atrorum.
1031 3036 1119 3062 Festus
1128 3056 1136 3068 ,
1158 3035 1271 3070 Rogatio
1285 3043 1314 3060 ea

266 3076 464 3110 dicitur‚quun1
480 3076 591 3110 populus
603 3075 750 3101 consulitur
762 3074 794 3100 de
808 3083 869 3105 νηο,
877 3073 1030 3107 pluribusne
1045 3072 1217 3103 hominibus,
1239 3070 1311 3105 quod

267 3121 320 3138 non
334 3112 367 3138 ad
379 3120 470 3138 onmes
485 3111 615 3145 pertineat
629 3121 634 3137 :
668 3117 693 3136 et
706 3110 738 3136 de
753 3118 803 3135 vna
819 3109 971 3143 pluribusue
986 3108 1073 3140 rebus,
1087 3108 1119 3134 de
1138 3107 1236 3142 quibus
1257 3115 1311 3132 non

267 3147 392 3174 omnibus
406 3147 545 3173 sanciatur.

268 3184 316 3215 vit,
331 3183 371 3209 lex
386 3181 540 3216 appellatur.

268 3226 327 3244 nem
342 3218 392 3245 hoc
406 3217 523 3249 interest,
537 3217 643 3251 rogatio
655 3217 689 3242 est
702 3225 782 3251 genus
797 3216 860 3250 legis
875 3227 880 3242 z
917 3224 983 3250 quae
997 3217 1037 3241 lex
1056 3224 1110 3240 non
1126 3213 1254 3240 continuo
1266 3213 1312 3246 est,

268 3262 298 3279 ea
312 3254 415 3288 rogatio
429 3253 463 3280 est
479 3264 484 3279 :
519 3261 572 3279 non
587 3252 670 3286 potest
683 3261 736 3278 non
751 3253 799 3277 esse
812 3251 864 3283 lex,
879 3251 896 3277 si
911 3252 991 3277 modo
1006 3250 1080 3276 iustis
1095 3250 1211 3276 comitiis
1223 3255 1313 3283 rogata

270 3289 313 3314 est.
352 3290 421 3316 Haec
443 3288 540 3315 Festus.
577 3289 667 3323 Qualis
691 3287 761 3314 hodie
784 3286 826 3319 gli.
866 3288 1038 3313 Emendataeora
1048 3286 1112 3321 fimt
1130 3285 1197 3311 Geli.
1220 3294 1257 3317 ιο,
1271 3293 1313 3310 20.

270 3323 328 3349 Cum
343 3324 440 3357 disistit
453 3324 482 3350 de
495 3325 563 3359 Lege
577 3331 599 3349 e!
613 3323 761 3353 Plebiscit0,
774 3322 855 3353 addit,
870 3322 917 3348 Sed
931 3323 1012 3349 totius
1028 3322 1103 3347 huius
1120 3323 1158 3347 rei
1193 3336 1237 3340 —-
1273 3329 1312 3345 ca-

582 3147 651 3173 Nam
668 3145 738 3180 quod
754 3146 781 3171 in
795 3154 886 3171 omnes
900 3144 1019 3171 homines
1039 3153 1115 3170 resne
1135 3143 1246 3177 populus
1266 3142 1312 3168 sci-

270 3365 315 3393 put
330 3359 412 3392 ipsum
426 3366 451 3386 ct
465 3360 553 3394 origo,
562 3365 587 3385 et
596 3359 666 3399 quasi
682 3359 751 3391 fons,
759 3359 862 3392 rogatio
871 3358 915 3384 esi.
952 3358 999 3383 Ista
1007 3358 1076 3383 enim
1085 3357 1175 3383 onmia
1185 3356 1312 3382 vocabula
1323 3366 1358 3390 90

270 3395 407 3420 censentur
415 3396 559 3428 rogationis
573 3395 815 3429 principaligenere
822 3400 846 3419 et
854 3393 963 3420 nomine
973 3393 1203 3427 continenturque.
1241 3392 1311 3418 Nam

270 3429 318 3455 nifi
340 3429 448 3463 populus
466 3437 509 3456 aut
530 3431 617 3464 plebes
635 3437 754 3465 rogetur,
766 3429 870 3455 nullum
884 3429 967 3463 plebis
979 3436 1023 3455 aut
1039 3428 1130 3462 populi
1146 3429 1237 3454 iussum
1252 3427 1311 3454 fieri

270 3465 353 3500 potest
368 3473 412 3490 etc.
451 3466 476 3491 Si
489 3467 550 3500 quui
561 3476 618 3503 crgo
634 3466 783 3502 distinguere
795 3467 886 3501 placet,
899 3464 931 3496 est
945 3464 1014 3496 illud,
1027 3464 1090 3498 quod
1103 3463 1202 3490 videtur
1215 3462 1313 3496 uolusſje

270 3503 357 3528 Aelius
371 3499 464 3531 Gallus,
472 3502 535 3535 quod
546 3502 658 3536 Rogatio
672 3509 774 3528 vocatur
788 3503 869 3532 etiam,
883 3508 940 3526 ante
953 3509 1024 3536 quarn
1037 3503 1174 3535 accipiatur
1188 3510 1202 3525 a
1212 3501 1313 3535 popula,

270 3546 316 3572 quo
324 3534 410 3572 sabla,
424 3536 478 3562 Lex
486 3535 530 3570 fit.
566 3537 612 3563 Sed
624 3547 697 3573 neque
710 3538 755 3564 boc
783 3544 882 3563 eruatur
897 3536 928 3562 ab
939 3539 1050 3570 antiquis
1069 3536 1208 3570 discrimen.

272 3573 303 3598 de
319 3571 405 3598 lv‘iuib.
414 3581 440 3605 4,
449 3579 483 3605 77
503 3571 533 3597 Et
547 3572 635 3598 eadem
652 3573 757 3599 imbecil
770 3573 833 3599 itate
845 3577 871 3598 ct
884 3572 1025 3598 constantia
1033 3571 1060 3597 L.
1069 3570 1212 3597 Tubulum
1226 3571 1310 3603 suisl‘e,

273 3616 323 3641 qua
345 3607 436 3639 illum,
457 3606 531 3633 cuius
544 3607 729 3635 condemnatus
741 3609 777 3634 est
795 3607 944 3642 rogatione,
958 3608 983 3634 P.
999 3607 1159 3633 Scaeuolam.
1253 3607 1308 3633 Cic.

272 3642 299 3668 in
312 3644 383 3669 Brut.
399 3648 431 3675 89
446 3638 477 3669 de
490 3643 520 3668 C·
534 3641 615 3668 Galba
632 3653 636 3667 :
673 3644 820 3678 Rogatione
834 3643 957 3674 Manilia,
978 3642 1149 3676 Iugurthinae
1167 3642 1310 3668 coniurati-

271 3678 330 3703 onis
359 3678 471 3710 inuidia,
483 3678 614 3711 oppressus
636 3678 680 3704 est.
785 3678 867 3705 Paullo
877 3678 946 3714 poll,
969 3679 1102 3705 Inuidiosa
1123 3678 1180 3711 lege
1199 3678 1309 3704 Manilia

271 3713 421 3746 quaestione
437 3714 467 3740 C.
481 3712 590 3739 Galbam
605 3713 749 3740 Gracchani
763 3714 864 3740 iudices
877 3714 1041 3741 sustulerunt.

271 3754 295 3773 et
309 3748 443 3781 plebiscita
462 3747 593 3783 Qina‘tu.
610 3757 631 3780 ο,
646 3756 684 3781 ¹4-
787 3751 842 3777 Cic.
859 3751 975 3784 Att.1,i4
993 3751 1027 3776 Vt
1042 3749 1168 3776 Consules
1181 3750 1308 3784 populum

272 3782 474 3811 cohortarentur
493 3783 524 3810 ad
537 3784 702 3818 rogationem
716 3785 911 3818 accipiendam,
929 3786 982 3812 vid.
996 3791 1134 3813 ACCIP10.
1228 3786 1308 3812 Ferre

270 3818 437 3852 rogationem
453 3820 484 3846 ad
500 3820 626 3853 populum
646 3819 719 3845 Caes.
733 3820 797 3846 Bell.
812 3821 894 3847 Ciuil.
909 3830 930 3853 3,
945 3830 964 3849 ι.
1072 3821 1128 3847 cic.
1150 3822 1202 3853 Q.
1222 3822 1307 3849 Fratr.

270 3862 291 3883 2,
307 3863 317 3878 2
337 3854 384 3879 Sed
399 3861 484 3880 tamen
499 3856 614 3889 suspicor
633 3863 678 3889 per
698 3855 752 3880 vim
775 3857 939 3889 rogationem
964 3856 1108 3884 Caninium
1131 3857 1304 3891 perlaturum.

269 3888 448 3916 Tribuniciae
460 3891 610 3924 rogationes
635 3891 690 3917 Cic.
705 3889 761 3924 post
773 3890 838 3917 Red.
850 3891 881 3918 ad
894 3892 971 3926 Qir.
987 3901 1015 3919 10
1030 3900 1051 3918 c.
1065 3901 1092 3925 4.

779 1585 810 1610 Et
832 1584 933 1610 Catulus
942 1591 965 1609 et
980 1582 1124 1616 Hortenstus
1139 1582 1182 1609 diu
1194 1589 1252 1608 ante
1267 1583 1306 1608 Ci-
1326 1594 1363 1618 40
1373 1591 1410 1613 rei
1430 1596 1669 1621 commemoranone,
1691 1590 1725 1615 At
1746 1589 1894 1625 haruspices
1913 1592 2000 1619 diuini
2015 1603 2020 1619 :

989 2147 1071 2175 Ouid.
1086 2148 1172 2174 Trist.
1192 2158 1215 2181 3,
1229 2155 1253 2181 8,
1272 2158 1306 2175 20
1322 2134 1335 2160 ⁵

1323 2656 1359 2685 70
1378 2646 1458 2673 nobis
1472 2647 1615 2674 Aeschinus
1629 2649 1684 2682 siet,
1700 2649 1764 2685 quid
1778 2649 1858 2676 tristis
1872 2659 1921 2685 ego
1939 2650 1985 2676 sim
2000 2652 2009 2677 3

681 2826 780 2853 Venire
792 2824 824 2852 ad
839 2824 956 2858 aliquem
976 2822 1054 2857 ipsius
1074 2829 1167 2857 rogatu
1209 2820 1265 2847 Cic.
1280 2819 1312 2846 de
1327 2829 1359 2857 73

609 3183 701 3216 Itaque
715 3180 804 3207 Gallus
820 3181 910 3207 Aelius
923 3180 1049 3210 ait‚1nter
1063 3179 1148 3213 legem
1162 3185 1187 3204 et
1197 3178 1313 3213 rogatio·
1330 3183 1358 3211 85

1255 3535 1311 3561 Cic.
1325 3543 1356 3568 95

1187 3892 1305 3920 Promul-
1320 3903 1365 3930 ¹05

1373 1455 1417 1473 etc.
1425 1446 1482 1482 post
1495 1452 1558 1474 enim
1571 1456 1671 1481 narrar,
1684 1458 1713 1475 vt
1720 1450 1871 1485 sententiam
1883 1454 1989 1477 mutarit
2003 1451 2138 1479 Gracchus.

1373 1489 1448 1516 gator
1461 1482 1494 1514 est
1508 1483 1550 1509 hic
1563 1484 1613 1517 ipse
1626 1485 1718 1519 consul,
1730 1489 1772 1519 qui
1785 1486 1854 1512 habet
1867 1490 1977 1513 comitia.

1372 1517 1682 1557 centuriarmnjiffragta
1699 1526 1792 1552 rogant
1807 1528 1830 1547 et
1843 1521 1966 1557 referunt.

2176 1452 2230 1477 Hoc
2241 1459 2346 1485 maneat,
2364 1452 2407 1479 Ro-

2031 1487 2093 1514 Sunt
2111 1493 2135 1513 et
2154 1492 2288 1521 rogatoret
2302 1488 2360 1520 alii,
2372 1491 2407 1523 qui

1413 1555 1417 1559 ¹
1721 1555 1729 1557 s
2008 1523 2194 1549 Dubitationem
2207 1531 2297 1548 omnem
2311 1522 2406 1558 duplicis

1373 1551 1653 1589 huiusfig›11'j11.ationis
1666 1557 1752 1579 eximie
1765 1556 1819 1590 ipse
1829 1556 1884 1582 Cic.
1899 1557 1929 1583 de
1943 1557 2035 1583 Diuin.
2048 1566 2073 1588 2,
2087 1565 2124 1592 74
2132 1558 2173 1594 sq.
2188 1567 2210 1584 c.
2224 1565 2252 1590 35
2274 1560 2300 1584 in
2311 1558 2401 1585 eiusdem

1719 1625 1723 1629 ι
1821 1627 1825 1630 .
1993 1593 1998 1597 “
2057 1602 2122 1627 quos
2141 1602 2201 1620 cum
2221 1593 2272 1619 Ti.
2284 1592 2400 1620 Gracchu-

1373 1629 1481 1663 propter
1496 1630 1609 1664 mortem
1624 1631 1787 1658 repentinam
1802 1635 1867 1658 eius,
1880 1628 1926 1661 qui
1941 1628 1968 1654 in
1983 1629 2165 1663 praerogatiua
2180 1628 2311 1655 referenda
2322 1629 2400 1656 subito

1373 1659 1574 1699 concidistet,·in
1587 1660 1703 1700 senatum
1718 1660 1912 1694 introduxisset,
1924 1672 1976 1690 non
1984 1664 2080 1690 iustum
2093 1671 2245 1699 rogatorem
2259 1664 2326 1691 fuisse
2337 1664 2402 1691 dixe-

1373 1701 1446 1721 runt.
1468 1729 1474 1734 ·
1505 1695 1622 1735 Primum
1638 1696 1710 1730 vide,
1723 1705 1756 1722 ne
1770 1697 1798 1723 in
1813 1706 1872 1724 eum
1887 1699 2014 1733 dixerint,
2028 1701 2076 1734 qui
2089 1708 2198 1734 rogator
2211 1698 2335 1727 centuriae
2347 1700 2399 1727 tuus-

1374 1731 1411 1756 set
1425 1740 1431 1755 :
1467 1737 1489 1755 is
1503 1739 1575 1756 enim
1589 1736 1644 1756 erat
1661 1738 1790 1758 mortuus.
1845 1734 2018 1771 Quidquidflt
2032 1735 2061 1761 de
2073 1740 2271 1768 numentanam,
2285 1735 2342 1762 illud
2356 1739 2400 1771 qui·

470 1762 594 1788 Caeterum
606 1768 662 1788 oter
676 1762 765 1797 Confid
777 1768 878 1797 rogaret
885 1762 1034 1797 sententias,
1048 1763 1066 1786 i·
1072 1760 1187 1796 senatum
1200 1760 1308 1791 [⁷⁴²bess
1323 1773 1357 1799 45
1373 1765 1426 1791 dem
1446 1772 1565 1800 apparet,
1585 1766 1746 1799 Rogatorem
1766 1770 1899 1795 centuriae
1912 1769 1969 1804 effi,
1987 1771 2034 1805 qui
2053 1771 2262 1806 praerogatiuam
2275 1772 2398 1799 centuriam

1374 1801 1393 1834 (
1397 1804 1508 1842 rogauit,
1518 1804 1607 1840 ctnet'us
1614 1801 1791 1842 suffragium)
1805 1805 1906 1831 retulit.
1948 1807 2021 1832 Talis
2035 1814 2143 1840 rogator
2156 1808 2301 1842 posterioris
2315 1810 2398 1843 generi!

1367 1836 1428 1872 fuit
1451 1836 1639 1876 Maluginenfis
1665 1838 1712 1864 ille
1732 1838 1829 1873 Scipjo,
1849 1840 1878 1867 de
1890 1850 1936 1876 quo
1949 1841 2006 1868 Cic.
2022 1842 2053 1868 de
2064 1843 2139 1869 Orat.
2154 1851 2179 1875 2,
2193 1846 2243 1870 260
2255 1852 2275 1869 c.
2287 1845 2319 1877 64
2339 1843 2395 1870 cum

1375 1877 1540 1912 ex'centuria
1556 1873 1599 1898 sua
1622 1873 1713 1910 (cuius
1725 1874 1784 1901 adeo
1796 1882 1905 1910 rogator
1918 1875 1994 1912 effit)
2013 1879 2180 1905 renunciaret
2198 1879 2257 1912 (T.
2271 1879 2393 1912 Manlium)

1373 1907 1518 1934 Acidinum
1531 1908 1673 1940 consulein,
1687 1918 1833 1945 praecoque
1845 1912 1955 1943 dixisset,
1970 1913 2019 1939 Dic
2033 1913 2065 1940 de
2084 1914 2113 1941 L.
2134 1915 2237 1941 Manlio
2251 1925 2257 1940 :
2288 1912 2337 1949 (ille
2349 1922 2388 1939 non

1322 1953 1354 1979 ςο
1371 1942 1509 1977 respondit,
1522 1943 1587 1979 quod
1601 1944 1635 1970 ad
1653 1953 1703 1971 rem
1720 1946 1784 1972 hanc
1797 1950 1949 1982 pertinebat,
1961 1950 2015 1984 sed,
2029 1950 2093 1985 quod
2107 1960 2173 1976 nemo
2187 1951 2228 1977 hic
2241 1948 2385 1986 exspissabat)

1373 1979 1469 2005 Virum
1484 1978 1595 2012 bonum,
1610 1981 1798 2017 egregiumque
1811 1982 1895 2010 ciuem
1910 1985 1958 2011 esse
1971 1985 2096 2012 arbitror.
2284 1982 2324 2023 §a
2339 1982 2382 2010 Ro-

1374 2021 1466 2055 gator,
1486 2016 1619 2042 incutimus.
1658 2017 1739 2045 Plaut.
1777 2039 1784 2046 .
1823 2040 1829 2047 .
1868 2040 1875 2047 .
1904 2021 1946 2047 'Vt
1959 2028 2068 2056 rogator
2080 2021 2196 2048 ostiatim
2208 2027 2281 2056 petam
2291 2018 2382 2055 panem!

1373 2051 1430 2091 Cic.
1444 2051 1497 2078 Att.
1514 2054 1553 2083 16,
1567 2055 1594 2092 ,¹⁶
1612 2054 1781 2088 Qiamquam
1799 2055 1862 2082 haec
1875 2056 1984 2090 epistola
1998 2066 2050 2083 non
2064 2057 2175 2084 siiasoris
2190 2055 2386 2092 est‚sed<togato-

1374 2094 1419 2113 ris.
1528 2087 1640 2114 Baianos
1653 2089 1723 2116 sedet
1737 2090 1767 2116 ad
1782 2091 1852 2118 lacus
1865 2098 1974 2127 rogator
1994 2093 2111 2121 Martial.
2126 2102 2154 2128 4,
2166 2102 2205 2127 30.
2250 2114 2255 2116 .
2271 2090 2391 2121 aoid-1025

1339 2134 1351 2160 ς
1370 2122 1444 2148 Inter
1457 2130 1550 2148 raucos
1563 2123 1671 2155 vltimus
1685 2132 1828 2159 rogatores.

1408 2163 1803 2191 ROGATOR1VS,a‚um.
1822 2161 1882 2187 Adi.

1370 2191 1433 2217 Diu.
1445 2190 1523 2219 offic.

1409 2232 1429 2251 R
1439 2231 1458 2250 o
1467 2232 1487 2252 G
1496 2233 1517 2251 A
1528 2232 1550 2252 T
1561 2229 1584 2253 *J
1593 2234 1611 2252 ιι
1621 2235 1653 2260 A,
1667 2237 1706 2255 ae.
1728 2229 1748 2255 f.
1785 2229 1865 2256 Gloss.
1877 2229 1923 2256 Gr.
1935 2229 1991 2256 Lat.
2006 2229 2146 2264 ἀσπασμός,
2160 2232 2301 2266 Rogat-ura.

1412 2266 1431 2287 ιι
1444 2265 1463 2285 o
1472 2266 1492 2286 G
1501 2266 1552 2286 ΑΤ
1563 2267 1580 2286 ιι
1590 2268 1599 2286 1
1610 2268 1637 2292 x,
1650 2263 1708 2288 icis.
1720 2264 1740 2289 f.
1775 2263 1865 2290 Sidon.

1409 2301 1429 2321 R
1439 2302 1458 2321 o
1471 2301 1491 2321 G
1505 2296 1557 2322 ᾹΜ
1566 2303 1624 2328 ΕΝ,
1637 2297 1697 2322 i'nis.
1715 2306 1742 2323 n.
1777 2298 1854 2323 Gloff.
1867 2299 1913 2324 Gr.
1921 2299 1979 2325 Lat.
1993 2297 2084 2331 δέημα,
2097 2300 2239 2334 Rogamen.

1412 2336 1430 2355 ιι
1443 2335 1462 2355 o
1475 2335 1496 2355 G
1507 2338 1527 2356 A
1538 2338 1562 2356 M
1572 2338 1588 2357 E
1597 2339 1617 2357 N
1626 2339 1647 2358 T
1657 2338 1720 2363 VM,
1733 2332 1752 2359 i.
1771 2342 1797 2358 n.
1835 2333 1911 2359 Idem.
1929 2334 2024 2367 [πεῖσις
2037 2335 2114 2360 Gloff.
2130 2337 2175 2362 Gr.
2188 2337 2262 2370 Lat.]
2283 2336 2330 2363 Sed
2337 2334 2402 2370 Apul

1375 2362 1408 2389 de
1422 2365 1518 2398 Syllog.
1535 2366 1625 2400 Categ.
1639 2376 1663 2400 p.
1677 2376 1711 2399 29
1724 2367 1757 2400 est
1772 2368 1895 2395 Axioma.
1931 2377 1956 2403 p.
1967 2377 1994 2401 31
2014 2369 2204 2403 Rogamentum
2219 2379 2375 2405 proponere,
2395 2373 2405 2396 ι’

1926 2164 1970 2194 Vt,
1989 2164 2150 2198 Rogatoriae
2163 2164 2254 2191 literae
2272 2157 2399 2189 Aleuinsle

1365 2399 1556 2434 propositionem
1569 2405 1743 2437 categoricam.

1414 2436 1594 2467 RoGi'TO,
1624 2442 1677 2463 Ere.
1716 2438 1856 2473 Frequent.
1893 2437 2036 2472 [οἷξιὲμαι]
2090 2439 2163 2474 Saepe
2175 2447 2272 2475 rogare.
2307 2440 2406 2467 Precarr'

909 2466 964 2492 Cic.
978 2466 1054 2491 Verr·
1065 2472 1126 2495 12113
1146 2465 1205 2490 Erat
1215 2464 1242 2489 in
1250 2473 1310 2489 20¹¹-
1326 2472 1358 2503 65
1378 2469 1446 2496 Ter.
1462 2471 1526 2497 Eun.
1542 2479 1567 2503 2,
1581 2481 1603 2504 2,
1617 2480 1642 2505 35
1666 2472 1714 2498 Sed
1730 2482 1778 2507 ego
1793 2475 1858 2500 cesso
1869 2474 1901 2500 ad
1915 2474 2052 2500 Thaidem
2067 2474 2131 2501 hanc
2149 2474 2291 2506 deducere,
2310 2479 2335 2501 et
2348 2475 2407 2510 rogi·

1377 2510 1434 2531 tare
1449 2506 1481 2532 ad
1495 2514 1601 2532 coenam
1617 2514 1645 2533 vt
1659 2509 1757 2535 veniat.
1829 2509 1928 2535 Cilaeur
1941 2513 2029 2541 etiam,
2042 2510 2168 2545 adfhripeo
2188 2510 2255 2537 Plin.
2293 2529 2298 2534 .
2333 2529 2339 2536 .
2370 2530 2377 2537 .

1378 2540 1457 2575 nescio
1471 2541 1549 2571 vnde,
1576 2543 1677 2568 Patrem
1696 2543 1765 2576 adit,
1782 2545 1881 2578 rogitat
1905 2550 1933 2571 vt
1956 2545 1996 2571 sui
2017 2545 2181 2572 misereatur.
2284 2545 2400 2581 Rogitare,

1378 2577 1521 2616 Scis-citari.-
1554 2577 1622 2603 Ter.
1637 2577 1718 2604 Andr.
1734 2587 1754 2611 1,
1769 2589 1792 2612 2,
1805 2587 1837 2614 57
1858 2579 2024 2613 Rogitabam,
2037 2580 2101 2607 heus
2117 2590 2191 2615 puer,
2206 2580 2247 2606 dic
2264 2580 2393 2615 sodes,=quit

1378 2611 1437 2638 heri
1458 2611 1605 2639 Chnfidem
1625 2612 1742 2640 habuit?
1836 2615 1907 2641 Idem
1930 2615 2042 2649 Adelph.
2064 2625 2084 2648 ι,
2098 2625 2122 2647 2,
2136 2625 2147 2642 2
2176 2616 2284 2651 Rogitas
2298 2624 2343 2648 me,
2353 2614 2390 2642 vbi

1405 2683 1410 2687 .
2099 2652 2130 2678 In
2144 2651 2284 2686 rogitando
2297 2650 2392 2678 moleilui

1379 2683 1437 2723 Cic.
1457 2683 1538 2723 Fanu
1549 2692 1583 2715 13,
1604 2692 1622 2710 1.
1727 2685 1807 2711 Plaut.
1830 2686 1888 2712 Aul.
1910 2696 1932 2717 ε,
1945 2691 1966 2717 8,
1980 2695 1992 2718 3
2022 2687 2110 2714 Venio
2124 2687 2155 2714 ad
2170 2687 2317 2718 macellum,
2326 2686 2395 2721 'rogito

1378 2719 1471 2753 pisces,
1486 2718 1599 2758 indicant
1612 2727 1694 2746 caros.
1734 2721 1808 2754 Prop.
1818 2729 1835 2751 1,
1844 2727 1866 2752 8,
1877 2729 1901 2753 23
1922 2722 1978 2747 Nec
1987 2731 2027 2747 me
2036 2722 2139 2750 deficiet
2151 2730 2242 2749 nautas
2255 2724 2362 2757 rogitare
2371 2721 2398 2749 ti·

1378 2760 1455 2787 tatos,
1467 2755 1565 2786 Dicite,
1581 2763 1634 2788 quo
1651 2761 1729 2788 portu
1742 2756 1824 2782 clausa
1835 2757 1922 2790 puella
1935 2766 1991 2783 mea
2007 2757 2052 2783 est.
2146 2759 2271 2794 Rogitare
2285 2760 2356 2793 super
2363 2755 2401 2784 ali·

1380 2798 1443 2825 quo,
1467 2790 1495 2816 de
1509 2792 1590 2825 aliquo
1604 2798 1760 2826 interrogare
1791 2793 1856 2826 Virg
1879 2793 1942 2818 Aen.
1958 2802 1976 2823 1,
1992 2802 2047 2825 754.

1414 2832 1432 2852 R
1444 2831 1492 2852 OG
1503 2832 1603 2852 ITAT
1613 2832 1622 2852 1
1632 2831 1669 2858 o,
1688 2828 1755 2853 onis.
1784 2827 1801 2854 f.
1842 2827 1986 2861 ψήφισμα,
2000 2827 2148 2863 νομοθεσία]
2184 2829 2244 2862 Lex,
2258 2828 2403 2865 plebiscitum.

1374 2861 1459 2923 1i-'laun
1479 2862 1556 2888 Cure.
1577 2870 1611 2895 4,
1633 2869 1660 2893 2,
1680 2870 1708 2894 23
1746 2862 1929 2898 Rogitationes
1951 2865 2079 2899 plurimas
2106 2871 2214 2900 propter
2237 2874 2285 2892 vos
2306 2863 2402 2901 populu·

1387 2903 1461 2924 ciuit.

1415 2939 1433 2958 ιι
1443 2940 1461 2959 0
1470 2939 1490 2959 G
1501 2940 1509 2958 1
1520 2940 1541 2959 ‘r
1550 2940 1571 2959 Α
1580 2939 1601 2959 'r
1611 2939 1630 2960 o
1638 2940 1667 2966 ιι,
1682 2932 1746 2959 oris.
1767 2933 1802 2960 rii.
1840 2934 1977 2968 Augustin.

1414 2975 1557 3000 ROGVS,
1576 2968 1594 2995 i.
1618 2978 1652 2995 m.
1688 2968 1788 3003 [πυραὶ]
1825 2970 1908 2997 strues
1931 2972 2055 3007 lignorum
2078 2971 2113 2998 ad
2133 2971 2264 2998 cremanda
2285 2970 2408 2998 cadauera..

1199 3002 1256 3025 ΝΟη
1268 2999 1313 3033 sa·
1331 3000 1364 3027 80
1380 3004 1460 3030 Plaut.
1475 3005 1544 3031 Men.
1562 3014 1579 3036 ι,
1594 3013 1618 3036 2,
1633 3014 1670 3039 44
1690 3006 1743 3039 Age
1758 3005 1816 3031 sane
1832 3005 1913 3040 igitur
1927 3007 2031 3041 quando
2043 3015 2155 3041 aequum
2169 3016 2243 3037 oras,
2263 3016 2339 3042 quam
2351 3011 2413 3033 mor

1379 3040 1492 3066 incendo
1506 3049 1610 3074 rogum.
1727 3040 1783 3067 Cic.
1799 3040 1831 3067 de
1846 3041 1932 3068 Finib.
1948 3051 1969 3074 3,
1984 3045 2015 3073 76
2028 3043 2046 3069 s.
2060 3049 2124 3070 extr.
2152 3043 2220 3070 Nam
2235 3042 2251 3069 si
2267 3043 2353 3070 beatus
2364 3050 2402 3069 vn·

1380 3085 1458 3110 quam
1473 3075 1575 3108 fuisset,
1596 3076 1697 3102 beatam
1714 3076 1795 3102 vitam
1809 3086 1892 3111 vsque
1906 3077 1937 3104 ad
1950 3078 2025 3104 illum
2040 3087 2055 3104 a
2067 3080 2138 3111 Cyro
2151 3078 2308 3105 exstructum
2321 3085 2403 3113 rogum

1377 3112 1530 3146 protulisset.
1647 3112 1780 3145 Quinctil.
1795 3113 1868 3139 Decl.
1882 3116 1898 3139 6
1931 3114 2055 3140 Refertur
2076 3123 2170 3149 rogus,
2191 3115 2236 3143 hoc
2257 3113 2299 3148 est,
2322 3116 2412 3150 lignum¹

1376 3147 1505 3174 cremando
1520 3146 1635 3172 cadaueri
1647 3146 1775 3173 adueHum
1787 3149 1898 3184 refertur
1912 3149 2013 3176 domum.
2118 3149 2199 3176 Auidi
2212 3151 2270 3185 rogi
2290 3149 2365 3178 Ouid.
2377 3147 2411 3175 ἀεὶ

1379 3184 1452 3209 Rem.
1483 3184 1571 3209 Amor.
1606 3187 1639 3212 38-
1744 3183 1867 3218 Flagrans
1907 3184 1994 3211 Senec.
2015 3185 2092 3214 Herc.
2113 3185 2165 3213 fur.
2186 3186 2204 3212 s.
2220 3195 2236 3212 ι.
2340 3184 2412 3212 Idem·

1378 3219 1472 3245 oetan.
1487 3219 1527 3244 s.6
1549 3218 1702 3252 Lat-eroque
1715 3219 1769 3245 seni
1792 3220 1908 3246 violenta
1930 3229 2007 3254 rogos
2030 3227 2088 3247 nata
2112 3221 2228 3256 negauit.
2332 3217 2412 3248 Ouid-l

1377 3255 1441 3281 Fast.
1457 3264 1484 3287 4,
1499 3257 1542 3286 856
1563 3254 1663 3280 Vltima
1678 3254 1782 3281 Plorato
1797 3254 1898 3281 subdita
1910 3255 2014 3282 flamma
2027 3265 2093 3291 rogo
2106 3256 2150 3282 est.
2221 3255 2322 3290 Tepidi
2341 3255 2403 3283 Idem

1377 3290 1454 3323 Epist.
1469 3292 1495 3322 6,
1508 3298 1549 3322 90.
1590 3325 1595 3330 ⁶
1659 3289 1758 3329 Tristis
1780 3291 1876 3316 Lucan.
1890 3296 1913 3323 8,
1928 3294 1989 3325 762.
2097 3291 2244 3319 Accendere
2258 3300 2351 3326 rogum
2369 3289 2401 3317 Id.

1379 3334 1405 3359 9,
1419 3334 1455 3358 55.
1563 3325 1619 3351 Cic.
1636 3324 1667 3350 de
1682 3325 1773 3351 Diuin.
1790 3334 1807 3357 1,
1822 3334 1852 3360 47
1867 3335 1888 3352 c.
1901 3335 1930 3358 25
1962 3326 2097 3361 Siquidem
2117 3328 2148 3354 ad
2173 3333 2284 3353 mortem
2308 3324 2411 3362 profici-J

1376 3362 1445 3388 scens
1459 3360 1569 3387 Calanus
1582 3360 1669 3392 Indus,
1683 3370 1765 3395 quum
1780 3361 1928 3388 ascenderet
1943 3362 1970 3388 in
1986 3371 2079 3396 rogum
2093 3363 2242 3394 ardentem,
2266 3364 2290 3389 O
2302 3361 2411 3397 praeda-s

1378 3406 1436 3423 rum
1457 3396 1604 3426 discessum,
1624 3397 1720 3431 inquit,
1739 3406 1752 3423 e
1766 3397 1831 3428 vita,
1846 3406 1927 3431 quum
1950 3401 1996 3430 (vt
2021 3398 2129 3425 Herculi
2152 3397 2282 3431 contigit)
2305 3395 2411 3425 mortali:

1377 3441 1489 3493 corpotre
1514 3441 1640 3494 gei-thath),
1652 3432 1689 3493 *Ru
1703 3432 1786 3502 lyncem
1806 3433 2075 3494 animusDexcesserit!
2110 3468 2116 3494 ¹
2135 3467 2151 3494 b
2168 3434 2326 3496 Consumtgs
2339 3431 2411 3495 ζὲιῇἰιῑ

1376 3478 1456 3494 crema
1470 3478 1499 3494 us
1543 3476 1569 3494 ιιι
1592 3489 1596 3493 .
1632 3476 1657 3501 pi
1683 3488 1688 3492 .
1721 3476 1789 3500 ‚193·
1930 3477 1974 3496 are
1988 3478 2033 3496 cor
2052 3478 2080 3496 us
2119 3476 2132 3493 e
2154 3477 2197 3494 eio
2211 3478 2242 3495 ro
2261 3478 2277 3495 o
2322 3476 2346 3495 ui
2365 3475 2411 3494 .1n=

1376 3503 1437 3530 Ibin
1454 3512 1503 3536 ¹54-
1612 3503 1748 3529 Exstruere
1779 3511 1874 3536 rogum
1912 3505 2008 3532 Lucan.
2021 3479 2050 3537 ⁶¹5
2060 3478 2109 3535 825?
2211 3478 2349 3538 Iingponere
2361 3501 2400 3529 ali-

1377 3549 1456 3573 quem
1478 3539 1505 3565 in
1529 3548 1623 3573 rogum
1650 3538 1706 3565 Cic.
1720 3539 1801 3565 Tusc.
1818 3547 1835 3569 1,
1849 3544 1876 3571 ες
1889 3548 1911 3566 c.
1924 3548 1961 3572 3ς.
2066 3538 2183 3572 Impositi
2207 3541 2278 3574 rogis
2303 3541 2399 3566 iuuene!

1378 3576 1452 3609 Virg.
1467 3576 1563 3609 Georg.
1576 3584 1603 3607 4,
1617 3581 1679 3608 477.
1787 3574 1911 3609 Prosequi
1927 3584 2008 3610 vsque
2020 3574 2050 3601 ad
2064 3583 2156 3607 rogum
2185 3575 2240 3601 Cic.
2248 3584 2296 3610 pro
2315 3575 2397 3608 Quint.

1376 3619 1410 3643 99
1424 3620 1444 3636 c.
1460 3619 1490 3641 31.
1558 3623 1562 3625 -
1606 3609 1709 3643 Rogum
1722 3609 1801 3635 etiam
1817 3610 1921 3637 Neutro
1935 3619 2028 3646 genere
2041 3609 2149 3642 dicitur,
2164 3617 2191 3636 ut
2203 3610 2289 3638 aufflor
2302 3609 2333 3644 est
2351 3609 2400 3637 No·

1376 3646 1436 3672 nius
1450 3654 1471 3677 3,
1486 3647 1529 3672 186
1566 3645 1656 3670 Ast-an.
1671 3644 1783 3678 Epistola
1793 3665 1800 3677 ,
1821 3645 1931 3673 Pulchre
1942 3646 1991 3672 hoc
2005 3644 2108 3672 incendi
2121 3654 2225 3680 rogum,
2237 3646 2399 3680 ardentem·

1374 3687 1427 3713 tur,
1441 3681 1490 3707 hoc
1505 3680 1621 3714 sepulcro
1635 3680 1713 3714 sepeli
1734 3680 1805 3707 licet.
2085 3694 2095 3698 -—

1150 3714 1310 3747 Rogationes
1320 3724 1367 3742 100
1413 3724 1458 3743 ιιο
1468 3723 1488 3743 G
1498 3718 1519 3742 Ᾱ
1530 3724 1545 3742 ι.
1556 3723 1563 3741 ι
1573 3723 1596 3748 s,
1610 3725 1632 3742 e.
1652 3715 1712 3742 Adi.
1749 3716 1779 3748 [ὅ
1795 3717 1836 3744 τῆς
1849 3717 1943 3752 κυρεῖς]
1984 3716 2029 3747 Vt,
2049 3716 2119 3750 Ignis
2133 3716 2230 3750 regalis
2248 3717 2308 3743 Stat.
2316 3712 2397 3742 Theb.

1377 3761 1396 3783 1,
1411 3761 1456 3778 112.
1572 3752 1703 3778 Flammae
1721 3752 1822 3785 rogales
1845 3751 1925 3779 Ouid.
1939 3752 2029 3778 Amor.
2045 3759 2068 3783 3,
2083 3759 2108 3783 9,
2123 3760 2162 3784 4¹-
2255 3750 2399 3779 Deformior

1376 3789 1512 3815 Cadauere
1525 3787 1608 3820 rogali
1628 3786 1717 3813 sidon.
1732 3788 1808 3821 l-pisi.
1823 3797 1845 3820 3,
1859 3796 1890 3820 ¹3·
1960 3786 2033 3821 Conf.
2047 3786 2113 3814 ibid.
2129 3796 2168 3821 cp.
2178 3797 2197 3820 3.

1410 3831 1429 3850 R
1440 3830 1458 3849 o
1468 3829 1488 3849 G
1499 3830 1519 3848 A
1529 3829 1564 3848 ιιι
1582 3830 1591 3844 x
1612 3829 1634 3853 s,
1650 3823 1663 3847 i.
1687 3831 1721 3847 m⁴
1760 3825 1811 3858 ‚Qui
1824 3832 1908 3862 rogam
1919 3828 2000 3853 curat,
2012 3829 2101 3858 corpus
2111 3823 2240 3850 comburit.
2275 3821 2350 3849 Gloff.
2357 3818 2395 3846 Gr·

1373 3860 1431 3887 Lat.
1447 3857 1608 3894 imponatis-nt,
1616 3857 1756 3892 Reganus.
1770 3858 1925 3886 bustuarium

2301 3930 2393 3954 ROMA,
