2434 4156
433 76 705 119 REF

45 102 97 130 121

43 177 184 212 refugitstt.
242 171 441 206 ‘Trepidusque
454 174 561 204 repente
575 166 674 201 refugit
699 163 774 198 Virg.
787 164 853 190 Aen.
867 171 890 196 2,
904 168 956 202 ,ῥα
1025 162 1082 189 Cic.

46 215 100 241 Att.
115 218 154 243 1,’1
173 210 204 236 Et
218 208 304 243 postea
318 207 422 241 prorsus
436 205 470 232 ab
485 205 602 231 instituta
622 201 709 228 nostra
728 207 871 234 paucorum
895 198 1010 238 dierunt,
1022 206 1081 223 con-

44 246 176 276 fitetiidine
189 245 266 278 longe
279 242 387 276 refugit.
456 242 477 267 A
489 240 556 268 mari
568 239 688 272 refugere
708 235 838 276 Columel.
854 243 871 264 i,
886 242 908 266 ς.
980 235 1035 259 cic.
1049 233 1082 273 de

45 284 104 312 Nat.
124 282 204 308 Deor.
224 289 246 311 2,
264 288 306 306 120
331 277 405 311 Quin
424 278 504 303 etiam
524 285 537 303 a
552 273 668 302 caulibus
681 271 861 305 braim-isque,
883 269 900 296 fi
915 276 1021 309 propter
1035 270 1083 295 sati

38 318 105 347 vsint,
122 324 150 343 vt
163 326 178 343 a
191 315 318 350 pestiferis
332 321 358 341 et
370 313 528 339 nocentibus
542 311 663 344 refugere
676 308 808 334 dicuntur.
904 306 1022 346 cmssl'fo
1032 306 1081 331 Dc-

38 354 90 380 i'ot.
106 361 135 384 32
156 352 253 380 Nonne
265 359 347 386 quum
361 351 420 376 ess'ct
439 347 580 383 produe‘uis
594 344 682 377 testis,
700 350 725 370 et
739 351 820 383 quum
833 347 920 368 tecum
934 341 1029 372 fuisset,
1041 350 1081 367 re-

38 388 108 422 fugit
121 388 152 414 ad
166 387 284 421 legatos3
376 386 414 412 Ad
431 385 546 420 planchis
558 382 656 414 refugit
677 380 739 406 Stat.
753 379 818 405 Silu.
833 387 861 418 4,
876 385 894 408 1,
906 386 948 418 ¹30.
1041 376 1081 403 Ad

38 424 132 450 vrbem
151 423 272 457 refugere
293 421 354 448 Liu.
368 430 405 453 23,
420 430 464 455 47.
533 419 588 451 Cic.
605 417 685 443 Verr.
698 424 722 449 ς,
734 423 768 448 99
790 416 845 456 Qui
859 422 889 439 ex
905 412 954 439 illo
967 421 1080 439 numero

37 459 135 494 reliqui
148 458 278 491 Syracusas
291 458 364 484 class'e
383 457 471 483 nmina
485 454 648 493 refugerant..
749 451 823 477 Cael.
838 449 902 476 Bell.
917 448 986 489 Gall.
1001 454 1029 480 8,
1051 452 1078 480 36

37 495 147 530 Magnae
158 494 293 520 felicitatis
307 494 355 519 ess'e
368 492 558 522 arbitrabatur,
577 495 712 514 neminem
727 495 759 512 ex
774 484 852 512 caede
866 484 997 519 refugifle.
1028 520 1035 525 ,
1069 520 1078 526 ‚

38 529 176 557 secundam
189 530 274 556 aciem
289 529 428 560 refugere,
445 525 497 555 vid.
515 530 561 551 AC
573 531 583 550 1
594 531 641 551 Es.
725 521 858 562 Columel.
873 529 908 553 12,
922 529 963 553 50,
977 526 990 550 8
1018 521 1047 546 lzt
1061 524 1080 561 .¹¹

39 574 106 599 quae
119 566 176 592 sunt
189 565 255 596 alia.
277 574 344 600 quac
352 559 426 592 ‘nunc
438 561 596 590 Memoriam
609 558 724 586 nostram
739 558 886 592 refugiunt.
971 557 1080 590 Refugit

39 602 151 628 Romam
170 601 230 628 Liu.
245 609 268 633 ς,
281 609 320 634 39.
399 596 526 628 colunicl.
541 605 562 628 3,
577 604 599 628 3,
614 604 623 622 1
644 593 727 629 quue
739 594 805 620 adeo
822 592 933 628 plurimi
948 592 1080 625 dubitant,

36 642 65 664 vt
76 637 153 663 multi
165 637 299 671 refugiant
312 643 338 663 et
351 633 521 663 reformident
536 632 615 658 talem
627 630 785 666 positionem
802 629 882 656 ruris.
968 629 1080 655 Animus

9 688 10 691 =
35 673 151 707 refugit,
169 681 252 707 eaque
269 672 423 699 reformidat
435 668 537 700 dicere,
557 676 638 702 quae,
659 673 705 692 erc.
733 666 791 691 Cic.
809 664 923 698 Philipp.
939 672 974 697 14,
990 673 1006 697 9
1019 673 1041 690 c.
1057 672 1078 695 3.
1099 677 1125 703 ¹5
1143 661 1232 688 sendas
1247 669 1414 696 putauerunt.

37 709 153 735 Fortuna
168 709 267 742 refugit
282 708 372 742 procul
385 706 446 733 haec
466 704 562 730 Lucan.
578 703 610 728 ad
625 702 713 729 Pison.
729 703 779 728 116.
860 699 994 726 inuidiam
1009 699 1079 726 refu-

35 752 97 779 gere
110 745 244 776 muneris,
266 746 359 771 Minius
367 739 476 775 recusare
484 745 588 775 propter
601 745 689 764 metum
704 737 814 764 inuidiae
839 736 927 762 Seuec.
941 736 974 762 de
988 734 1079 762 Benef.

35 788 58 812 2,
73 782 109 806 16.
183 780 270 814 Iurgia
284 780 369 807 vicina
381 775 480 810 refugit
500 776 566 801 Hor.
579 774 659 809 Epist.
672 782 698 805 2,
710 782 736 806 2,
750 781 799 808 ¹7¹·
877 771 1024 799 Periculum
1039 779 1079 797 re-

34 816 126 850 fugere
141 824 169 842 ac
185 816 319 850 deprecari
337 812 403 840 Asin.
419 813 450 838 ad
459 811 519 838 Cic.
533 811 604 837 Fam.
621 819 659 842 10,
675 818 710 841 3¹·
791 807 847 834 Cic.
861 816 910 842 pro
925 807 1030 834 Caecin.
1045 814 1078 833 22

9 870 16 891 i
34 851 64 877 Et
77 851 129 877 iam
144 851 294 885 ingrediens
304 851 373 878 intra
388 848 469 878 finem
482 847 538 873 cius
551 846 613 876 loci,
623 854 701 880 quem
721 844 796 871 oleae
815 844 1008 875 terminabant,
1029 842 1077 868 im-
1092 855 1127 873 20

33 892 124 922 petum
146 888 243 914 armati
261 884 398 916 Antiochi,
419 889 636 917 caeterorumque
649 881 720 908 Tela
739 887 817 914 atque
832 880 952 906 incursus
968 879 1077 912 refugit.

36 923 130 950 Virum
145 932 216 950 mors
229 923 280 958 ipsa
293 920 391 955 refugit
412 920 508 945 Lucan.
522 927 546 947 2.
560 925 600 953 75.
672 918 803 943 Venerem
823 924 929 942 omnem
946 915 1079 949 refugerat

33 958 156 993 Orpheus
175 959 255 986 Ouid.
271 957 332 984 Met.
346 965 382 989 ιο,
396 963 439 990 79.
523 954 580 980 Cic.
595 962 644 988 pro
657 953 732 979 Rosc.
747 953 825 978 Com.
839 961 872 985 45
893 952 981 984 Qiem
995 959 1044 985 ego
1059 949 1077 976 li

33 994 132 1020 ferrem
148 995 274 1026 iudicem,
293 992 412 1027 refugere
428 999 483 1017 non
496 989 604 1016 deberet
618 1000 624 1015 z
659 998 742 1024 quum
757 988 847 1015 testem
863 988 1005 1022 producam
1015 1007 1023 1020 ,
1038 995 1077 1012 re-

32 1030 196 1064 prehendere
209 1028 314 1057 audebit
327 1028 336 1054 3

33 1074 100 1099 quae
114 1066 183 1101 quali
195 1066 280 1092 morsu
294 1063 407 1099 quodam
422 1062 544 1089 dolorem
558 1060 691 1092 efficiunt,
711 1061 818 1094 refugio
831 1068 845 1086 a
859 1065 885 1085 te
899 1058 1078 1085 admonendo.

33 1102 91 1128 Cic.
105 1101 136 1128 de
148 1103 220 1128 Orat.
233 1109 255 1133 2,
269 1108 298 1126 10
328 1097 432 1126 Pudore
450 1107 465 1125 a
480 1097 593 1125 dicendo
617 1103 643 1124 et
661 1096 808 1124 timiditate
828 1096 942 1130 ingenua
964 1094 1079 1129 quadam

32 1137 216 1198 refii'iznrilirGi
227 1176 243 1197 Ε
253 1176 274 1195 N
285 1176 299 1197 s
308 1190 317 1202 ,
336 1170 414 1197 entis.
434 1163 529 1197 Partic.
566 1167 766 1202 [καταφεύγων]
803 1167 867 1193 Aur.
876 1165 948 1193 Vi&
962 1165 994 1192 de
1003 1165 1078 1192 Viris

32 1207 121 1247 illustr.
136 1215 153 1242 7
172 1207 232 1240 Qia
246 1214 275 1233 re
288 1206 377 1232 audita
389 1206 512 1238 Seruius,
532 1205 595 1232 dum
609 1204 640 1231 ad
657 1204 759 1230 curiam
775 1210 910 1238 properat,
926 1202 992 1228 iussu
1006 1202 1077 1228 Tar·
1094 1218 1107 1242 3

30 1242 118 1277 quinii
131 1242 254 1277 gradibus
268 1241 402 1274 deiee'tus‚
423 1248 448 1268 ct
462 1241 572 1268 domum
587 1240 735 1274 refugiens,
755 1240 911 1266 interfectus
925 1235 970 1264 e‘st.

65 1284 83 1304 R
99 1284 114 1304 i:
130 1285 146 1304 1³
164 1285 183 1304 v
202 1284 222 1304 G
241 1285 252 1305 1
268 1286 281 1305 s
296 1284 313 1305 c
329 1286 348 1305 o
363 1288 379 1310 ,·
391 1280 444 1304 cre.
490 1277 558 1304 Idem
590 1277 654 1312 quod
689 1276 831 1310 Refiigcre.
888 1272 1078 1301 Commodian.

28 1313 238 1381 lnsgrgdg-ng-A'
257 1357 296 1375 ae.
326 1358 348 1375 c.
385 1346 539 1383 [δραπέτης]
577 1348 627 1382 Qi'
662 1347 769 1374 aliorum
802 1345 936 1372 dominium
968 1345 1076 1382 refugit.

28 1385 135 1419 leian.
159 1385 188 1411 in
201 1385 220 1411 l.
245 1385 296 1410 Aut
310 1383 451 1416 dammim,
473 1384 512 1410 Dc
531 1384 641 1418 poenis,
677 1383 785 1415 Quique
808 1381 916 1416 refugae
939 1390 971 1408 ex
994 1390 1076 1415 opere
1093 1394 1121 1420 35
1139 1381 1256 1407 refutatu
1271 1381 1430 1406 conuincere
1445 1380 1539 1406 falsum
1565 1381 1671 1406 Lucret.
1688 1389 1709 1411 3,
1724 1388 1782 1413 524.

606 1418 703 1444 Macer.
719 1418 758 1444 De
773 1426 802 1444 re
817 1418 945 1450 militari,
965 1419 993 1443 in
1009 1418 1076 1451 lege,

600 1453 670 1487 Qui]
684 1454 818 1480 custodiae
831 1454 923 1487 refuga
933 1476 941 1488 „‚
960 1462 1014 1513 11οὲ
1031 1453 1075 1477 de-

1015 1496 1075 1521 nge-

1005 1523 1076 1550 Adii.

31 1420 130 1446 metalli
144 1421 172 1446 in
185 1419 321 1445 metallum
334 1418 498 1445 damnantur.

32 1455 132 1481 Milites
147 1464 237 1489 agrum
264 1463 287 1486 13
301 1455 331 1481 D.
347 1454 379 1481 de
393 1463 422 1481 re
434 1454 514 1480 milit.
543 1474 548 1480 .
563 1461 576 1487 ς

32 1491 116 1517 sertor
131 1491 244 1517 militiae
256 1490 299 1516 est.
372 1490 474 1517 Pietatis
488 1494 580 1524 retuga
598 1490 651 1516 Pet.
665 1489 787 1521 Chrysol.
800 1490 882 1515 Sei-m.
900 1497 916 1515 1.

32 1526 70 1551 los
86 1527 206 1560 refugas,
225 1533 296 1553 vocat
314 1525 424 1553 Hieron.
439 1526 517 1560 Epist.
531 1534 567 1557 15¹
585 1525 691 1558 Qiaest.
707 1534 735 1551 io
749 1524 780 1550 ad
797 1524 935 1557 Algasiam.

30 1561 148 1587 Tei-tull.
163 1562 195 1586 de
209 1561 277 1588 Hah.
291 1562 356 1588 Mul.
369 1571 390 1588 c.
403 1570 424 1595 ς.
460 1569 482 1588 ct
497 1562 586 1587 Carin.
600 1560 660 1587 adu.
674 1560 754 1586 Marc.
770 1568 789 1590 1,
805 1567 844 1591 14.

65 1601 83 1621 R
93 1602 109 1622 1?
119 1602 134 1621 F
144 1594 192 1622 *⁹¹0
202 1603 220 1621 V
231 1604 259 1626 S,
295 1597 313 1623 i.
353 1606 388 1624 ni.
424 1597 602 1632 [ἀναφεύγων]
639 1597 690 1630 Qii
703 1595 808 1631 fi'fllgss
815 1594 942 1629 Jiibdiicit.
980 1592 1074 1619 Tacit.

27 1631 94 1657 Ann.
108 1639 143 1663 13,
156 1640 192 1663 40
213 1631 318 1664 Qubus
331 1633 454 1665 iusserat,
473 1640 500 1658 vt
515 1630 671 1658 instantibus
684 1632 804 1656 cominus
820 1628 984 1659 resisterent,
1002 1627 1074 1652 refu-

26 1675 72 1700 gos
86 1675 139 1692 non
155 1667 331 1700 sequerentur.
367 1668 392 1693 h.
406 1678 426 1693 ε.
447 1668 616 1702 Refugientes.
688 1665 781 1692 Tacit.
794 1664 862 1690 nist.
879 1667 936 1696 3‚6i
958 1663 1074 1696 Qiidain

29 1703 57 1728 in
72 1702 150 1729 castra
164 1701 251 1736 refugi
261 1721 269 1734 ,
287 1702 377 1727 onmia
391 1698 537 1728 formidine
552 1699 706 1734 implebant.
869 1699 915 1726 Sed
924 1706 1029 1734 proprie
1042 1697 1075 1731 est

1048 486 1079 510 In
1097 498 1126 516 10
1144 483 1250 517 giorum
1264 484 1355 510 testem
1371 484 1558 511 arbitrabatur.

1534 73 1566 110 R
1657 73 1690 111 E
1780 77 1817 112 (ἃ

1144 170 1192 188 non
1210 164 1291 187 minus
1303 168 1376 196 quam
1391 160 1450 187 futo
1464 168 1486 187 ct
1500 160 1609 188 confuto
1625 170 1649 186 o.
1663 170 1689 187 υ.
1718 167 1801 196 nempe
1814 162 1897 198 affusa
1911 175 1973 201 aqua
1984 168 2090 204 snum-dg
2110 168 2193 196 ebulli.

1145 205 1222 224 entem
1235 200 1382 232 reprimme,
1401 207 1426 222 a.
1443 196 1530 223 drinile
1547 205 1593 232 per
1612 197 1755 231 metaphora
1767 211 1775 220 ι.
1788 214 1795 227 ,
1814 202 1897 224 uerbis
1916 204 1989 228 alium
2003 190 2044 239 fi»S
2052 205 2193 239 effrontem

1145 241 1277 268 ripamve
1289 239 1312 259 et
1326 241 1481 268 redarguere.
1538 234 1620 268 Nolui·
1636 242 1700 258 enim
1713 232 1849 259 audiendus
1863 233 1895 267 cst
1906 255 1914 267 ,
1932 235 1960 262 ili·
1983 246 2127 276 etymologffl
2140 245 2193 277 qui-

1146 269 1214 298 «lom,
1252 269 1353 299 Festus,
1376 268 1518 301 erutarc,
1538 269 1713 302 redarguere,
1739 269 1913 303 compulitum
1930 280 1943 297 a
1959 273 2060 307 Fando,
2077 278 2151 304 versa
2171 279 2194 304 A

1111 317 1123 341 ς
1145 305 1220 330 literi
1235 305 1261 330 in
1274 306 1311 335 V,
1329 303 1397 331 vnde
1410 304 1572 334 confutare,
1593 311 1617 330 et
1633 304 1774 337 Refutare,
1796 304 1822 331 id
1837 305 1872 331 cli
1889 307 2060 343 redarguere,
2074 311 2125 339 siue
2140 323 2194 340 non

1144 341 1182 369 ita
1196 340 1242 366 esst
1257 340 1391 366 ostendere
1400 359 1406 370 ,
1423 339 1624 374 reprehendere.
1697 341 1733 365 De
1745 340 1925 376 significatione
1938 344 2011 369 rech.
2083 349 2122 374 sic
2137 350 2195 376 No-

1145 377 1195 403 stra
1209 376 1366 403 consumare
1380 377 1542 410 argumentis
1558 383 1583 403 et
1598 375 1747 403 rationibus
1763 387 1770 406 3
1807 377 1918 410 deinde,
1937 378 2078 407 Contraria
2098 384 2193 412 refuta.

1143 420 1173 439 re
1193 412 1247 439 Cic.
1264 411 1294 438 de
1310 414 1383 439 Orat.
1398 420 1410 438 2
1425 421 1446 438 c.
1463 420 1499 444 19.
1608 412 1664 438 Cic.
1680 411 1708 437 in
1723 412 1860 439 Vatinium
1875 421 1884 439 1
1909 414 1998 441 Nemo
2013 417 2084 442 enim
2098 418 2146 443 hor
2167 430 2193 447 m

1145 454 1170 474 te
1185 447 1220 473 ita
1236 448 1404 474 renitandum
1417 456 1444 474 vt
1460 456 1567 482 grauem
1581 448 1762 474 aduersarium
1777 458 1782 474 ε
1819 455 1864 475 aut
1879 450 1915 475 ita
1928 451 2074 484 rogandum
2088 461 2115 478 vt
2135 456 2193 482 reli.

1642 483 1782 510 Manifesta
1794 483 1912 511 refutant
1925 486 1951 512 id
1971 488 2073 513 Lucret.
2090 497 2100 513 ε
2110 509 2118 520 ,
2136 493 2192 519 566.

1144 520 1194 545 Res
1209 527 1273 544 vcro
1288 521 1385 547 refutat
1399 520 1426 546 id
1448 521 1521 546 idem
1538 529 1559 552 ε,
1574 527 1631 552 243.
1717 520 1774 545 Cic.
1788 529 1837 554 pro
1850 521 1926 547 Font.
1941 531 1946 547 i
1968 522 2028 549 Plus
2042 532 2091 557 ego
2106 526 2133 550 in
2148 526 2194 552 hac

1143 555 1217 581 causa
1241 554 1339 581 laboris
1359 564 1384 582 et
1403 564 1498 591 operae
1519 556 1645 582 consumo
1667 554 1695 581 in
1710 556 1847 589 poscendis
1858 556 1982 589 testibus,
2004 567 2082 592 quani
2097 562 2193 587 caeteri

1132 590 1294 617 ,defensores
1311 591 1338 616 in
1353 592 1508 619 resunindis,
1582 591 1640 617 Cic.
1655 591 1686 617 de
1704 592 1825 617 l'rouinc.
1839 593 1947 619 Consul.
1962 601 1989 625 32
2003 604 2024 620 c.
2043 604 2066 627 13
2087 596 2194 630 Semper

1143 625 1201 652 illas
1224 627 1344 652 nationes
1366 628 1448 655 nostri
1463 629 1636 663 imperatores
1650 627 1799 653 refutandas
1814 628 1902 662 potius
1918 629 2005 662 bello,
2022 639 2101 664 quam
2118 631 2194 658 laces-

1272 698 1276 699 7
1503 664 1635 691 Oratione
1650 663 1733 689 feroci
1750 664 1892 690 refutando
1913 664 2016 698 plebem
2044 667 2103 694 Liu.
2116 676 2142 699 2,
2158 676 2193 701 52.

1142 698 1199 724 Cic.
1215 698 1246 723 dc
1261 699 1335 724 Orat.
1351 707 1375 728 2,
1391 707 1406 724 2.
1421 708 1441 724 c.
1460 708 1468 726 1
1507 700 1582 733 Qios
1604 706 1658 726 tum
1679 704 1706 725 vt
1721 700 1812 733 pueri,
1833 700 1950 726 refutare
1962 700 2111 729 domesticis
2127 704 2194 730 testi-

1142 733 1205 764 bus,
1225 740 1315 767 patre,
1334 740 1359 760 et
1374 734 1405 760 C.
1422 735 1554 762 Aculeone
1574 736 1725 770 propinquo
1747 736 1838 762 nostro
1857 744 1883 762 et
1903 737 1932 763 L.
1953 738 2083 764 Cicerone
2102 746 2196 772 patruo

1142 770 1299 796 solebamus.
1407 770 1531 797 Refutarc
1545 771 1577 804 cst
1586 771 1750 805 Reprimere.
1797 772 1952 805 Repriuiere
1962 773 2056 808 sciffo:
2092 776 2148 801 Cic.
2164 776 2196 802 de

1142 806 1235 840 Arusp.
1253 805 1327 839 Resp.
1344 813 1360 840 7
1374 814 1396 831 c.
1411 816 1429 837 4
1459 807 1489 832 Et
1502 815 1545 833 aut
1558 808 1733 839 concedente,
1754 814 1798 833 aut
1818 811 1892 834 etiam
1911 809 2054 835 adiuuante
2079 812 2195 842 Milone,

1142 842 1199 867 eius
1212 847 1337 867 conatum
1352 841 1484 867 refutabo.
1527 844 1584 869 lfi'il.
1600 844 1656 870 Cic.
1670 843 1740 869 Fam.
1757 852 1776 875 1,
1789 852 1805 875 9
1819 850 1884 870 extr.
1958 845 2031 871 Ideni
2046 846 2128 874 Tusc.
2140 858 2158 878 :‚
2169 856 2195 880 55

1141 879 1172 904 In
1187 877 1333 912 primisque
1348 877 1482 903 refutetur
1495 886 1522 904 ae
1538 880 1676 906 reiiciatur
1689 879 1867 905 Philocicteus
1881 879 1927 905 ille
1936 880 2045 907 clamor.
2138 884 2194 910 Cic.

1141 922 1192 948 pro
1207 912 1299 940 Rabir.
1314 913 1379 939 Post.
1392 922 1430 946 44
1450 915 1538 946 Qiam
1553 915 1660 948 quidem
1676 924 1723 941 vos
1741 915 1842 942 Iudices
1852 936 1860 948 ,
1879 917 1907 942 in
1921 925 1993 943 nouo
2008 926 2104 951 genere
2118 919 2194 946 boni-

1141 955 1221 976 tatem
1232 969 1240 981 ,
1261 949 1410 976 inusitatam
1424 949 1501 975 claris
1515 958 1543 975 ac
1558 951 1774 984 praepotentibus
1788 951 1869 982 viris,
1885 961 1938 978 non
1953 954 2034 979 modo
2048 963 2101 981 non
2110 956 2193 990 asper-

1141 986 1199 1012 nari
1220 995 1248 1012 ac
1269 985 1403 1016 refutare,
1425 985 1468 1011 scd
1488 986 1630 1020 compleffi
1651 988 1732 1013 etiam
1758 993 1783 1013 et
1813 996 1908 1022 augere
1935 988 2046 1016 debetis.

2134 93 2192 123 122

2155 993 2196 1018 Sic

441 1026 497 1053 Cic.
512 1026 565 1052 Ait.
582 1034 617 1056 12,
632 1033 658 1057 ¹9
693 1025 762 1051 Dum
777 1023 977 1051 recordationes
990 1022 1078 1056 fugio,
1094 1038 1127 1064 25
1141 1021 1273 1054 Quinem.
1289 1030 1326 1053 10,
1340 1024 1367 1053 6,
1384 1023 1400 1047 6
1422 1022 1455 1046 Vt
1470 1022 1586 1054 primum
1600 1022 1635 1048 est
1649 1023 1731 1049 domo
1744 1023 1848 1050 adferre
1862 1030 1977 1058 paratam
1998 1024 2103 1052 dicendi
2123 1028 2195 1062 copi-

1141 1066 1183 1084 am
1211 1063 1237 1083 et
1258 1062 1358 1084 certam
1374 1067 1379 1083 z
1416 1056 1453 1083 ita
1475 1057 1592 1084 refutare
1607 1059 1734 1092 temporis
1749 1067 1857 1086 munera
1870 1061 1948 1094 longe
1961 1061 2134 1089 stultissimum
2150 1063 2196 1095 est,

1131 1097 1159 1120 .1',
1180 1102 1240 1129 quae
1261 1096 1288 1119 iii
1308 1100 1410 1119 mentem
1429 1096 1532 1119 veniunt
1542 1101 1643 1128 praeter
1658 1098 1859 1127 commentarios,
1887 1105 1924 1128 ea,
1935 1096 1964 1123 de
1977 1098 2063 1131 quibus
2077 1106 2134 1125 ame
2146 1109 2195 1126 non
2236 1105 2238 1109 “

1140 1132 1314 1165 cogitauimus.
1388 1129 1514 1155 Refutare
1545 1137 1633 1163 pacem
1674 1130 1806 1155 Ammian.
1823 1138 1861 1164 17,
1875 1139 1907 1157 11.
1980 1133 2110 1160 Tradidit
2125 1136 2195 1162 mihi

1141 1166 1215 1192 illam
1230 1172 1275 1192 etc.
1314 1170 1340 1191 et
1359 1174 1417 1191 cum
1441 1173 1490 1199 ego
1510 1166 1672 1197 refutarem,
1694 1165 1863 1200 diceremque
1877 1175 1918 1192 me
1932 1167 2127 1201 Christianum,
2149 1180 2196 1198 nec

1109 1218 1126 1236 0
1141 1201 1221 1228 licere
1243 1200 1321 1231 mihi,
1338 1200 1454 1227 vimentis
1478 1209 1590 1228 onrem
1611 1201 1702 1228 mariti
1726 1202 1845 1236 accipere
1866 1209 1912 1228 etc.
1950 1203 2064 1232 Hieron.
2089 1206 2118 1232 in
2134 1208 2196 1235 Vita

1140 1237 1241 1264 Malchi
1261 1246 1285 1271 p.
1301 1245 1358 1269 520.

1184 1280 1203 1300 R
1213 1280 1230 1300 Ε
1241 1278 1257 1300 r
1268 1280 1289 1299 V
1299 1279 1318 1297 T
1329 1274 1381 1299 ᾹΤ
1391 1278 1411 1298 V
1422 1279 1434 1299 s
1445 1293 1453 1305 ,
1471 1281 1485 1299 a
1494 1292 1502 1305 ‚
1521 1281 1575 1298 um.
1616 1273 1709 1299 Partic.
1747 1273 1804 1300 Cic.
1826 1282 1875 1308 pro
1895 1274 1964 1310 Lege
1983 1276 2075 1304 Manil.
2089 1285 2117 1310 ,¹2
2130 1287 2152 1306 c.
2167 1287 2198 1315 17

1138 1308 1281 1337 Obsoleuit
1296 1308 1349 1335 iam
1362 1309 1409 1334 ista
1422 1309 1511 1335 oratio
1521 1329 1529 1341 ,
1547 1318 1575 1335 re
1589 1309 1673 1336 multo
1688 1310 1786 1343 magis,
1805 1318 1883 1343 quam
1897 1312 1987 1338 verbis
2001 1313 2124 1340 refutata.

1176 1352 1195 1372 R
1205 1352 1220 1371 13
1235 1351 1252 1370 r
1266 1351 1286 1368 v
1296 1350 1317 1370 ‘r
1328 1347 1350 1371 Ᾰ
1360 1352 1409 1371 Τν
1419 1351 1447 1377 s,
1488 1343 1527 1370 sis.
1565 1354 1601 1372 m.
1639 1344 1796 1379 [immuni]
1833 1345 1974 1381 Rqsiitatio.
2021 1350 2194 1384 Ancipitique

1177 1423 1195 1442 R
1205 1423 1221 1442 E
1231 1422 1275 1442 rv
1285 1422 1336 1442 TA
1349 1421 1369 1441 Τ
1382 1422 1433 1445 10,
1454 1416 1521 1441 onis.
1542 1415 1560 1441 f.
1791 1415 1848 1441 cic.
1863 1415 1892 1441 in
1906 1416 2007 1451 Topic.
2023 1427 2052 1451 93
2066 1429 2125 1452 <225
2143 1422 2194 1448 Re.

1138 1452 1236 1477 futatio
1250 1457 1337 1476 autem
1352 1451 1539 1482 accusationis,
1561 1450 1587 1476 in
1602 1460 1653 1485 qua
1668 1451 1703 1476 est
1716 1450 1834 1483 depullio
1852 1451 1988 1485 criminis,
2008 1463 2075 1488 quae
2095 1456 2194 1484 Graece

1138 1487 1205 1513 ςοὶσις
1222 1486 1336 1517 dicitur,
1357 1487 1451 1512 Latine
1466 1486 1613 1519 appelletur
1627 1486 1721 1517 status,
1742 1486 1771 1511 in
1792 1494 1846 1519 quo
1871 1487 1987 1519 primuni
2015 1490 2108 1517 infistit
2123 1492 2193 1526 quali

1138 1522 1171 1548 ad
1202 1521 1403 1554 repugnandum
1434 1522 1566 1555 congress'a
1599 1519 1728 1546 desenfio.
1823 1522 1914 1548 Firma
1942 1524 2072 1551 refutatio
2108 1529 2194 1561 Quin.

1597 1415 1754 1449 [οἷνασκευὴ]

1091 1568 1129 1593 40
1137 1557 1193 1582 fiii.
1219 1564 1248 1588 ς,
1269 1564 1306 1581 10.

1173 1598 1191 1618 R
1202 1597 1217 1617 Ε
1228 1598 1244 1617 F
1254 1598 1273 1617 ν
1283 1591 1395 1618 ΤᾸΤΟ
1405 1597 1422 1616 R
1433 1610 1440 1621 ,
1461 1590 1526 1617 oris.
1547 1600 1583 1616 m.
1620 1590 1722 1617 Arnob.
1738 1600 1746 1617 1
1761 1601 1784 1627 p.
1800 1596 1824 1621 ¹8
1843 1592 1984 1621 Refutator
1997 1596 2159 1626 incredulus.

1174 1633 1218 1653 RE
1231 1633 1246 1652 r
1259 1633 1341 1652 vTA
1354 1632 1375 1652 T
1388 1633 1526 1658 ortvs,
1548 1636 1576 1656 a,
1598 1636 1652 1653 uni.
1673 1627 1734 1654 Adi.
1773 1628 1956 1656 Refutatoriae
1971 1641 2060 1665 preces
2096 1634 2112 1660 l.
2128 1638 2146 1669 j.
2160 1637 2192 1663 C.

1136 1662 1168 1688 de
1183 1663 1258 1689 relat.
1274 1663 1291 1689 l.
1308 1667 1333 1692 18
1348 1662 1378 1688 C.
1393 1662 1424 1688 dc·
1440 1662 1537 1697 appell.
1553 1670 1578 1689 et
1591 1664 1753 1689 Restitatorii
1770 1664 1875 1697 libelli,
1912 1666 1928 1692 l.
1942 1675 1973 1701 37
1987 1667 2009 1704 9.
2021 1671 2037 1703 j.
2051 1670 2082 1695 C.
2097 1672 2192 1699 eodem

1136 1700 1178 1725 tit.
1193 1700 1209 1725 Ι.
1227 1699 1313 1729 8eod.
1329 1699 1356 1724 in
1380 1699 1411 1725 C.
1426 1698 1535 1725 Tlieoil.
1574 1699 1655 1725 Iudex
1674 1708 1688 1725 a
1709 1708 1764 1733 quo
1783 1708 1958 1734 prouocatum
1981 1712 2036 1731 erat
2054 1707 2193 1740 opinionic

26 1735 48 1773 ff
70 1747 86 1764 2
128 1738 261 1777 Resugus,
276 1746 305 1767 a,
324 1745 378 1763 11111.
403 1737 461 1763 Adi.
498 1736 572 1772 Qioil
584 1734 616 1770 ql?
630 1736 736 1766 recline,
751 1741 797 1762 aut
809 1735 947 1761 reieeium.
984 1734 1075 1761 Sidon.
1087 1744 1121 1770 45
1136 1736 1197 1774 suae
1212 1736 1363 1769 exemplum
1378 1734 1560 1768 litigatoribus
1576 1734 1638 1761 dare
1652 1735 1765 1762 debebat
1778 1743 1803 1763 et
1817 1736 1873 1763 afta
1887 1739 1973 1765 edere.
2011 1742 2089 1774 Qiod
2110 1743 2127 1769 fi
2148 1746 2192 1771 ciii

118 1793 124 1800 .
160 1773 262 1807 Capitis
272 1781 336 1807 apex
351 1773 490 1805 rotundus,
504 1773 532 1799 in
548 1771 665 1805 patulum
678 1780 693 1798 a
708 1771 819 1806 planitie
835 1772 931 1798 frontis
946 1771 1074 1798 verticem

26 1809 149 1836 caesaries
160 1810 252 1843 refuga
264 1809 399 1843 crispatur.
471 1808 563 1835 Amnis
578 1808 685 1842 refugus
711 1807 776 1834 Plin.
790 1808 883 1842 Pancg.
898 1817 919 1834 c.
935 1816 974 1839 30.
1025 1808 1073 1833 Ca-

27 1844 84 1878 pilli
97 1844 183 1879 refugi
197 1854 211 1871 a
224 1845 327 1877 fronte,
346 1845 371 1871 h.
386 1854 405 1870 e.
427 1844 538 1881 Ruti-xi,
555 1852 577 1871 et
591 1846 657 1870 velut
670 1843 826 1880 rrsiigi'fflitu
835 1864 843 1876 ,
863 1844 946 1879 quales
952 1843 1016 1878 sunt
1025 1846 1074 1869 cri-

20 1880 64 1916 spi
76 1881 222 1907 Maurorum
235 1880 319 1916 capilli
340 1881 435 1907 Lucan.
452 1889 488 1911 io,
503 1889 552 1913 ¹32·
624 1880 734 1906 Flumen
746 1879 871 1914 refugum
892 1879 974 1906 Ouid.
993 1879 1073 1913 Epist.

28 1921 63 1946 18,
78 1921 128 1946 ¹82·
199 1916 302 1951 Resugo
314 1917 458 1943 contemnit
473 1917 584 1942 Honore
607 1915 728 1943 Prudent.
744 1916 841 1950 Apoth.
856 1925 881 1941 v.
894 1920 945 1948 58¹·

26 1960 54 1978 re
86 1952 211 1987 refugum
251 1953 313 1979 Stat.
345 1952 436 1979 Theb.
470 1961 495 1978 12
510 1972 519 1985 ,
549 1955 609 1985 634.
715 1953 816 1978 Vmbra
849 1951 943 1986 refuga
980 1951 1071 1978 Valer.

27 1988 124 2022 Argon.
138 1996 211 2022 4,4i.

61 2030 79 2049 R
91 2030 107 2050 Ε
121 2029 136 2050 ¹²
149 2030 199 2050 νῦ
210 2031 217 2049 1
228 2030 248 2048 V
257 2030 282 2050 Μ
296 2043 304 2056 ,
321 2024 340 2050 i.
376 2032 402 2050 n.
439 2023 591 2057 [οἷποφυγή]
628 2023 722 2054 Locus,
741 2021 776 2049 ad
800 2031 869 2058 qiicm
898 2022 1071 2058 confugimus.

27 2059 83 2085 Cic.
97 2059 149 2086 Off,
163 2068 187 2090 2,
200 2062 229 2086 26
242 2069 264 2086 c.
279 2065 292 2090 8
314 2060 430 2093 Regum,
451 2059 767 2093 populorum,nationum
781 2065 872 2092 portus
881 2065 979 2090 crat,et
995 2058 1065 2084 refu-

27 2094 99 2128 gium
113 2095 227 2123 Senatus.
722 2124 731 2128 -

28 2138 108 2163 quam
123 2131 191 2157 css‘et.
262 2131 404 2165 Refugium
419 2130 595 2157 abscondendi
608 2131 682 2157 causa
693 2131 771 2157 seruo
787 2130 914 2164 praeliare
950 2130 967 2156 l.
984 2139 991 2156 1
1012 2129 1036 2167 §.
1056 2139 1072 2156 2

27 2164 53 2192 ff.
67 2165 100 2192 dt:
115 2167 179 2193 seru.
194 2174 262 2192 corr.
336 2167 462 2201 Refugia,
475 2167 538 2202 Jiint
551 2167 616 2192 Loca
632 2166 717 2192 domus
732 2165 876 2199 abditiora,
896 2172 919 2192 et
935 2169 1074 2201 penitiora,

25 2203 52 2226 iii
67 2210 137 2235 quae,
157 2205 298 2227 imminenti*
316 2205 344 2227 ω’
361 2211 467 2235 mamre,
487 2203 526 2228 υεΙ
538 2199 658 2235 hostium,
678 2204 718 2228 vel
729 2203 856 2232 incendii,
875 2203 936 2227 bona
943 2201 991 2235 Jiia
1005 2199 1074 2232 refu-

22 2236 108 2271 gi'cndi'
126 2237 235 2263 incendii
254 2239 294 2263 uc!
311 2236 413 2269 hostium
433 2241 536 2273 impetus
553 2238 640 2273 caiisa,
660 2237 851 2271 paterfamilias
871 2234 1072 2267 coniicerefiilct.

26 2273 172 2298 Huiusmodi
190 2274 242 2298 loca
255 2279 367 2307 api-rire,
385 2280 407 2300 ei
417 2274 605 2308 prriii.ijuccri=
615 2292 623 2303 ‚
640 2269 831 2304 vsicfruffuario
845 2278 892 2293 mm
906 2270 972 2293 lice!-

23 2308 92 2342 pian.
107 2309 133 2334 in
148 2308 164 2334 l.
177 2308 202 2334 Si
215 2309 289 2334 cuius
302 2309 340 2334 rei
350 2328 356 2337 ,
378 2310 408 2335 D.
422 2308 454 2334 de
468 2308 550 2333 vsufr.
565 2312 591 2330 et
606 2304 755 2338 queiuiidm.
770 2312 829 2336 quis
844 2309 908 2329 vtat.
922 2303 1000 2329 fruat.
1022 2302 1070 2327 Sed

22 2352 108 2378 neque
119 2343 217 2370 diaetas
231 2348 434 2372 transtorniare,
454 2342 494 2366 vel
509 2340 680 2373 coniungere,
696 2347 773 2364 easue
791 2339 908 2371 separare
922 2338 947 2362 ei
962 2337 1070 2374 permit-

22 2379 88 2406 titur
102 2390 107 2405 :
146 2380 187 2405 vel
203 2379 287 2404 aditus
296 2396 305 2408 ‚
326 2376 471 2410 potiicasiie
483 2382 596 2406 vertere,
614 2375 656 2400 vel
669 2374 772 2407 refugia
785 2373 899 2406 aperire,
917 2371 959 2398 vel
969 2378 1068 2397 atrium

20 2421 121 2441 {Durare
130 2433 137 2443 ,
160 2421 206 2438 816-

59 2457 94 2475 111
116 2453 132 2473 F
144 2454 162 2471 v
173 2454 188 2473 L
199 2452 219 2473 G
232 2452 292 2478 Eo,
311 2440 345 2476 fi‘,
362 2448 415 2471 ere.
450 2443 630 2477 [οἱπελῶμπω]
672 2441 750 2481 Valde
758 2441 871 2477 fulgere.
910 2440 976 2467 Plin.
992 2449 1024 2472 ii,
1040 2445 1067 2470 28
1079 2443 1110 2475 65
1129 2441 1196 2468 ibid.
1211 2451 1235 2476 p.
1252 2445 1295 2468 62.

24 2485 103 2510 Nune
121 2490 263 2517 pennarum
284 2480 358 2506 hiatu
378 2479 545 2512 refulgentes.
653 2478 772 2504 Claram
793 2477 850 2506 lucc
863 2476 964 2503 refulfit
989 2477 1066 2511 Virg.

24 2520 87 2544 Aen.
101 2527 119 2546 1.
136 2525 190 2549 592·
294 2513 405 2541 Ceruice
417 2515 491 2541 rosea
505 2512 608 2541 refulfit
627 2513 702 2540 Idem
717 2512 785 2540 ibid.
807 2524 823 2544 1,
837 2515 899 2546 406.
986 2513 1066 2539 Fama

22 2552 154 2587 splendida
171 2550 284 2585 refulget
303 2550 420 2584 Propert.
435 2558 457 2582 3,
470 2558 514 2582 20,
528 2555 550 2579 8.
631 2551 734 2576 Humus
747 2548 847 2576 refulsit
863 2548 919 2575 luce
933 2557 1065 2583 purpurea

20 2587 101 2614 Ouid.
117 2586 182 2614 Fast.
196 2589 223 2619 6,
237 2595 287 2619 252.
365 2585 474 2612 Lucifer
486 2585 619 2620 refulgens
634 2585 667 2612 ab
682 2586 775 2611 occasu
797 2584 863 2611 Plin.
878 2594 899 2617 2,
914 2590 937 2614 8.
1010 2585 1068 2611 Nu-

20 2624 65 2650 bes
78 2623 154 2658 longe
166 2622 280 2656 refulget
301 2621 376 2655 Virg.
392 2622 457 2648 Aen.
471 2627 494 2653 8,
502 2623 558 2653 623.

18 2659 85 2686 ibid.
100 2667 126 2691 9,
140 2666 197 2693 374.
268 2657 311 2684 Sol
325 2657 437 2691 refulget
451 2658 478 2684 in
494 2656 595 2690 liquida
612 2665 678 2692 aqua
699 2656 821 2684 Ouid.de
831 2658 894 2683 Arte
908 2657 966 2682 Ain.
976 2666 998 2689 2,
1006 2664 1067 2690 722.

19 2696 79 2729 Spes
92 2694 209 2724 refulfit,
243 2693 296 2720 viil.
315 2700 389 2720 ενι-ῖς.
479 2693 602 2727 Ξιιΐμεᾶιι
617 2693 758 2728 refulgere.
800 2692 866 2719 Plin.
882 2701 917 2725 9,
933 2697 958 2724 38
979 2692 1064 2719 Color

21 2730 152 2764 sanguinis
173 2730 306 2761 concreti,
329 2729 459 2764 nigricans
482 2728 586 2764 aspectu
595 2748 602 2760 ,
627 2729 753 2764 idemque
778 2728 897 2764 suspectu
917 2727 1062 2763 refulgens.

21 2765 129 2794 Vmbris
142 2766 273 2800 refulgere
293 2765 359 2791 Plin.
375 2773 416 2800 37,
429 2773 450 2797 ς.
1065 2768 1067 2770 ·

61 2808 77 2828 R
92 2806 276 2828 EFVLGEN
291 2807 382 2834 Tin,
417 2809 456 2827 ae.

18 2837 154 2871 fulgentia.

56 2879 75 2900 R
85 2879 102 2900 Ε
113 2879 129 2899 F
139 2879 159 2898 V
168 2879 190 2899 N
199 2878 217 2899 D
227 2878 246 2898 Ο
256 2891 264 2904 ,
280 2871 356 2904 fudi,
381 2871 468 2898 fusum
476 2891 485 2903 ‚
511 2872 564 2898 ere.
600 2871 737 2906 [ἐνοικέω]
775 2870 885 2898 Fundere
898 2874 987 2898 iterum
1002 2871 1067 2907 quod

541 2907 607 2934 Plin.
619 2916 644 2940 2,
659 2917 698 2934 101
713 2907 831 2935 Glaciem
845 2907 986 2940 refundat,
1005 2916 1066 2933 cun-

21 2910 172 2945 congelatum
187 2914 256 2939 erin,
269 2907 381 2942 fundere
388 2907 499 2943 saepius.

667 2943 816 2975 Refundat,
854 2947 872 2969 i.
895 2944 1006 2979 chelet‚
1027 2953 1064 2970 rc-

22 2943 114 2977 &aque
129 2943 254 2970 humifico
267 2943 360 2978 spiritu
373 2943 450 2970 laxet.
486 2942 515 2969 de
527 2944 594 2970 luna.

18 2979 99 3013 soluat
108 2999 116 3012 ‚
135 2979 289 3015 liquefaciat.

3 3022 9 3032 ν
24 3014 112 3049 ribus)
131 3014 212 3047 altae,
231 3020 426 3050 renouataeque
452 3014 558 3046 stellae,
575 3022 654 3050 atque
680 3016 766 3042 omnis
793 3015 901 3047 aether,
919 3014 1065 3041 refundunt

25 3049 131 3081 eadem,
150 3055 176 3077 et
188 3051 288 3076 rursum
301 3051 408 3077 trahunt
422 3050 550 3077 indideiii.
639 3052 728 3086 Aquas
742 3050 841 3078 refudit
858 3060 923 3078 vrna
946 3052 1065 3085 Propert.

24 3093 50 3116 2,
66 3088 108 3117 26,
122 3093 161 3116 50.
228 3085 307 3112 Ouid.
320 3086 383 3113 Met.
394 3091 481 3120 ¹¹24?ss
498 3086 526 3112 de
540 3092 603 3112 metu
617 3088 767 3124 naufragii,
787 3087 878 3121 Egerit
894 3087 937 3113 hic
957 3087 1066 3121 (imula)

24 3120 134 3151 fluctus,
154 3127 302 3157 aequorque
320 3122 435 3149 refundit
455 3122 484 3148 in
497 3131 605 3156 aequor.
699 3123 857 3157 Sanguinem
879 3123 959 3150 alicui
974 3123 1063 3150 refun-

25 3156 86 3196 dcrc
104 3163 129 3181 et
144 3154 224 3187 bona,
243 3156 414 3188 proReditere
432 3158 493 3185 Liu.
531 3177 538 3184 .
555 3163 583 3184 ’-
621 3178 627 3184 .
689 3158 764 3185 Vnda
778 3159 860 3186 fracia
875 3159 959 3190 amnis
971 3159 1062 3185 refun-

24 3192 98 3231 ditur
115 3192 177 3217 Stat.
188 3190 278 3217 The.
293 3200 318 3224 9,
331 3195 388 3255 ³65.
476 3193 524 3220 Sil.
541 3203 579 3228 ¹4,
593 3202 640 3227 550
663 3195 728 3221 Mox
743 3195 786 3222 sua
799 3202 881 3229 ponto
896 3194 1062 3230 Singultante

24 3235 112 3254 anima
125 3227 246 3260 propulsa
260 3227 339 3254 refun'
354 3229 406 3256 itur
420 3228 497 3256 vnda.
570 3231 637 3256 Hinc
648 3230 755 3266 metaph.
772 3230 939 3263 Refundere,
959 3229 990 3263 est
1000 3230 1064 3257 Reci-

25 3263 97 3302 dere,
116 3261 251 3302 restituere⁴
353 3264 508 3292 Refudimus
522 3264 589 3292 Nilo
602 3266 660 3293 suas
673 3267 771 3302 Copias
806 3267 873 3294 Plin.
890 3268 983 3301 Paneg.
995 3276 1016 3293 c.
1029 3275 1063 3298 31.

24 3299 132 3333 leian.
147 3306 176 3324 in
188 3298 206 3323 l.
222 3298 247 3324 Si
264 3299 397 3330 pecuniam
409 3301 441 3327 D.
456 3301 488 3328 de
499 3301 598 3328 condit.
614 3303 682 3329 caus.
695 3303 748 3330 dat.
784 3303 953 3337 Consequens
968 3302 1019 3335 est,
1033 3309 1062 3329 vt

25 3333 141 3360 dicamus
155 3342 215 3360 eum
229 3333 368 3361 refundere
380 3336 451 3370 quod
468 3338 574 3369 accepit.

61 3376 80 3396 R
90 3376 131 3407 izi*
141 3375 180 3395 vs
190 3376 210 3394 ν
221 3377 249 3401 s,
268 3378 281 3396 a
291 3389 299 3401 ,
310 3378 373 3409 ¹um.
398 3371 487 3398 Partic.
524 3372 691 3409 [οἶναχυθεὶς]
733 3375 784 3407 Vt,
804 3374 870 3401 Plin.
884 3376 922 3408 36,
936 3376 966 3400 26
977 3380 1016 3408 pr.
1035 3374 1063 3400 de

23 3406 82 3433 Belo
100 3408 190 3440 tinnio,
209 3405 273 3444 Non
288 3404 336 3432 nisi
350 3405 436 3433 refuso
447 3408 513 3435 mari
527 3417 617 3436 arenas
630 3409 736 3437 fatetur.
779 3412 837 3437 Non
851 3409 1064 3446 deprehcndimiur

23 3444 51 3467 iri
64 3449 89 3467 eo
101 3450 198 3480 arenae,
216 3442 263 3474 niji
276 3449 396 3476 quousque
408 3451 471 3470 mare
481 3444 581 3506 rssfliii'e,
599 3452 623 3471 ce
635 3444 700 3479 aestu
713 3445 870 3482 refunditur.
942 3447 1063 3473 Oceanus

25 3476 124 3502 refusus
146 3477 220 3510 Virg.
234 3477 298 3503 Aen.
314 3485 340 3511 7,
352 3485 408 3508 223.
510 3486 575 3507 onto
587 3481 662 3508 sonat
676 3482 743 3508 vnda
756 3482 847 3509 refuso
873 3481 947 3516 Virg.
963 3482 1062 3516 Georg.

25 3520 48 3544 2,
62 3514 110 3552 toa.
123 3550 128 3554 .
146 3512 171 3538 h.
184 3521 204 3538 ι’.
223 3513 297 3539 Retro
304 3513 381 3548 fusi),
400 3519 424 3539 ct
439 3514 536 3542 molibus
547 3516 662 3552 oppqfitis
679 3520 797 3546 irruente.
869 3518 962 3552 Stagna
976 3517 1062 3544 refusa

25 3546 99 3587 vadis
118 3557 190 3580 imre,
203 3556 228 3583 q.
241 3547 266 3574 d.
283 3552 310 3574 in
323 3551 400 3575 altum
408 3549 472 3585 fusa
502 3551 573 3586 Virg.
588 3554 652 3579 Aen.
667 3562 689 3586 i,
703 3562 754 3585 130.
860 3553 946 3581 Valles
960 3554 1061 3581 refusae

25 3582 72 3608 Sil.
87 3590 125 3617 17,
138 3585 176 3614 63.
210 3584 367 3610 multitudine
379 3585 502 3611 hominum
515 3587 578 3622 quasi
590 3589 664 3615 undis
677 3591 799 3625 impletae.

63 3624 83 3652 R
92 3625 107 3644 Ε
117 3624 133 3645 F
142 3621 163 3645 V
172 3626 184 3645 S
193 3625 209 3645 E
218 3638 232 3659 ,.
247 3619 287 3645 ius
295 3639 302 3651 ,
321 3619 411 3647 iffime.
441 3619 510 3646 Adii.
544 3622 763 3659 [οἷνακεχυμένως]
800 3625 934 3652 Columel.
949 3634 969 3659 4
977 3646 985 3658 ‚
1004 3634 1013 3652 1
1022 3645 1030 3657 ‚
1051 3634 1063 3657 3

27 3651 97 3679 Nam
112 3654 252 3694 semper-in
265 3655 343 3690 plano
356 3655 467 3683 refusius
481 3657 565 3691 egesta
576 3657 684 3695 humus,
698 3660 828 3688 tumidior
843 3660 895 3694 est,
915 3669 992 3695 quain
1005 3670 1062 3696 gra-

26 3687 74 3714 dus
87 3689 135 3715 soli
147 3689 221 3716 erudi
229 3710 238 3723 ,
257 3695 276 3718 ι’.
284 3691 408 3727 fodiendo
423 3692 529 3727 resbliita
541 3699 565 3718 et
570 3693 733 3728 fermentata.

63 3729 105 3750 niz
115 3731 130 3750 r
140 3731 197 3752 vs1
208 3732 244 3759 o,
264 3728 329 3766 anis.
350 3727 370 3754 f.
408 3728 526 3754 Macrob.
541 3728 638 3768 Saturn.
652 3741 670 3762 i,
683 3741 707 3759 21
716 3732 764 3769 sub
771 3732 824 3769 fin.
843 3733 973 3760 Pluuialis
987 3732 1062 3767 copia

26 3757 64 3784 est
77 3759 173 3786 refusio
185 3760 320 3796 humoris,
338 3763 371 3790 ad
392 3764 485 3798 supera
499 3763 586 3790 tracti.

62 3800 81 3820 11
91 3800 132 3837 111ἒ
145 3802 163 3820 ν
173 3802 255 3838 80111
266 3805 324 3831 vs,
343 3808 374 3832 a,
395 3809 450 3827 uni.
474 3800 535 3827 Adi.
576 3800 626 3831 Vt,
641 3801 796 3830 Refusoriae
810 3803 920 3838 literae,
937 3803 1060 3841 responso-

25 3834 79 3855 riae
95 3829 182 3857 Sidon.
195 3831 272 3866 Epist.
284 3841 315 3865 9,
331 3843 368 3861 io.

58 3871 78 3893 R
87 3871 129 3893 EF
138 3867 229 3899 V'TO,
248 3872 300 3895 ire.

178 3908 199 3929 v
208 3909 227 3932 o
235 3910 262 3932 i..
294 3905 347 3933 iv.

1029 2267 1073 2292 Vl-
1083 2272 1118 2298 60
1132 2267 1244 2301 ὀρνύφιον.
1278 2268 1345 2301 Agit
1358 2266 1388 2291 de
1400 2274 1427 2290 ea
1440 2274 1483 2291 aue
1497 2266 1605 2293 Simonis
1621 2268 1689 2294 falc.

663 2621 754 2648 Radiis
769 2620 884 2655 refulget
898 2620 1008 2647 aduersa
1028 2619 1108 2658 Id.70
1126 2620 1190 2647 dum
1204 2623 1253 2648 hae
1269 2622 1385 2662 regolare
1400 2622 1519 2650 sinuntur
1534 2627 1606 2650 vites.

496 2800 517 2827 f.
553 2800 630 2836 Apul.
645 2800 746 2828 Florid.
769 2809 788 2834 4
822 2799 1001 2827 Lacunarium
1027 2809 1107 2837 re-75

360 2979 416 3006 Cic.
437 2978 469 3005 de
484 2978 547 3005 Nat.
561 2979 641 3006 Deor.
654 2988 680 3011 2,
694 2985 730 3010 118
746 2989 768 3005 c.
781 2983 816 3012 46
837 2978 944 3012 Qiibus
966 2979 1108 3014 (vapo-go

1136 1779 1224 1797 minus
1245 1771 1338 1805 plena,
1358 1770 1401 1796 vel
1422 1771 1555 1797 contraria
1575 1771 1746 1804 viderentur,
1767 1772 1788 1798 is
1811 1773 1982 1802 refutatorias
1996 1785 2085 1809 preces
2100 1779 2193 1806 offere-

1135 1806 1195 1838 bat,
1217 1815 1284 1841 quae
1299 1806 1372 1832 simul
1388 1807 1562 1833 mittebantur
1599 1807 1616 1833 l.
1632 1813 1656 1837 18
1671 1808 1701 1834 C.
1718 1807 1750 1833 de
1763 1809 1885 1843 appellat.
1959 1812 2192 1850 SymmachAEpisi,

1136 1851 1155 1873 1,
1170 1852 1194 1874 3¹
1214 1843 1297 1869 Cuius
1310 1843 1436 1868 inei-itum
1453 1844 1602 1877 perennitas
1618 1843 1703 1870 vestra
1718 1843 1794 1871 icens
1807 1845 1898 1880 gestis,
1919 1855 1949 1873 ac
1962 1848 2131 1878 refutatoriis
2149 1862 2191 1879 co-

1134 1878 1303 1907 haerentibus
1322 1878 1480 1906 aestimabit.

1016 1916 1072 1941 Μᾶ-
1085 1928 1117 1954 50

1518 1953 1547 1984 R
1644 1954 1671 1985 E
1768 1953 1797 1985 G

1169 2020 1454 2061 11136111161178,
1474 2024 1516 2049 vel
1533 2029 1821 2055 REGAVtOLVS,
1841 2023 1859 2049 i.
1880 2033 1916 2050 m.
1953 2026 2190 2060 Auif‚q:iamTro-

1133 2058 1347 2099 chilumtpiitaut
1357 2079 1364 2090 ,
1381 2059 1410 2084 de
1423 2069 1471 2093 qua
1494 2060 1560 2084 Plin.
1579 2064 1601 2088 8,
1617 2067 1655 2086 ις.
1703 2064 1727 2082 et
1742 2066 1779 2089 10,
1793 2065 1830 2090 74
1841 2058 1944 2092 scribis,
1959 2062 2087 2095 appellari
2099 2074 2189 2100 regem

318 2096 386 2121 Suet.
401 2096 427 2121 in
440 2095 539 2122 'siben
553 2103 580 2127 35
601 2095 643 2121 Ne
658 2095 792 2125 refugium
809 2095 835 2120 iu
850 2095 896 2120 tali
910 2093 1004 2121 fraude
1017 2094 1072 2120 cui-
1087 2106 1115 2132 55
1133 2095 1224 2120 auium
1237 2103 1266 2120 in
1278 2094 1355 2120 Italia
1366 2113 1372 2124 ‚
1394 2101 1502 2126 propter
1517 2092 1614 2118 dissidia
1630 2099 1656 2117 ct
1670 2090 1749 2123 bella,
1762 2102 1829 2126 quae
1843 2095 1900 2120 funt
1914 2096 1984 2122 inter
1997 2106 2054 2124 eam
2068 2106 2094 2126 et
2113 2103 2187 2135 aqui.

1134 2130 1196 2156 lam.
1235 2131 1290 2155 Ali,-
1298 2135 1392 2162 P‘fflfflt
1406 2128 1557 2160 Gdlgulum.
1644 2126 1714 2162 Suet.
1728 2128 1756 2153 in
1770 2128 1819 2154 Iul.
1832 2129 1902 2155 Caes.
1917 2139 1938 2156 c.
1953 2135 1977 2160 81
1998 2133 2088 2161 Pridie
2099 2143 2188 2166 autem

1133 2165 1238 2189 easdem
1252 2163 1330 2193 idus,
1347 2170 1424 2187 auem
1440 2162 1596 2196 regaliolum
1609 2170 1669 2187 cuin
1683 2162 1775 2188 lau‘reo
1788 2165 1892 2190 ramulo
1909 2165 2084 2201 Pompeianae
2099 2174 2189 2201 curiae

1133 2199 1158 2223 se
1171 2198 1342 2228 inferentem,
1363 2198 1487 2223 volucres
1502 2196 1571 2222 varii
1585 2197 1688 2229 generis
1707 2198 1831 2230 proxstno
1845 2208 1954 2228 nemore
1969 2205 2120 2236 prosecutae
2135 2210 2175 2237 ibi

1133 2232 1193 2258 dem
1212 2232 1412 2265 discerpserunt.
1521 2232 1578 2257 Vet.
1593 2232 1673 2257 Closs.
1688 2232 1849 2267 Regauiolus
1864 2238 1959 2263 σπίννος.
1995 2244 2024 2265 11.
2045 2228 2188 2273 βασιλίσκο;

1705 2271 1800 2295 Aurini
1815 2270 1925 2306 Epistola
1938 2274 1973 2299 ad
1984 2275 2076 2314 Scalig.
2091 2282 2117 2306 in
2131 2282 2150 2308 S
2162 2284 2186 2310 ³!-

1130 2303 1184 2337 Iage
1198 2302 1284 2326 Burm.
1308 2301 1339 2326 T.
1353 2309 1369 2326 2
1382 2307 1411 2335 p·
1423 2309 1474 2330 31²·
2141 2293 2159 2317 J

1167 2340 1363 2366 REGALIS,
1382 2335 1434 2362 vid.
1462 2341 1582 2364 REGo.

1153 2375 1186 2410 ⁶R
1203 2376 1280 2396 EGA
1290 2377 1314 2396 M
1328 2377 1451 2402 MANS,
1491 2373 1567 2399 antis.
1608 2372 1704 2410 Figura?
1728 2375 1815 2402 literae
1847 2377 1887 2411 Γ,
1907 2388 2005 2416 gamma
2041 2384 2144 2420 format

1127 2405 1227 2432 Lineae
1266 2408 1327 2434 Var.
1359 2407 1391 2434 de
1427 2407 1518 2435 Limit.
1550 2409 1627 2435 Goes.
1661 2419 1685 2444 p.
1718 2418 1773 2443 25⁴·
1812 2413 1878 2447 Via,
1904 2417 1945 2443 vel
1979 2403 2056 2448 liu'ies
2081 2399 2183 2460 Agggii’

1164 2484 1440 2511 REGAVIOLVS,
1461 2478 1515 2506 vid.
1537 2486 1640 2508 REGA
1654 2487 1807 2510 LioLvs.

1164 2520 1181 2540 R
1191 2521 1207 2540 E
1217 2521 1237 2541 G
1249 2512 1265 2540 17:
1276 2520 1333 2544 Lo,
1355 2518 1406 2542 are.
1444 2515 1603 2542 Contrarium
1617 2516 1651 2551 ist
1658 2518 1706 2552 suo
1712 2517 1841 2554 simplici,
1862 2521 1921 2549 Gelu
1939 2525 2064 2561 resbluere.
2101 2531 2182 2560 Colu-

1126 2549 1188 2575 mel.
1204 2558 1223 2581 1,
1237 2558 1260 2582 ς,
1275 2555 1288 2580 8
1311 2550 1433 2584 Regelari
1446 2558 1507 2577 ortu
1523 2552 1594 2578 solis.
1666 2553 1740 2580 Idem
1754 2564 1780 2588 2,
1795 2558 1824 2582 16
1844 2557 1919 2585 Alter
1933 2561 2004 2594 quod
2018 2563 2119 2592 assidw.
2134 2568 2181 2595 hu.

1126 2585 1248 2612 moribus
1261 2586 1349 2620 rigens
1364 2586 1413 2612 hoc
1428 2586 1552 2614 adhibito
1567 2588 1707 2623 regelatur.
1801 2593 1831 2618 Ei
1844 2598 1950 2622 neutral.
1965 2607 1999 2630 ιι,
2013 2609 2038 2631 2,
2054 2611 2068 2627 7
2087 2603 2181 2631 [ganne

1125 2659 1261 2691 torpentia
1276 2659 1378 2691 frigora
1393 2657 1503 2685 bruniae
1537 2655 1670 2687 Candidus
1684 2625 1776 2696 addicet?
1786 2632 2180 2703 Zipssssyzu§Pptttgeiifflelrliitrpaiffge

1125 2694 1211 2720 Varro
1230 2695 1262 2720 R.
1278 2694 1309 2720 R.
1323 2702 1342 2725 i,
1356 2702 1398 2734 57,
1410 2703 1421 2725 3
1439 2695 1585 2729 Gratiaria,
1606 2706 1672 2730 quae
1687 2706 1779 2725 ventus
1795 2702 1911 2734 regelare
1924 2705 2013 2732 subtus
2026 2716 2040 2734 a
2055 2710 2112 2737 solo
2140 2714 2179 2739 os.

1125 2728 1164 2755 fit.
1189 2764 1193 2769 .
1281 2730 1338 2756 Sen.
1353 2730 1432 2764 Epist.
1446 2733 1481 2766 67
1511 2733 1567 2759 Iam
1587 2738 1657 2759 aetas
1677 2742 1735 2760 mea
1755 2742 1876 2764 contenta
1891 2740 1927 2766 est
1947 2741 1993 2768 suo
2006 2743 2109 2779 frigore
2121 2721 2179 2776 pvix

1124 2764 1212 2791 inedia
1232 2765 1365 2800 regelatur
1376 2766 1479 2793 aestate.
2110 2767 2117 2779 ’

1161 2806 1265 2828 REGE
1279 2803 1467 2836 1.ᾹΤν5,,.1,
1485 2812 1540 2830 11111.

1125 2837 1197 2872 quod
1212 2838 1326 2871 regelata
1338 2847 1427 2865 manu.

1162 2880 1205 2899 RE
1215 2879 1235 2913 (j
1245 2880 1261 2900 E
1272 2880 1285 2899 1,
1299 2881 1321 2914 A
1333 2880 1354 2900 ‘r
1364 2881 1372 2899 1
1382 2880 1404 2915 ρ
1414 2895 1422 2906 ‚
1443 2874 1512 2901 onis.
1531 2874 1551 2900 f.
1589 2875 1689 2917 Aggen.
1705 2877 1738 2904 de
1752 2879 1843 2906 Limit.
1859 2890 1884 2915 p.
1898 2889 1929 2916 57
1950 2884 2035 2911 Gallia
2049 2886 2176 2917 immodi-

1124 2917 1154 2935 ca
1170 2909 1278 2950 Alpium
1293 2919 1408 2950 niiies'in
1428 2920 1500 2937 mare
1513 2916 1687 2946 transmittit,
1708 2920 1733 2940 et
1755 2915 1904 2944 subitarum
1923 2921 2117 2953 regelationum
2137 2936 2176 2954 re-

1124 2951 1243 2979 pentinas
1259 2946 1445 2973 inundationes
1458 2952 1566 2981 patitur.
1639 2949 1709 2976 Adii.
1733 2950 1802 2977 Ibid.
1820 2961 1844 2986 p.
1860 2961 1904 2987 70.

1162 2988 1181 3008 R
1190 2988 1206 3007 E
1215 2987 1238 3021 q
1246 2988 1261 3007 Ε
1270 2989 1294 3007 Μ
1306 2988 1325 3009 0
1335 3002 1343 3014 ,
1364 2984 1417 3009 ere.
1457 2983 1577 3009 Gemiium
1590 2982 1674 3017 edere,
1697 2994 1725 3011 vt
1738 2987 1852 3022 resonare
1864 2996 1909 3015 etc.
1946 2992 2093 3026 Regcinunt
2114 3005 2177 3025 caua

1124 3015 1194 3043 buxa
1214 3017 1305 3044 Sidon.
1320 3019 1408 3058 Carm.
1424 3027 1447 3044 ii
1456 3018 1561 3054 subfin.
1598 3019 1672 3056 Coiif.
1693 3021 1754 3048 Stat.
1771 3023 1862 3050 Theb.
1880 3033 1901 3057 ς,
1913 3032 1967 3058 3¹39.

1156 3060 1182 3092 *R
1196 3059 1242 3080 EG
1252 3060 1269 3080 E
1280 3060 1301 3079 N
1315 3061 1332 3080 E
1343 3060 1359 3079 R
1370 3061 1407 3094 Q,
1438 3058 1492 3080 are.
1527 3054 1711 3098 [ivayevi‘oe‘wJ.
1729 3059 1838 3098 ⁵Iterum
1853 3059 1908 3093 flue
1930 3063 2026 3098 rurfiim
2047 3075 2175 3101 generare.

1124 3088 1189 3114 Plin.
1206 3097 1243 3121 12,
1257 3098 1267 3116 i
1285 3089 1385 3116 Platani
1398 3090 1465 3116 satae
1478 3098 1670 3131 regenerauere
1683 3099 1791 3133 yitiuin.
1900 3096 1972 3124 Idem
1988 3107 2022 3134 7,
2037 3109 2057 3127 11
2095 3104 2174 3138 Signa

1124 3124 1252 3158 quaedam
1280 3134 1433 3160 naeuosque
1454 3132 1480 3152 et
1499 3133 1633 3153 cicatrices
1652 3134 1732 3154 etiam
1751 3133 1910 3163 regenerari.
2029 3137 2095 3164 Plin.
2109 3147 2134 3174 7,
2149 3149 2175 3167 12

1578 2804 1672 2832 Partic.
1711 2807 1827 2834 Martial.
1842 2816 1875 2841 11,
1888 2818 1905 2842 9
1932 2811 2042 2841 siit-cina
2057 2817 2179 2852 virginea

1078 3170 1107 3199 85
1124 3160 1306 3187 indubitatum
1323 3162 1472 3195 exemplum
1485 3161 1521 3188 est
1535 3162 1637 3194 Nycaei
1650 3164 1750 3191 nobilis
1765 3166 1851 3193 Piciac
1866 3168 1986 3200 Byzantii
2007 3173 2090 3199 geniti
2100 3194 2106 3203 ,
2124 3177 2172 3210 qui

1123 3195 1255 3223 adulterio
1274 3197 1414 3232 Aethiopis
1436 3204 1495 3224 nata
1515 3205 1615 3231 matre,
1636 3200 1672 3225 nil
1692 3209 1706 3226 a
1720 3203 1829 3229 caeteris
1842 3203 1932 3230 colore
1948 3202 2084 3234 differente
2119 3210 2127 3237 i
2148 3213 2174 3239 se

1122 3240 1202 3258 auum
1223 3234 1393 3267 regenerauit
1417 3233 1593 3268 Aethiopem,
1628 3235 1653 3262 h.
1670 3245 1689 3262 e.
1712 3238 1794 3273 Niger
1819 3246 1893 3265 natus
1916 3239 1964 3272 ist,
1985 3245 2067 3277 qualis
2081 3221 2174 3280 faceat

1124 3277 1202 3301 auiis,
1222 3278 1293 3304 quum
1306 3277 1387 3296 tamen
1400 3270 1455 3296 alba
1467 3269 1523 3303 effe!
1535 3278 1621 3297 mater.
1730 3273 1771 3299 Sic
1784 3273 1847 3300 idem
1862 3275 1927 3301 Ptin.
1946 3285 1984 3309 14,
2000 3286 2026 3303 22
2047 3279 2105 3307 Nec
2118 3283 2174 3311 alio

1123 3305 1206 3339 magis
1219 3305 1319 3331 Drusus
1333 3306 1428 3332 Caesar
1440 3306 1601 3340 regenerasse
1614 3313 1714 3340 patrem
1728 3308 1876 3335 Tiberium
1894 3311 2040 3340 ferebatur.

1075 3351 1111 3376 90
1161 3347 1180 3366 R
1192 3348 1208 3367 Ε
1219 3346 1241 3367 G
1252 3347 1269 3367 E
1278 3349 1299 3367 N
1309 3348 1326 3368 Ε
1335 3348 1354 3367 R
1363 3348 1384 3368 A
1395 3348 1416 3368 T
1425 3348 1435 3368 1
1444 3348 1464 3368 Ο
1473 3362 1481 3373 ,
1501 3343 1570 3368 onis.
1591 3342 1609 3368 f.
1652 3344 1706 3370 Vox
1718 3344 1891 3378 ecclesiastica,
1901 3347 1968 3381 apud
1979 3350 2068 3377 Patres
2074 3353 2174 3388 pqffim,

1120 3379 1185 3402 etin
1205 3377 1278 3412 Vulg.
1295 3379 1361 3403 Nou.
1379 3375 1445 3410 Taest.
1462 3379 1531 3404 Inter
1549 3388 1570 3403 ν.
1585 3388 1724 3406 occurri-115.

1157 3418 1176 3437 R
1186 3419 1202 3439 13
1210 3419 1231 3452 (J
1239 3420 1256 3439 Ε
1266 3420 1285 3439 R
1294 3419 1317 3439 M
1329 3412 1375 3453 i'N
1384 3420 1404 3440 ο
1412 3433 1420 3445 ,
1440 3417 1492 3452 are.
1528 3386 1731 3448 fiiuiikuca'w]
1768 3416 1862 3443 Iterum
1874 3421 2024 3453 germinare.
2059 3422 2126 3451 Plin,
2135 3427 2164 3452 16

1122 3455 1149 3479 33
1169 3448 1199 3474 Et
1213 3458 1242 3475 in
1256 3450 1370 3475 Aenaria
1384 3449 1480 3475 succisa
1493 3451 1662 3484 regerminat.
2164 3445 2173 3459 ’

1160 3491 1178 3510 R
1188 3491 1204 3510 E
1214 3490 1235 3511 G
1246 3492 1262 3512 E
1274 3491 1293 3510 R
1304 3491 1328 3512 M
1339 3492 1348 3510 1
1359 3493 1381 3511 N
1390 3492 1413 3511 A
1425 3491 1447 3511 'r
1460 3492 1514 3518 io,
1535 3486 1600 3512 onis.
1623 3486 1642 3511 f.
1679 3486 1888 3523 [α’ναβλοίςησις]
1925 3489 1992 3516 ΡΙίη.
2011 3500 2049 3528 17,
2064 3502 2098 3520 20
2114 3496 2131 3521 s.
2140 3504 2173 3529 34

1076 3527 1107 3554 95
1119 3525 1162 3555 pr.
1180 3520 1418 3554 Regerrninatione
1433 3520 1545 3554 caedua,
1565 3521 1610 3547 vel
1624 3521 1703 3548 salice
1716 3521 1818 3549 laetior.
1855 3533 1910 3550 cum
1930 3527 2043 3555 caeditur
2056 3535 2172 3566 regermi-

1121 3562 1167 3582 nat
1178 3560 1260 3592 magis
1274 3566 1345 3592 quam
1354 3557 1432 3592 salix.

1113 3612 1116 3615 .
1160 3598 1203 3618 1111
1212 3598 1233 3619 G
1243 3590 1260 3618 fi
1269 3598 1287 3618 R
1297 3600 1317 3619 o
1327 3613 1342 3632 ⁷.
1355 3592 1380 3618 ffi
1389 3613 1397 3624 ,
1416 3592 1481 3618 stum
1491 3613 1500 3625 ,
1521 3594 1574 3620 ere.
1611 3592 1788 3627 [ἐπιβάλλω]
1823 3595 1899 3623 Retro
1910 3604 2029 3631 portare,
2050 3600 2173 3634 reducere,

1122 3629 1233 3654 reiicere.
1305 3629 1372 3654 Plin.
1387 3638 1412 3659 2,
1425 3636 1442 3660 9
1474 3629 1505 3654 In
1519 3629 1591 3655 coitu
1606 3627 1715 3662 quidem
1729 3637 1783 3655 non
1796 3631 1884 3663 cerni,
1911 3634 2038 3667 quoniam
2052 3635 2172 3664 haustum

1125 3671 1231 3689 omnem
1247 3663 1312 3690 lucis
1325 3665 1415 3690 auersa
1429 3663 1477 3689 illo
1489 3671 1607 3698 regerat.
1629 3664 1697 3689 vnde
1710 3666 1856 3699 acceperit,
1876 3667 1905 3693 de
1921 3671 1998 3695 Luna.
2091 3673 2172 3700 Colu.

1071 3699 1187 3726 ioomel.
1202 3708 1225 3732 2,
1239 3708 1273 3726 20
1298 3701 1400 3726 Deinde
1424 3708 1507 3734 quum
1529 3699 1561 3726 ad
1586 3699 1693 3726 alteram
1717 3709 1818 3734 partein
1841 3711 1917 3730 areae
1941 3707 2124 3740 peruenerint‚
2144 3709 2173 3736 in

1123 3743 1250 3762 aceruum
1263 3736 1363 3762 culmos
1377 3741 1505 3769 regerant.
1589 3735 1720 3769 Regerere
1733 3737 1833 3763 radices
1847 3739 1875 3764 in
1889 3741 2019 3767 summum
2039 3742 2171 3771 Columel.

1123 3778 1147 3803 3,
1161 3779 1192 3801 11,
1205 3780 1232 3804 4.
1326 3772 1421 3798 Oratio
1441 3770 1532 3797 fimilis
1550 3772 1747 3798 commentariis
1761 3782 1916 3807 puerorum,
1931 3777 1958 3802 in
1974 3786 2039 3811 quos
2052 3787 2081 3805 ea
2103 3789 2172 3814 quae

1124 3806 1184 3833 aliis
1195 3807 1403 3834 declamantibus
1417 3806 1519 3832 laudata
1534 3806 1608 3839 sunt,
1628 3815 1752 3843 regerunt
1778 3809 1910 3843 Qiinc'til.
1923 3820 1948 3843 2,
1963 3821 1995 3842 11,
2009 3821 2035 3847 7.
2084 3799 2092 3811 ²
2134 3818 2173 3841 <ic

1124 3840 1157 3875 <sl
1170 3845 1244 3869 etiam
1260 3846 1287 3869 in
1307 3844 1362 3870 MS.
1383 3846 1487 3876 optimae
1507 3849 1591 3873 notae,
1612 3853 1680 3879 qumi
1701 3844 1784 3871 'aridai'
1804 3844 1867 3877 l’offi
1888 3846 1917 3872 de
1937 3849 1988 3874 Vi't.
2004 3850 2078 3876 Semi.
2091 3861 2117 3881 1,
2134 3857 2171 3881 18.

332 3870 516 3907 [ἐνασκενᾶζω]
554 3871 657 3900 cidiiiae
667 3873 764 3902 verbum
775 3877 851 3903 initio
857 3874 939 3912 suff
952 3875 1062 3909 videtur,
1073 3882 1116 3911 105
1125 3877 1202 3912 EtJic
1211 3880 1321 3915 plerique
1334 3878 1481 3909 ediderunt,
1500 3877 1552 3916 ipse
1563 3882 1638 3906 etiam
1652 3880 1739 3907 Burni.
1754 3883 1798 3916 qui
1809 3883 1882 3909 malit
1895 3881 2033 3919 digerunt,
2052 3886 2117 3921 quod
2130 3887 2172 3911 ha-

1450 3913 1490 3946 Q..

2135 3921 2174 3948 bec
