2434 4156
215 109 281 148 ,43
585 83 734 124 R‘E
822 83 873 123 M
1705 75 1738 114 R
1823 75 1857 115 E
1935 76 1986 117 Μ
2285 84 2407 132 „34

212 185 323 221 repleuit.
390 174 495 201 Luci-et.
510 181 534 206 2,
548 178 589 205 515
609 171 748 208 despatio,
762 171 862 199 Finitu‘
875 170 928 203 est,
944 174 1070 204 retroque
1091 167 1149 203 pari
1172 167 1253 194 ratio·
1318 166 1455 194 ‚voluntate
1466 172 1526 192 mea
1540 165 1609 192 nihil
1623 165 1671 191 esse
1691 164 1838 194 remiffiim,
1860 164 1893 191 de
1915 165 2019 192 iudicio
2040 165 2159 201 largiter.
2264 166 2301 193 Ex
2314 175 2355 200 eo,

213 230 247 247 ne
259 211 404 244 remensum
418 209 456 235 ’st.
533 207 637 242 Paffiur.
673 208 820 242 Pelagoque
833 206 954 233 remenso
974 206 1049 240 Virg.
1058 205 1153 234 Aen.2‚
1162 207 1208 232 181.
1319 201 1391 237 quod
1404 203 1457 236 ipse
1472 202 1554 238 potest
1569 204 1596 228 in
1610 200 1735 231 dicendo,
1751 200 1916 235 aliquantum
1927 202 2054 233 remittet,
2073 208 2102 228 vt
2115 208 2143 228 111
2156 206 2244 228 tamen
2256 201 2357 236 aliquid

248 260 266 278 R
275 253 376 276 ΕΜΕΧ
386 265 395 277 ,
420 244 474 271 uid.
496 250 515 270 R
527 250 575 270 ΕΜ
586 250 605 268 ν
616 250 639 270 s.
1319 239 1368 265 eil'e
1382 237 1490 265 videare
1509 238 1565 264 Cic.
1582 238 1674 264 Diuin.
1687 237 1717 263 in
1730 236 1827 262 Caecil.
1842 244 1864 263 c.
1877 243 1911 268 ις.
2004 237 2079 264 Idem
2094 239 2172 264 Verr.
2186 241 2247 269 3‚82
2264 237 2295 263 In
2308 237 2357 266 illo

244 293 264 311 R
273 291 289 310 E
298 289 321 308 Μ
332 288 341 306 1
350 287 371 308 G
381 279 425 308 ἐκ
436 286 456 307 0
466 300 475 312 ,
494 284 547 306 are.
584 280 686 306 Reuem·
699 277 741 312 *ff
754 278 851 304 dicitur
865 277 951 304 Plauti
963 277 1030 303 Pers.
1044 285 1070 309 4,
1083 277 1127 305 6,3
1145 273 1256 299 Crume-
1319 273 1540 307 reprehenditur,
1561 273 1634 308 quod
1648 281 1680 298 ex
1694 281 1724 298 ea
1740 271 1850 307 pecunia
1871 272 2018 306 remiserit,
2035 281 2116 308 quam
2135 273 2189 308 ipse
2209 272 2359 307 quaesierat.

211 327 270 348 nam
300 317 367 344 hane
399 324 487 343 emere
520 320 566 342 aut
596 314 700 348 facere,
718 320 747 341 vt
776 315 920 349 remigcret
955 313 1075 340 domum.
1111 308 1159 336 Sed
1177 309 1255 335 Gron.
1279 315 1294 341 5
1321 309 1358 335 Ex
1372 310 1444 343 rugis
1456 308 1557 344 aliquid
1570 310 1611 335 vis
1625 316 1653 335 tu
1667 308 1825 335 remitteret
1859 306 1926 333 Plin.
1940 308 2019 342 Epist.
2034 317 2061 342 9,
2073 315 2112 343 17,
2126 317 2149 336 2.
2255 308 2291 335 Ex
2304 309 2359 336 vir.

208 354 356 388 Remigret.
1321 350 1378 371 tute
1399 345 1507 379 pristina
1525 347 1661 372 remittere
1677 344 1780 379 aliquid
1800 343 1872 370 Caes.
1880 342 1944 370 Bell.
1952 344 2034 371 Ciuil.
2043 353 2065 377 3,
2074 349 2111 374 28.
2305 341 2326 380 ff
2345 352 2359 377 3

246 395 267 417 11
276 395 327 416 EM
336 397 345 415 1
357 393 379 415 G
391 395 401 414 1
410 394 481 419 VM,
499 392 594 413 REMi
605 391 625 412 G
636 392 656 413 o
665 406 674 419 ,
693 385 747 412 uid.
768 393 787 413 R
798 392 815 412 Β
826 392 849 412 Μ
861 392 882 411 ν
891 392 914 413 s.
1224 414 1230 419 .
1321 381 1425 415 Reliqua
1438 380 1523 407 ordine
1534 380 1743 414 Substantiuorum
1756 382 1895 406 elementari
1907 379 2085 415 persequemur.
2128 378 2213 406 Aedes
2226 378 2360 407 remittere

246 431 292 452 RE
303 432 328 451 M
338 422 381 451 i‘G
390 430 408 450 R
418 430 437 450 o
445 442 455 455 ,
473 427 525 448 'ai-e.
563 421 776 456 [α’ναποναῶμαι]
814 423 907 448 Iterum
918 423 1042 455 migrare,
1061 418 1162 442 reuerti.
1198 415 1256 442 Cic.
1322 423 1382 449 quas
1393 419 1495 449 emeris,
1514 420 1615 443 emtione
1632 415 1730 451 resi-{ffb
1742 418 1837 452 petenti
1854 415 1978 441 venditori
1989 415 2133 448 restituere,
2152 415 2235 442 Plaut.
2249 414 2326 441 Most.
2338 423 2361 447 3,

209 460 294 488 Tusc.
312 469 333 493 ι,
348 464 386 489 118
401 468 422 485 0.
436 467 472 492 49
490 458 521 484 In
533 458 648 485 nostram
662 459 771 485 domum
786 458 971 492 remigremus.
1042 452 1115 478 Idem
1134 450 1214 478 Acad.
1235 459 1256 482 1,
1322 458 1348 482 2,
1363 459 1405 476 111.
1513 452 1579 479 Ρ1111.
1595 452 1672 486 Epist.
1687 460 1714 488 7,
1728 454 1756 479 16
1772 452 1819 478 Ille
1835 459 1877 477 me
1891 450 1919 475 in
1932 449 2103 484 Tribunatu,
2122 457 2168 477 etc.
2204 458 2286 484 quum
2294 449 2362 477 mihi

209 505 235 530 13
256 497 411 530 Remigrare
425 495 453 520 in
467 493 576 520 domum
591 501 708 521 veterem
722 503 736 520 e
750 503 830 520 noua.
939 492 1040 518 Lucret.
1055 496 1086 520 2,
1105 492 1154 520 965
1173 488 1257 521 Inque
1278 493 1307 512 10
1323 486 1415 512 Caesar
1441 495 1540 514 annum
1557 489 1698 515 remiserit.
1791 487 1918 514 Animum
1939 486 2089 517 remittere,
2108 485 2261 517 Delet‘iare,
2281 488 2362 520 inquit

209 533 299 559 locum
312 530 419 567 quando
434 529 595 564 remigrant,
619 529 647 556 fit
663 529 757 556 blanda
769 530 898 563 voluptas.
971 527 1083 551 Romam
1105 522 1157 549 tibi
1176 523 1256 549 remi·
1323 520 1429 547 N0¹¹i1¹⁸
1441 531 1470 555 4,
1483 530 1528 556 398
1546 528 1586 550 cui
1600 527 1754 551 contrarium
1768 522 1799 556 est
1815 521 1961 550 Intendere.
2032 521 2087 548 Cic.
2101 522 2129 548 in
2141 521 2266 548 Hortens.
2292 539 2298 546 .
2325 539 2332 547 .
2351 539 2361 549 .

209 568 338 603 grandnm
350 567 386 593 <³st
406 566 461 593 Cic·
476 566 548 593 Fam·
560 575 585 599 9,
606 571 641 596 18.
731 566 819 600 Atque
832 565 857 590 ei
872 572 904 589 ne
915 563 1049 594 integrum
1068 559 1177 594 quidem
1191 564 1256 588 erat,
1325 557 1438 597 (Qfflel'o⁴
1446 559 1517 585 enim
1529 568 1584 586 non
1596 559 1693 594 quibus
1707 559 1840 586 intendam
1854 559 1972 585 animum
1983 556 2071 590 rebus,
2079 557 2121 584 sed
2136 557 2232 592 quibus
2240 555 2362 589 relaxcm,

209 609 240 632 vt
251 603 285 630 ad
298 602 426 629 iustitiam
440 602 598 636 remigraret
617 601 674 627 Cic.
689 601 771 627 Tusc.
787 608 809 633 ς,
825 602 865 626 62.
949 597 1032 622 Plaut.
1045 596 1122 621 Poen.
1136 595 1205 621 Prol.
1221 601 1258 628 47
1324 600 1354 618 iic
1374 599 1515 631 remittam.
1618 596 1678 622 Liu.
1694 604 1733 629 39,
1748 604 1783 629 24
1819 595 1963 628 Nunquam
1988 599 2075 619 tamen
2095 593 2195 620 remisit
2214 592 2331 618 animum
2347 591 2364 618 ‘a

209 639 251 667 Ad
264 644 448 673 argumentum
460 646 530 663 nunc
544 637 682 664 vicissatim
696 637 761 662 volo
774 636 927 670 remigrare.
999 631 1072 657 Idem
1079 630 1154 666 Epid.
1164 639 1192 663 4,
1201 638 1259 662 i,42
1324 627 1480 661 colligendis
1498 631 1526 656 in
1544 639 1605 664 pace
1624 632 1743 663 viribus,
1762 630 1858 666 quibus
1871 629 2080 664 quandocunque
2101 629 2160 655 data
2173 628 2282 654 fortuna
2295 627 2364 659 esset,

208 674 345 709 Remigrat
358 674 462 700 animus
476 681 545 699 nunc
558 673 664 699 deinum
681 672 759 698 inihi.
1280 673 1306 701 15
1323 662 1357 690 ad
1370 662 1470 702 bellum
1483 671 1609 693 vteretur.
1644 671 1665 694 i.
1684 670 1817 702 Nunquam
1834 665 1935 700 efflauit
1944 666 2057 701 colligere
2068 667 2151 697 vires,
2171 671 2218 690 etc.
2308 663 2364 690 Cic.

246 717 267 737 R
278 708 351 737 131111
363 715 385 736 G
397 715 417 734 R
428 715 447 734 A
458 716 480 734 N
490 714 521 741 5,
551 709 627 735 antis.
674 708 770 735 Pal—tic.
813 706 901 732 Senec.
922 702 1000 738 Epist.
1013 710 1057 729 122
1071 708 1137 729 extr.
1158 701 1260 728 Contra
1326 699 1358 726 de
1372 699 1464 733 Legib.
1479 708 1499 739 2Ξ
1511 705 1537 740 33
1550 711 1570 727 c.
1586 710 1610 735 ις
1630 703 1660 729 Et
1674 703 1766 729 incitat
1780 703 1948 737 languentes,
1968 706 1993 727 et
2007 702 2129 734 languere
2142 700 2206 726 facit
2225 697 2365 725 excitatos:

208 754 304 780 aquam
331 745 511 778 remigrantes.
1324 741 1423 775 etntum
1434 741 1546 775 remittit
1559 738 1687 771 Animos,
1706 745 1763 765 tum
1784 737 1926 765 contrahit.
2032 735 2163 761 Ardorem
2195 742 2296 769 pugnae
2325 742 2365 760 re-

246 789 266 810 R
274 788 291 808 E
300 788 324 808 M
334 788 343 806 1
353 788 369 807 L
378 787 393 806 L
402 786 423 805 v
433 786 447 806 s
458 798 467 811 ‚
490 778 544 805 vid.
566 785 584 805 R
596 784 612 804 Ε
622 785 646 805 Μ
655 785 676 804 ν
686 786 709 806 s.
1209 807 1215 812 .
1239 806 1245 811 ⁴
1326 776 1433 797 mittere
1456 771 1517 797 Liu.
1529 779 1566 805 35,
1579 780 1601 805 ς.
1635 774 1661 800 h.
1674 784 1696 800 e.
1716 775 1840 801 Minuere.
1947 773 2031 798 Aures
2042 780 2101 797 cum
2115 778 2221 796 erexere
2241 768 2366 795 acerrimi

245 824 266 844 R
276 824 292 844 ε
301 824 325 843 Μ
334 823 344 841 1
356 822 377 842 Ν
389 822 397 840 1
408 821 420 841 5
433 819 450 840 c
462 821 478 840 E
491 821 512 840 N
524 820 545 840 τ
557 821 567 840 1
576 821 615 847 A,
638 823 678 841 ae.
702 814 723 840 f.
757 810 877 839 Tertull.
891 809 924 837 de
936 809 1034 837 Anima
1046 818 1068 836 c.
1082 816 1113 841 23
1139 808 1260 834 Remmi-
1325 806 1437 846 auditus*
1446 816 1468 846 3·
1489 815 1549 832 cum
1575 809 1713 842 remisere,
1732 810 1805 836 surdi
1840 809 1908 835 Plin.
1922 813 1944 838 8.
1958 816 1994 840 32·
2102 805 2264 832 Beneficium
2294 805 2366 831 Caes.

208 853 338 885 scentiae,
359 852 431 877 Plur.
446 850 547 876 Arnob.
555 858 577 876 2.
1277 849 1312 868 20
1329 842 1392 869 Bell·
1406 841 1490 869 C¹¹¹1l·
1503 850 1526 874 2,
1539 851 1577 875 32.
1691 846 1801 872 Causam
1814 845 1945 878 integram
1959 844 1991 870 ad
2005 843 2127 869 Senatum
2141 841 2255 868 remittit
2274 841 2368 867 Tacit.

244 895 322 915 1113111
333 895 342 914 1
352 893 373 913 N
383 893 391 912 1
403 892 415 912 s
425 892 487 917 co,
510 884 606 911 diflum
624 893 640 910 a
652 883 724 910 Rufo
738 882 853 914 rhetore,
868 880 1027 917 reprehendit
1041 880 1139 906 Auson.
1153 879 1200 914 Ep.
1215 885 1261 912 47.
1326 878 1394 905 Ann.
1407 886 1431 910 3,
1447 887 1485 909 10,
1497 885 1519 911 ς.
1587 880 1790 907 contentionem
1808 881 1880 908 Caes,
1895 880 1958 906 neu,
1971 879 2053 906 enni,
2063 887 2088 911 2,
2102 887 2141 910 ¹4·
2177 876 2251 912 C⁰²¹f·
2267 876 2323 902 eie,
2336 875 2369 903 de

208 924 283 960 Conf.
297 923 386 957 Epigr.
402 922 473 954 sequ.
562 955 568 960 .
617 954 623 959 ὓ
654 954 660 959 .
990 951 997 959 ¹
1327 914 1368 940 (ΣΙ-
1382 914 1457 940 Orat.
1471 923 1493 940 C·
1507 921 1544 947 53-
1658 916 1769 951 Culpam
1780 917 1917 943 remittens
1934 915 2024 942 Valer.
2040 915 2139 948 Argon.
2155 921 2176 947 3,
2185 920 2248 946 407.
2281 912 2370 938 i.Con-

243 966 288 986 RE
298 966 321 984 M
332 965 372 984 ιΝ
382 964 389 982 ι
400 963 438 983 sc
448 963 513 988 01³,
529 957 597 986 eris,
615 955 670 980 isci.
708 952 963 987 [munisterio-xmae,
979 951 1179 983 αναμέμνημαι]
1216 949 1262 975 Re·
1327 949 1432 976 donans.
1537 950 1647 977 Remissa
1659 951 1789 978 aedilibus
1800 952 1858 978 talis
1876 953 1947 978 Cura
1966 951 2035 977 Tac.
2050 951 2118 976 Ann.
2134 957 2156 981 3,
2168 956 2206 981 53,
2220 956 2240 974 ι.
2274 950 2294 973 i.
2313 956 2369 974 con—

207 994 310 1022 cordari
320 1004 328 1019 :
365 991 437 1026 quod
452 991 491 1023 fit,
504 999 587 1024 quum
602 998 642 1021 ea,
656 997 723 1023 quae
736 997 809 1014 mens
821 988 917 1019 tenuit,
925 988 1189 1021 repetuntur,inquie,
1198 986 1263 1011 Var-
1326 985 1435 1018 donata,
1451 985 1545 1012 ablata.
1639 987 1720 1014 Curas
1732 988 1870 1015 remittens
1890 988 1952 1013 Stat.
1965 987 2031 1013 Silu.
2046 997 2070 1018 4,
2084 988 2109 1016 6,
2118 993 2136 1011 1.
2230 982 2369 1010 Cic.Ven-.

208 1039 241 1058 ro
256 1030 287 1056 de
301 1029 330 1055 L.
346 1028 378 1053 L.
393 1029 440 1059 5‚6
460 1025 531 1059 quali
546 1026 645 1051 iterum
658 1034 716 1051 rem
730 1024 757 1050 in
771 1029 886 1050 mentem
899 1030 1035 1049 reuocare.
1142 1020 1263 1047 Cic.Att.
1280 1025 1312 1052 25
1327 1030 1356 1054 4,
1371 1028 1414 1055 137
1427 1030 1448 1047 c.
1463 1030 1489 1054 51
1510 1022 1602 1053 Quum
1616 1019 1714 1049 diutius
1727 1024 1755 1050 in
1769 1032 1801 1049 eo
1821 1022 1945 1057 negotio,
1962 1030 2076 1055 curaque
2096 1021 2198 1047 fueram
2208 1038 2216 1051 ,
2235 1025 2263 1044 vt
2282 1017 2372 1051 requi.

207 1075 236 1098 4,
249 1073 262 1090 2
287 1061 536 1090 Reminiscebantur
556 1061 628 1087 enim
642 1060 818 1087 Calendarum
832 1060 937 1086 Ianuar.
1019 1057 1092 1084 Caes.
1107 1056 1172 1083 Bell.
1190 1055 1260 1082 Gall.
1327 1057 1460 1089 escerem,
1486 1065 1630 1092 curamque
1642 1059 1724 1085 animi
1736 1060 1916 1089 remitterem,
1935 1055 1967 1084 ad
1982 1057 2130 1091 Carpinatii
2143 1054 2286 1090 praeclaras
2298 1053 2372 1080 tabu-

208 1107 230 1132 1,
244 1108 268 1131 13
289 1098 511 1125 Reminisceretur
524 1098 621 1123 veteris
634 1095 808 1122 incommodi.
884 1093 1054 1121 Pseudo-Cic.
1070 1099 1157 1127 anteq.
1167 1092 1218 1118 iret
1232 1092 1263 1118 in
1327 1092 1364 1119 las
1377 1092 1539 1120 reuertebar.
1634 1094 1690 1120 Cic.
1704 1095 1758 1121 Att.
1774 1103 1808 1126 13,
1822 1102 1851 1126 23
1870 1093 1914 1119 Ne
1929 1093 2063 1119 existimes
2076 1101 2122 1119 eos
2131 1111 2137 1121 ,
2155 1091 2202 1125 qni
2214 1099 2269 1116 non
2282 1089 2372 1116 debita

206 1135 271 1162 exii.
289 1143 309 1161 ιι
331 1135 361 1160 In
375 1133 466 1159 nostro
482 1138 580 1159 euentu
593 1131 708 1158 aliorum
733 1131 931 1158 reminiscentes
948 1131 1028 1156 casus.
1116 1128 1206 1155 Potius
1220 1136 1260 1154 re·
1326 1128 1471 1154 conse&ari
1483 1127 1597 1160 soleant,
1617 1130 1687 1163 quod
1707 1129 1835 1156 debeatur
1853 1128 2013 1156 remissuros.
2119 1127 2256 1154 Decimam
2281 1124 2370 1152 remisi

205 1171 364 1202 miniscere,
384 1177 452 1203 quae
465 1168 543 1203 digna
555 1174 601 1195 tua
620 1169 730 1202 persona
743 1168 803 1194 sunt
827 1167 899 1193 Seru.
916 1166 1012 1200 Sulpic.
1027 1164 1059 1191 ad
1074 1163 1130 1191 Cic.
1144 1165 1216 1190 Fam.
1231 1173 1258 1196 4,
1326 1163 1390 1196 illis,
1404 1164 1451 1197 qui
1464 1163 1597 1190 soluerant
1614 1164 1680 1192 Plin.
1694 1165 1772 1200 Epist.
1787 1170 1811 1198 8,
1825 1173 1848 1196 2,
1862 1171 1889 1197 7.
2002 1163 2115 1190 Dolores
2142 1162 2238 1197 pedum
2265 1161 2374 1187 remise·

205 1213 230 1241 ς,
302 1204 383 1234 Ouid.
399 1213 431 1231 ex
447 1205 521 1231 Pom.
535 1213 556 1237 1,
570 1209 593 1238 8,
609 1212 633 1236 31
655 1204 725 1230 Nam
740 1202 823 1230 modo
836 1211 883 1229 vos
896 1202 987 1229 animo
1000 1200 1088 1227 dulces
1103 1198 1308 1232 reminiscoriao
1326 1205 1389 1226 runt
1403 1199 1459 1225 Cic.
1475 1198 1508 1225 de
1520 1199 1560 1226 Cl.
1573 1200 1646 1227 Orat.
1660 1211 1682 1227 c.
1696 1209 1733 1233 34.
1841 1199 1908 1224 Cels.
1923 1206 1946 1230 3,
1959 1206 1988 1224 12
2011 1200 2116 1225 Horror
2138 1204 2226 1225 autem
2250 1206 2292 1223 eas
2316 1196 2374 1222 fere

206 1241 296 1270 amici.
366 1240 448 1267 Actus
466 1240 576 1266 miseros
589 1240 771 1266 reminiscitur
787 1240 849 1265 Stat.
863 1238 954 1264 Theb.
970 1246 1007 1270 iz,
1021 1245 1074 1269 39¹-
1166 1235 1260 1262 Accius
1326 1235 1414 1262 febres
1425 1234 1576 1267 antecedit,
1593 1244 1659 1270 quae
1672 1242 1774 1263 certum
1792 1234 1890 1260 habent
1901 1233 2041 1261 circuitum
2051 1254 2060 1267 ,
2077 1240 2102 1260 et
2116 1242 2147 1260 ex
2162 1240 2220 1260 toto
2234 1233 2376 1260 remittun-

205 1278 274 1313 apud
287 1276 409 1304 Nonium
423 1285 450 1309 9,
465 1281 479 1306 8
499 1277 559 1302 Heu
575 1284 618 1302 me
629 1275 772 1307 miserum,
793 1283 875 1308 quum
889 1274 952 1300 haec
964 1272 1110 1305 recordor,
1128 1280 1212 1306 quum
1227 1271 1259 1297 il·
1329 1277 1382 1297 tur.
1492 1271 1607 1302 Plenius,
1625 1272 1694 1298 Cum
1707 1272 1738 1298 Se
1752 1270 1837 1296 febris
1849 1269 1981 1296 remiserit
1996 1270 2063 1297 Cels.
2078 1278 2100 1302 3,
2114 1275 2148 1300 18.
2256 1268 2313 1295 Fila
2334 1268 2374 1294 in-

206 1313 246 1339 Ios
262 1312 421 1338 reminiscor
435 1311 499 1337 dies.
608 1311 730 1345 Tempus
744 1311 811 1337 illud
825 1310 1005 1337 reminiscitur
1024 1317 1146 1335 moerens
1175 1306 1260 1334 Ouid.
1327 1312 1400 1340 cepta
1417 1306 1518 1332 remisit
1536 1305 1618 1334 Ouid.
1632 1307 1698 1333 Fast.
1712 1315 1736 1339 2,
1747 1312 1802 1339 735.
1918 1305 2002 1331 Frena
2020 1305 2156 1332 remittere
2170 1313 2256 1339 equo,
2275 1305 2374 1330 Laxare

204 1347 292 1375 Trist.
307 1354 328 1379 5,
343 1355 372 1379 4,
386 1355 427 1378 30.
498 1345 556 1371 Cic.
571 1345 603 1371 de
616 1346 717 1372 Senee't.
731 1354 767 1381 79
791 1347 890 1379 Magno
903 1346 952 1372 eise
966 1350 1123 1378 argumento
1137 1342 1260 1370 homines
1327 1341 1410 1368 Ouid.
1422 1341 1509 1367 Trist.
1524 1350 1544 1373 1,
1558 1350 1586 1374 4,
1607 1350 1646 1375 14.
1754 1341 1852 1366 Frenos
1879 1340 2015 1366 remittere
2036 1340 2144 1370 dolori,
2166 1347 2210 1375 per
2229 1341 2377 1366 translatio-

204 1384 272 1411 scire
285 1383 409 1417 pleraque
423 1386 562 1414 antequam
578 1381 632 1406 nati
648 1380 696 1406 {int
710 1391 716 1406 ι
751 1381 824 1414 quod
838 1381 891 1406 iam
904 1381 980 1413 pueri
1001 1388 1084 1413 quum
1104 1386 1172 1405 artes
1191 1377 1260 1404 diffi-
1280 1384 1308 1411 35
1328 1387 1380 1403 nrm
1398 1377 1465 1403 Plin.
1480 1377 1558 1410 Epist.
1574 1385 1598 1409 5,
1612 1386 1637 1409 9.
1709 1376 1783 1404 Idem
1796 1375 1862 1402 ibid.
1871 1382 1916 1406 2,5
1937 1374 2010 1399 Idem
2023 1379 2120 1404 tamen,
2134 1376 2180 1407 qui
2192 1384 2207 1400 a
2218 1382 2244 1401 ee
2257 1375 2322 1401 hant
2329 1383 2376 1401 au.

204 1419 268 1447 eiles
284 1419 401 1449 discunt,
425 1417 463 1444 ita
474 1416 596 1442 celeriter
607 1424 648 1442 res
661 1415 870 1442 innumerabiles
883 1415 1021 1448 arripiant,
1042 1420 1072 1440 vt
1086 1422 1128 1440 eas
1141 1422 1196 1438 non
1203 1419 1261 1439 tum
1326 1413 1471 1440 steritatem
1484 1412 1580 1446 exigo,
1601 1421 1685 1446 cogor
1699 1412 1743 1443 id,
1756 1411 1828 1444 quod
1842 1409 1977 1436 diuersum
1994 1407 2031 1434 cst
2043 1407 2185 1442 postulare,
2202 1414 2230 1434 vt
2243 1409 2270 1434 in
2284 1409 2377 1442 pletis-

204 1456 324 1489 primnm
338 1454 456 1488 accipere
471 1452 627 1483 videantur,
647 1451 689 1478 sed
705 1451 843 1478 reminisci
857 1455 882 1476 et
897 1449 1041 1480 recordari.
1125 1449 1183 1474 Cic.
1210 1456 1261 1481 pro
1327 1456 1379 1481 qne
1412 1448 1530 1474 frontem
1561 1449 1698 1480 remittas,
1716 1449 1799 1473 minus
1810 1446 1914 1481 seuerus
1927 1445 1975 1478 fis.
2083 1443 2169 1468 Furor
2181 1441 2227 1468 ille
2242 1444 2267 1468 se
2279 1444 2378 1470 remisit

204 1491 294 1523 Ligar.
307 1492 338 1522 36
364 1489 505 1522 Qioniam
527 1487 578 1514 hoc
591 1487 627 1513 est
639 1487 733 1519 animi,
746 1487 875 1520 quoniam
887 1485 967 1511 etiam
981 1484 1083 1519 ingenii
1097 1484 1155 1515 tui,
1174 1488 1201 1509 te
1214 1482 1263 1508 ali·
1328 1482 1410 1508 Ouid.
1424 1483 1504 1515 Epist.
1516 1493 1544 1515 4,
1559 1491 1594 1512 ςι.
1711 1482 1834 1508 Habenas
1865 1480 1996 1507 adducere
2019 1484 2045 1505 et
2062 1477 2238 1508 Remittere,
2253 1483 2379 1505 contraria

205 1527 272 1561 qnid
287 1525 319 1552 de
331 1525 410 1552 huius
425 1523 579 1558 Qiaestoris
591 1521 682 1549 officio
697 1523 869 1556 cogitantem,
885 1522 966 1547 etiam
982 1520 1013 1546 de
1025 1520 1085 1546 aliis
1099 1518 1261 1554 quibusdam
1328 1517 1385 1543 Cic.
1398 1517 1431 1542 de
1444 1518 1554 1543 Amicit.
1568 1525 1609 1549 45.
1680 1516 1756 1543 Idem
1771 1518 1849 1543 Verr.
1865 1524 1887 1547 1,
1901 1523 1939 1541 121
1960 1515 2012 1541 Hic
2027 1521 2055 1540 tu
2069 1513 2173 1539 fortasse
2190 1512 2242 1539 eris
2258 1513 2375 1548 diligens,

205 1561 397 1597 Qiaestoribus
411 1560 622 1587 reminiscentem
636 1559 780 1585 recordari.
853 1556 910 1584 Cic.
925 1557 1008 1583 Tusc.
1028 1565 1047 1588 1,
1060 1564 1092 1587 29
1119 1554 1261 1581 Declarare
1272 1559 1310 1583 40
1328 1562 1362 1578 ne
1374 1561 1453 1587 quam
1466 1561 1516 1586 ego
1528 1552 1622 1578 horam
1635 1550 1668 1577 de
1680 1552 1745 1578 meis
1758 1551 1884 1585 legitimis
1898 1550 1971 1576 horis
1980 1550 2124 1576 remittam.
2226 1548 2322 1575 Imbres
2334 1558 2373 1576 re-

205 1599 232 1625 se
246 1607 301 1624 non
313 1603 369 1624 tum
383 1597 431 1623 illa
445 1592 561 1628 discere,
584 1594 628 1621 sed
643 1593 837 1621 reminiscendo
851 1592 1050 1627 recognoscere.
1206 1587 1228 1625 fl
1245 1596 1262 1614 2
1329 1589 1460 1614 miserunt
1482 1589 1543 1614 Liu.
1557 1597 1602 1621 40.
1638 1588 1664 1614 h.
1681 1597 1700 1614 e.
1721 1586 1862 1620 Ceffiirunt,
1882 1588 1923 1612 vel
1942 1587 2056 1613 Minores
2064 1584 2183 1620 suerunt.
2283 1584 2370 1611 inimi-

203 1635 239 1662 In
259 1643 319 1665 eum,
339 1636 381 1668 qui
397 1633 442 1658 hoc
461 1632 539 1657 Verbo
552 1639 669 1665 tanquam
682 1629 775 1656 AHiuo
788 1631 828 1655 vel
846 1631 942 1655 Neutro
967 1633 1096 1658 uteretur,
1117 1624 1184 1652 ludit
1211 1627 1265 1650 Au·
1329 1624 1406 1650 citias
1428 1624 1485 1650 suas
1502 1624 1640 1649 remittere
1660 1624 1737 1657 Reip.
1775 1622 1837 1648 Liu.
1857 1630 1898 1655 39,
1908 1629 1931 1654 5.
2003 1619 2216 1646 Interceffionem
2235 1620 2374 1652 remittere,

204 1670 260 1697 son.
276 1670 363 1703 Epigr.
377 1673 410 1701 48
431 1667 679 1693 REMINISCO
699 1666 785 1692 Rufus
797 1665 866 1691 dixit
881 1665 909 1690 in
923 1663 1001 1690 versu
1020 1663 1080 1688 suo:
1119 1661 1205 1687 COR
1221 1669 1261 1686 er·
1329 1658 1424 1692 Cqffiirc
1443 1659 1474 1685 ab
1492 1659 1660 1694 intercfffione
1685 1659 1759 1685 Idem
1777 1663 1816 1690 38,
1829 1665 1871 1691 34.
1968 1656 2025 1683 Cic.
2041 1655 2154 1690 Philipp.
2169 1660 2194 1688 8,
2207 1663 2235 1687 19
2254 1655 2374 1688 Qiotidie

204 1714 240 1740 go
256 1705 359 1734 versus,
376 1704 461 1729 imino
476 1703 561 1728 Rufus
573 1710 628 1727 non
641 1701 728 1728 babet.
823 1702 853 1726 Et
872 1707 908 1732 49
944 1699 999 1731 Qu
1019 1698 1068 1724 RE
1077 1697 1156 1723 MIN
1166 1696 1199 1722 IS
1208 1697 1263 1722 CO
1331 1695 1434 1729 aliquid
1449 1695 1604 1722 Iracundiae
1617 1693 1781 1721 remittebat.
1886 1693 1940 1719 Iras
1961 1692 2038 1726 Virg.
2048 1692 2146 1725 Georg.
2154 1700 2183 1724 4,
2196 1693 2249 1723 536.
2334 1691 2376 1717 1115

203 1747 278 1775 putat
292 1740 317 1766 se
331 1739 419 1765 dicere
434 1739 503 1773 posse
519 1737 628 1768 Latine,
648 1737 701 1763 Hic
717 1735 765 1763 vbi
785 1736 841 1763 CO
861 1734 988 1769 scriptum
1003 1733 1057 1766 est,
1076 1733 1176 1767 legeret
1188 1732 1262 1759 COR
1274 1734 1309 1760 45
1331 1731 1411 1758 alicui
1440 1730 1558 1757 Martial.
1574 1739 1594 1762 ι,
1607 1732 1651 1763 96.
1759 1729 1834 1756 Idem
1848 1737 1887 1761 10,
1900 1733 1928 1758 82
1953 1728 2048 1760 Parce,
2066 1736 2175 1762 precor,
2196 1726 2274 1757 laiso,
2289 1733 2376 1752 vanos-

203 1776 223 1805 fi
237 1784 284 1802 cor
302 1774 421 1801 haberet.
1034 1782 1039 1787 ·
1330 1775 1384 1802 que
1397 1766 1505 1792 remitte
1521 1766 1654 1797 Labores,
1690 1765 1746 1799 Qui
1762 1765 1814 1791 tibi
1827 1765 1866 1790 nil
1881 1764 2008 1798 prosunt,
2028 1769 2054 1790 et
2070 1763 2157 1795 mihi,
2174 1762 2260 1795 Galle,
2279 1767 2376 1790 nocent.

242 1818 261 1838 R
270 1817 337 1838 ΕΜ]
348 1817 361 1837 S
370 1817 386 1837 C
395 1817 411 1837 E
423 1815 442 1836 O
453 1829 462 1842 ,
481 1808 526 1841 ui,
547 1811 601 1835 ere.
638 1808 651 1842 [
658 1806 830 1840 οἰναμῖγνυμι]
865 1805 936 1833 Idem
955 1803 1021 1845 qued
1031 1802 1138 1839 simplex
1152 1803 1263 1829 Misceo.
1330 1803 1360 1828 de
1374 1800 1455 1836 officio
1468 1800 1605 1835 afficiendi
1613 1821 1622 1833 ,
1634 1800 1769 1836 salutandi
1784 1807 1830 1827 etc.
1913 1799 2007 1825 Hiems
2024 1800 2048 1825 se
2062 1799 2177 1825 remittit
2189 1799 2259 1824 Vere
2275 1796 2376 1824 Tibull.

204 1848 273 1874 Hor.
288 1847 316 1872 iii
330 1847 395 1872 Arte
410 1846 482 1872 Poet.
498 1853 533 1875 151
556 1845 642 1878 Atque
665 1843 702 1870 ita
721 1843 866 1875 mentitur,
890 1841 924 1868 sic
943 1849 1015 1867 vel‘ls
1042 1840 1106 1867 falsa
1131 1839 1262 1867 remiscet.
1328 1846 1352 1870 3,
1366 1846 1390 1870 5,
1403 1846 1430 1870 4.
1535 1837 1611 1865 Cure.
1626 1839 1652 1868 6,
1667 1845 1701 1868 11,
1715 1845 1749 1862 20
1768 1836 1866 1871 Legem
1880 1835 1906 1861 se
1919 1835 2050 1870 supplicio
2063 1835 2109 1870 (f.
2118 1833 2258 1868 supplicii)
2275 1833 2376 1859 coniun-

205 1883 317 1910 Animus
330 1888 439 1908 naturae
454 1882 515 1907 suae
528 1879 713 1907 remiscebitur
734 1879 792 1905 Sen.
806 1879 852 1912 Ep.
866 1885 893 1913 71
908 1887 933 1912 p.
949 1879 1004 1907 265.
1328 1874 1378 1900 ctis
1392 1872 1509 1899 sontium
1521 1873 1660 1899 remittere
1672 1871 1767 1898 edixit.
1872 1871 1944 1897 Caes.
1958 1870 2023 1897 Beli.
2035 1870 2118 1897 Ciuil.
2133 1879 2154 1902 1,
2168 1879 2196 1896 ιο
2221 1869 2266 1896 1111
2285 1868 2375 1895 delibe-

243 1924 359 1945 REMis
369 1923 461 1949 Tvs,
478 1918 518 1943 vel
537 1923 556 1942 R
567 1923 583 1941 E
593 1923 618 1942 Μ
628 1923 637 1942 1
647 1923 665 1942 x
676 1921 698 1942 'r
708 1921 729 1940 v
739 1922 768 1946 s,
782 1923 812 1945 a,
826 1923 880 1940 um.
903 1914 998 1940 Partic.
1034 1912 1092 1938 Seu.
1106 1910 1138 1937 de
1146 1910 1261 1944 Const.7
1271 1914 1303 1940 50
1325 1915 1383 1935 rata
1417 1908 1593 1941 respondent,
1614 1908 1764 1942 scriptaque
1794 1906 1826 1934 ad
1857 1915 1919 1932 eum
1950 1906 2077 1933 Mandata
2096 1915 2146 1940 per
2164 1914 2210 1931 eos
2236 1905 2372 1931 remittunt.

205 1954 347 1981 Venenum
365 1952 434 1979 mihi
455 1951 526 1977 dedit
544 1951 660 1983 aliquis,
686 1950 728 1976 sed
742 1950 798 1975 vim
820 1950 892 1975 suam
907 1948 1044 1976 remistum
1058 1948 1121 1974 cibo
1133 1945 1260 1982 perdidit.
1324 1945 1398 1971 Caes.
1413 1944 1478 1971 Bell.
1493 1944 1560 1970 Gall.
1570 1946 1596 1977 6,
1611 1952 1635 1976 13
1656 1944 1736 1977 Qiod
1750 1943 1807 1970 fere
1819 1943 1952 1977 plerisque
1964 1941 2106 1975 accidit,vt
2117 1940 2248 1976 praesidio
2262 1940 2370 1968 literato-

207 1989 321 2017 Paullin.
337 1989 402 2014 Nat.
419 1987 472 2014 Fel.
490 1989 517 2019 6,
531 1991 563 2015 80
584 1986 709 2012 Remixto
723 1993 845 2019 corpore.
1325 1989 1385 2006 rum
1417 1980 1585 2014 diligentiam
1608 1980 1637 2006 in
1661 1979 1835 2014 perdiscendo
1853 1987 1883 2005 ac
1896 1979 2056 2006 Memoriam
2068 1978 2216 2004 remittant.
2249 1979 2268 2002 i.
2288 1976 2364 2003 Memfi

246 2031 266 2051 R
278 2023 375 2051 Emi'r
384 2029 405 2048 ‘r
415 2029 434 2048 Ο
443 2041 452 2054 ,
470 2021 544 2051 mili,
569 2022 674 2047 missum
684 2040 692 2052 ,
718 2022 771 2047 ere.
807 2018 963 2051 [α’ναπέμπω
973 2038 982 2051 ,
1001 2018 1131 2045 ivus-{2202
1140 2036 1147 2047 ,
1167 2016 1261 2048 οἷνιήμι,
1325 2019 1391 2043 riam
1404 2025 1454 2042 non
1470 2022 1574 2050 curent,
1593 2022 1618 2042 et
1630 2017 1760 2052 negligant
1776 2012 1917 2047 meminiffe.
2034 2014 2147 2040 Multam
2161 2013 2304 2045 remittere,
2317 2009 2359 2038 vid.

207 2060 313 2096 ὖφῖημι,
334 2058 478 2087 α’ποςέλλω,
498 2053 625 2089 ἓνδίδωμι]
663 2057 738 2082 Retro
751 2056 792 2082 vel
804 2054 908 2088 viczffim
922 2057 1029 2081 mittere.
1064 2053 1157 2080 Plauto
1170 2052 1260 2078 tribui·
1330 2051 1444 2078 Multam
1457 2051 1561 2082 dicere,
1578 2054 1607 2077 in
1626 2057 1711 2079 Dico.
1805 2050 1913 2077 Neruos
1935 2050 2086 2080 remittere,
2109 2056 2131 2076 et
2152 2048 2303 2080 Intendere,
2316 2055 2363 2073 cm·

206 2103 265 2127 tur,
283 2096 395 2122 Munera
411 2092 507 2128 accipit
528 2092 670 2125 frequens,
688 2090 803 2117 remittit
821 2098 967 2123 nunquam.
1075 2089 1153 2115 Dona
1173 2087 1263 2114 remit·
1281 2095 1310 2122 ςς
1327 2090 1412 2113 traria
1432 2086 1500 2113 Plin.
1514 2090 1559 2119 26,
1573 2095 1611 2112 io.
1720 2087 1822 2120 Vrgent
1841 2092 1944 2117 tamen,
1961 2092 1987 2112 et
2007 2085 2087 2112 Nihil
2106 2085 2262 2117 remittunt,
2282 2082 2308 2109 de
2318 2080 2365 2108 ἐστι.

208 2137 268 2159 tunt
282 2140 336 2157 non
353 2129 455 2156 leuiora
467 2128 533 2154 datis
553 2126 633 2154 Ouid.
647 2127 711 2153 Met.
728 2134 760 2157 13,
774 2132 836 2159 702.
909 2123 982 2150 Ideni
998 2124 1064 2150 Her.
1080 2133 1114 2156 ις,
1127 2132 1154 2155 53
1170 2124 1203 2148 At
1213 2131 1262 2148 vos
1326 2125 1437 2148 tentione
1460 2128 1484 2147 et
1499 2122 1651 2156 seueritate,
1668 2122 1750 2148 intelli
1769 2131 1780 2147 e
1799 2122 1857 2147 Cic.
1879 2122 1939 2148 Fin.
1957 2132 1992 2155 4,
2007 2129 2043 2156 77
2057 2130 2079 2147 c.
2092 2126 2120 2151 28
2128 2128 2173 2156 pr.
2288 2115 2370 2145 Tacit.

205 2176 334 2194 erronem
348 2165 444 2192 tellure
458 2163 589 2191 remittite
601 2161 729 2188 nostrum.
766 2163 784 2187 i.
801 2161 821 2186 Ε
832 2160 919 2186 tellure
931 2158 1023 2192 vestra.
1097 2158 1144 2184 Sed
1149 2156 1263 2192 fiue‘iuac
1328 2157 1396 2183 Hist.
1412 2165 1431 2189 4
1449 2156 1512 2182 Vim
1525 2156 1654 2190 principis
1668 2132 1810 2188 compfe&i
1819 2174 1828 2186 ‚
1846 2164 1945 2181 nomen
1959 2157 2107 2183 remittere.
2212 2154 2269 2182 Cic.
2284 2154 2314 2181 de.
2329 2153 2373 2178 Le·

207 2201 291 2231 leHio.
334 2200 393 2228 Vici.
413 2205 574 2227 REMissvs.
669 2197 751 2222 Plaut.
770 2195 855 2222 Cafin.
870 2204 896 2227 2,
911 2200 935 2227 8,
950 2203 958 2220 1
986 2194 1049 2220 Sine
1063 2192 1147 2218 modo
1162 2200 1206 2217 rus
1219 2200 1265 2217 ve·
1328 2192 1384 2224 gib.
1399 2198 1449 2223 1,11
1469 2190 1701 2224 Quemadmodum
1715 2189 1824 2215 Roscius
1838 2189 1978 2215 familiaris
1990 2196 2051 2216 tuus
2066 2192 2094 2216 in
2110 2191 2242 2216 senestute
2256 2195 2377 2216 numeros

209 2239 276 2271 niat,
294 2237 428 2264 remittam
441 2235 475 2262 ad
485 2241 511 2261 te
523 2234 612 2260 virum
626 2231 673 2259 sub
687 2232 762 2258 furca
774 2232 803 2256 in
813 2231 907 2257 vrbem
921 2236 1044 2263 tanquam
1061 2227 1258 2254 carbonarium.
1330 2226 1359 2251 in
1391 2232 1469 2251 cantu
1497 2226 1643 2252 remiserat.
1743 2224 1878 2251 Nuntium
1892 2224 1925 2249 ad
1938 2224 2054 2257 aliquem
2085 2225 2167 2250 Plaut.
2181 2226 2254 2259 Capt.
2269 2234 2296 2257 2,
2309 2233 2331 2257 3,
2343 2231 2376 2255 ις.

210 2275 267 2302 Cic.
281 2275 350 2300 Fam.
368 2274 406 2305 16,
423 2280 433 2298 1
451 2269 584 2297 Volebam
598 2269 630 2295 ad
645 2274 670 2294 te
682 2267 835 2294 Marionem
848 2266 1002 2298 remittere,
1022 2272 1102 2297 quem
1117 2271 1200 2297 quum
1213 2268 1313 2292 me-60
1331 2260 1378 2288 Sed
1391 2260 1526 2287 Nuntium
1539 2261 1675 2286 remittere
1687 2260 1777 2291 vxori,
1793 2259 1940 2293 Repudiare
1953 2268 2075 2285 vxorem.
2130 2260 2186 2285 Cic.
2199 2261 2336 2293 in'sopie.
2351 2265 2379 2290 ¹9

211 2309 322 2337 liuscule
339 2308 391 2335 tibi
404 2308 480 2339 elset,
500 2305 533 2333 ad
546 2314 588 2332 me
603 2304 732 2330 mitteres.
808 2302 991 2337 Intelligimus‚
1011 2305 1068 2325 ante
1085 2302 1135 2324 ium
1149 2307 1203 2323 cum
1220 2298 1267 2322 Ti·
1331 2305 1381 2328 c.4
1401 2296 1428 2321 Si
1437 2296 1537 2322 mulier
1546 2302 1629 2330 quuin
1639 2295 1725 2320 fuisset
1732 2301 1812 2327 nupta
1819 2303 1879 2320 cum
1887 2295 1982 2326 e0,cui
1989 2293 2165 2321 connubiiius
2174 2304 2227 2320 non
2235 2296 2306 2327 esset,
2314 2303 2378 2321 nun·

210 2355 271 2374 rone
281 2344 361 2381 susse
374 2345 525 2371 Marionem.
596 2341 671 2367 Curt.
688 2347 717 2372 4,
733 2346 765 2370 11,
780 2345 804 2367 ις
831 2338 959 2371 Captiuos
972 2335 1089 2370 tiAplacet
1104 2333 1199 2364 reddi,
1219 2331 1267 2357 ho-
1331 2331 1400 2356 tium
1414 2331 1529 2361 remiffl,
1548 2331 1679 2364 quoniam
1691 2329 1738 2363 qui
1751 2329 1808 2355 nati
1821 2329 1896 2361 sunt,
1914 2335 2013 2362 patrem
2025 2338 2079 2356 non
2092 2331 2243 2364 sequuntur.
2302 2329 2378 2365 Conf.
2421 2341 2423 2348 ι

212 2381 311 2408 nestius
330 2376 401 2406 dono
422 2378 560 2409 dabimus,
578 2385 659 2411 quam
680 2373 768 2408 pretio
791 2373 965 2399 remittemus.
1061 2367 1268 2405 Qemadmodum
1332 2366 1406 2393 Idem
1426 2365 1458 2392 ad
1485 2367 1537 2391 Att.
1559 2374 1584 2396 ι,
1606 2373 1640 2396 ¹3-
1734 2363 1861 2390 Officium
1891 2373 1946 2390 non
1975 2364 2053 2390 debet
2083 2363 2116 2389 ab
2149 2374 2197 2397 eo,
2217 2373 2295 2398 quem
2330 2373 2381 2398 ego

211 2417 291 2454 ipsum
302 2415 409 2452 simplex
429 2415 535 2441 mittere
547 2415 597 2440 late
610 2410 739 2439 admodum
750 2415 838 2444 patet,
853 2411 890 2434 ita
905 2410 980 2433 etiam
992 2405 1027 2432 ad
1044 2405 1202 2440 omne-msere
1220 2412 1270 2429 mo·
1334 2402 1450 2435 parentis
1474 2401 1536 2427 loco
1558 2400 1688 2431 obseruo,
1706 2400 1830 2434 exigere,
1849 2400 1921 2433 quod
1950 2399 2052 2433 parenti
2084 2399 2131 2425 suo
2161 2400 2292 2430 remiliss'et
2313 2400 2379 2426 Plin.

212 2460 280 2485 tum,
300 2455 342 2488 qui
357 2450 484 2486 retrofit,
504 2447 676 2484 explicandum
690 2446 828 2472 remittere
842 2443 978 2470 cohibetur.
1021 2442 1086 2477 istg.
1107 2441 1136 2466 de
1144 2439 1268 2476 pifiihzcs.
1282 2439 1314 2471 65
1332 2437 1412 2470 Epist.
1445 2446 1476 2469 7,
1507 2445 1543 2469 23.
1650 2436 1738 2469 Opera
1770 2435 1923 2473 remittere·
1943 2435 2005 2461 Liu.
2038 2443 2088 2466 30,
2128 2443 2150 2466 3.
2244 2435 2300 2460 Cic.
2329 2444 2379 2467 pro

213 2489 281 2516 Plin.
297 2497 323 2521 9,
338 2494 362 2517 18
383 2486 432 2512 His
446 2484 619 2520 (branchiis)
632 2491 728 2517 aquam
741 2486 872 2514 acceptam
886 2487 933 2505 ore
947 2477 1098 2504 remittunt.
1215 2474 1267 2500 Co·
1333 2473 1437 2500 Cluent.
1453 2474 1470 2498 6
1491 2481 1513 2499 c.
1526 2481 1542 2498 2
1583 2470 1687 2498 Deinde
1708 2470 1726 2497 fi
1746 2478 1824 2504 quam
1843 2470 2008 2503 Opinionem
2039 2470 2091 2495 iarn
2128 2469 2222 2496 vestris
2250 2468 2383 2494 mentibus

216 2525 281 2551 lum.
294 2533 314 2555 1,
329 2525 355 2557 6,
369 2531 398 2554 23
415 2521 526 2557 Lapillis
539 2525 628 2547 carent
639 2525 665 2545 et
679 2517 808 2552 glebulis,
824 2524 887 2549 quas
900 2523 947 2550 per
960 2514 1086 2540 trituram
1107 2510 1165 2537 fere
1185 2516 1267 2537 terre·
1332 2507 1583 2547 comprehendistis:
1600 2507 1618 2533 1ἰ
1632 2516 1689 2547 eam
1703 2507 1773 2533 ratio
1788 2505 1929 2545 conuellet,
1949 2505 1967 2531 fi
1982 2506 2053 2532 ratio
2072 2504 2259 2544 labefaciabit,
2278 2504 2295 2529 fi
2310 2503 2385 2529 deni-

216 2569 250 2586 na
265 2558 378 2586 remittit
391 2566 459 2584 area.
495 2560 513 2583 i.
534 2557 669 2586 Dimittit,
688 2563 741 2579 cum
755 2553 865 2579 calcatur
878 2557 901 2577 et
914 2553 965 2576 vim
978 2551 1054 2576 aliam
1063 2550 1174 2583 patitur.
1226 2546 1269 2573 Sic
1333 2553 1386 2580 qne
1398 2550 1496 2571 veritas
1510 2542 1691 2576 extorquebit,
1710 2551 1743 2568 ne
1755 2548 1922 2576 repugnetis,
1941 2549 2052 2575 eamque
2068 2541 2164 2566 animis
2184 2540 2277 2566 vestris
2295 2546 2339 2565 aut
2353 2538 2383 2565 li.

216 2595 323 2623 Colum.
338 2602 375 2626 12,
387 2602 431 2626 ιο,
447 2602 456 2619 1
477 2592 627 2619 Remittunt
642 2590 794 2624 aeruginem
810 2588 869 2614 vasa
882 2594 971 2613 aenea.
1076 2583 1225 2609 Remittunt
1238 2582 1269 2607 li-
1332 2580 1458 2608 bentibus
1470 2585 1514 2606 ant
1527 2579 1620 2613 aequis
1634 2578 1786 2610 remittatis,
1802 2580 1820 2603 i.
1834 2577 1979 2602 dimittatis.
2069 2577 2185 2602 Poenam
2203 2576 2262 2601 Liu.
2277 2584 2331 2607 40,
2347 2582 2382 2602 iot

216 2631 296 2658 brum
315 2629 423 2656 arbores
443 2629 504 2656 Col.
519 2636 551 2658 ιι,
563 2636 588 2659 2,
603 2634 641 2661 37.
749 2623 871 2650 Scribon.
889 2625 932 2655 156
956 2621 1028 2647 Haec
1041 2619 1118 2645 radix
1154 2632 1198 2638 —
1236 2626 1268 2643 ex
1278 2625 1314 2653 70
1333 2615 1487 2650 Repudium
1500 2616 1662 2647 Remittere,
1681 2613 1820 2648 &pudiare
1837 2613 1904 2639 Ter.
1922 2612 2028 2639 Phorm.
2042 2619 2065 2644 5,
2079 2619 2114 2646 7,
2136 2614 2175 2643 36.
2212 2611 2296 2637 Lucil.
2319 2607 2380 2647 apud

216 2667 279 2694 oleo
293 2666 436 2700 coquitur,
452 2664 535 2691 donec
550 2664 652 2689 succum
666 2668 773 2687 omnem
786 2660 920 2691 remittat,
939 2663 965 2683 et
979 2655 1049 2691 quasi
1065 2655 1139 2682 arida
1152 2654 1191 2680 fit.
1228 2653 1270 2680 Sic
1335 2653 1409 2679 Non.
1431 2661 1467 2683 4,
1491 2657 1547 2683 398.
1655 2649 1772 2676 Cohibet
1793 2649 1867 2675 domi
1893 2648 2009 2675 moestus
2036 2649 2060 2674 se
2082 2647 2211 2678 Albinus,
2242 2645 2380 2679 repudium

217 2703 284 2730 Vasa
305 2711 393 2728 ceram
416 2700 557 2727 remittunt
587 2698 644 2724 col.
659 2705 693 2731 12,
708 2704 755 2729 50,
770 2704 809 2728 14.
917 2693 1013 2720 Caseus
1026 2691 1141 2718 remittit
1153 2688 1269 2715 nimium
1335 2686 1408 2721 quod
1429 2686 1500 2712 filiae
1533 2685 1641 2712 remitit.
1747 2683 1893 2716 Symmach.
1905 2687 1930 2716 6,
1945 2689 1959 2714 8
1994 2683 2104 2710 Aetores
2130 2682 2295 2714 absentium,
2324 2681 2378 2715 qni·-

217 2739 270 2765 seri
288 2738 362 2764 Idem
377 2745 412 2767 12,
426 2745 461 2769 13,
474 2745 495 2763 1.
589 2735 740 2760 Humorem
755 2730 878 2758 ιιοᾶὶίὶιιις
891 2728 1006 2757 remittit
1018 2727 1115 2753 humus
1135 2725 1269 2752 Columel.
1334 2724 1384 2749 bus
1404 2723 1454 2748 Res
1482 2722 1628 2756 longinqua
1646 2720 1795 2747 remittitur
1824 2719 2045 2753 (committitur)
2070 2724 2194 2752 tanquam
2219 2717 2297 2744 soluti
2322 2715 2379 2750 legi.

218 2782 248 2801 12
280 2781 305 2801 1·
336 2782 345 2799 1
364 2779 411 2798 etc.
528 2771 609 2797 Etiam
635 2767 764 2801 tranfitiue
805 2767 880 2800 Virg.
905 2766 1002 2799 Georg.
1035 2771 1065 2795 4,
1095 2769 1123 2794 35
1158 2760 1270 2794 Frigore
1335 2759 1384 2785 bus
1406 2759 1511 2784 viuunt.
1616 2757 1741 2791 Saporem
1774 2756 1928 2787 remittere,
1954 2764 2003 2789 pro
2037 2754 2177 2780 Mitiorcm
2203 2753 2314 2780 reddere
2338 2750 2379 2778 vel

219 2794 314 2838 milla’
333 2808 414 2843 Cogit
428 2807 528 2839 hiems,
548 2805 693 2839 eademque
707 2804 778 2830 calor
792 2801 935 2836 liquefacla
949 2799 1072 2826 remittit.
1114 2796 1172 2823 Vid.
1185 2797 1270 2822 Burm.
1284 2802 1316 2830 75
1334 2801 1483 2828 temperare
1501 2793 1588 2819 Senec.
1602 2793 1634 2819 de
1649 2791 1802 2819 Prouident.
1837 2791 1902 2817 Non
1922 2796 2025 2817 mutant
2047 2791 2166 2824 saporem
2185 2789 2282 2822 maris,
2300 2795 2381 2822 neque

218 2845 254 2873 ad
265 2846 398 2872 Sammon.
414 2846 456 2876 69.
652 2839 673 2876 fl
712 2848 727 2866 2
764 2837 905 2872 Metaphor.
943 2835 1106 2865 Remittere,
1131 2831 1272 2862 concedere,
1335 2831 1475 2856 remittunt
1487 2829 1604 2863 quidem.
1677 2828 1791 2854 simulac
1805 2827 1836 2853 Se
1851 2827 1989 2853 remiserat
2009 2826 2079 2860 Nep.
2094 2835 2117 2858 7,
2131 2834 2151 2858 1,
2164 2835 2192 2860 4.
2284 2825 2380 2851 Sonum

219 2881 372 2912 condonare,
393 2879 534 2908 dimittere,
552 2876 685 2914 ignoscere.
722 2875 778 2901 Cic.
793 2875 872 2900 Verr.
886 2881 907 2903 3,
920 2879 967 2904 219
986 2872 1086 2896 Verum
1101 2868 1150 2895 hoc
1163 2876 1272 2901 quoque
1342 2866 1417 2893 vocis
1431 2864 1578 2896 intendere,
1597 2871 1622 2890 et
1634 2864 1790 2894 Remittere‚
1809 2863 1942 2889 contraria
1960 2862 2017 2889 Cic.
2036 2862 2064 2887 in
2077 2862 2150 2888 Orat.
2163 2869 2202 2893 59.
2274 2860 2383 2895 Spiritus

219 2916 299 2944 vobis
319 2915 444 2945 remitto,
463 2914 590 2948 negligite
617 2911 758 2946 praeterita
782 2909 800 2935 11
824 2908 914 2934 vultis.
1011 2906 1118 2932 Nauem
1138 2905 1271 2938 imperare
1335 2902 1482 2933 remittant,
1495 2900 1672 2935 comprimant
1685 2900 1788 2925 animos
1801 2900 1870 2931 suos,
1884 2898 1972 2924 sedent
1986 2897 2163 2931 arrogantiam
2177 2897 2234 2923 Cic.
2247 2905 2297 2929 pro
2304 2895 2384 2923 Flact.

220 2961 253 2979 ex
269 2951 377 2978 foedet-e
390 2949 504 2976 debuisti
518 2960 523 2975 :
559 2947 681 2975 remisisti
696 2947 724 2971 in
738 2945 885 2972 triennium
911 2942 968 2969 Cic.
982 2943 1059 2968 Verr.
1074 2950 1089 2973 4
1104 2949 1124 2966 c.
1139 2949 1164 2973 9.
1219 2940 1269 2965 Va-
1336 2943 1374 2969 138-
1480 2937 1603 2971 Tempus
1624 2936 1727 2962 nullum
1745 2935 1876 2965 remittis,
1893 2942 1980 2969 neque
2000 2940 2025 2959 te
2038 2933 2153 2967 respicis.
2188 2935 2207 2958 i.
2225 2934 2284 2958 Non
2302 2930 2384 2965 ceffiis.

222 2988 271 3015 tin.
282 2987 313 3014 ad
327 2987 384 3014 Cic.
399 2986 538 3018 Fam.5‚io
561 2984 647 3010 Meam
661 2980 916 3009 animaduersionem
931 2985 957 3004 et
970 2977 1130 3012 supplicium
1144 2984 1198 3010 quo
1213 2976 1272 3001 vsu·
1293 2983 1326 3009 80
1336 2975 1407 3001 Ter.
1422 2973 1519 2999 Heaut.
1531 2981 1551 3004 1,
1570 2981 1590 3004 1,
1603 2977 1637 3002 18.
1728 2970 1815 2997 Verba
1828 2971 1917 3005 aspera
1930 2970 2066 2996 remittere
2079 2968 2170 3000 alicui,
2194 2970 2212 2993 i.
2231 2969 2288 2993 Non
2302 2969 2385 2993 acrius

221 3033 267 3050 rus
283 3032 355 3050 eram
369 3022 397 3048 in
411 3030 489 3053 euni,
504 3029 583 3054 quem
597 3019 730 3054 cepissem,
751 3016 861 3043 remitto
876 3015 929 3042 tibi
941 3020 967 3040 et
987 3013 1119 3039 condono.
1191 3010 1272 3045 Quod
1335 3010 1466 3045 obiurgare
1478 3010 1583 3043 aliquem
1603 3006 1685 3034 Ouid.
1700 3016 1730 3033 ex
1745 3007 1820 3033 Pont.
1835 3015 1858 3039 2,
1871 3008 1898 3038 6,
1911 3011 1934 3036 8.
2041 3004 2155 3030 Vincula
2167 3004 2242 3029 saeua
2259 3002 2340 3029 Ouid.
2353 3001 2384 3028 de

221 3059 366 3088 debeatur,
385 3057 538 3084 remiss'nros
560 3056 616 3082 Cic.
631 3055 684 3081 Att.
697 3062 732 3086 13,
748 3061 778 3085 23
794 3058 859 3078 extr.
964 3050 1084 3081 Etenim,
1106 3047 1202 3082 quibus
1221 3055 1271 3081 ego
1337 3047 1400 3072 Arte
1415 3045 1474 3070 Am.
1490 3052 1515 3074 2,
1529 3051 1585 3075 291.
1657 3043 1801 3069 Voluntate
1815 3043 1950 3069 remittere
1962 3039 2023 3067 Liu.
2035 3047 2072 3072 35,
2085 3048 2127 3074 45.
2178 3039 2290 3065 Vultum
2302 3037 2384 3065 Ouid.
2420 3046 2423 3054 ¹

222 3095 298 3121 istam
312 3093 491 3120 laudationem
504 3092 638 3119 remittam
648 3111 656 3123 ,
675 3089 802 3124 quoniam
816 3088 874 3114 suut
887 3087 968 3119 leues,
984 3094 1077 3112 eorum
1092 3083 1273 3110 testimonium
1336 3091 1368 3109 ex
1386 3082 1461 3107 Pont.
1477 3088 1501 3110 2,
1514 3088 1538 3109 2,
1552 3081 1592 3111 65.
1789 3076 1810 3115 fl
1831 3088 1850 3112 4
1885 3076 1950 3111 Paff.
1969 3077 2102 3102 Remittor
2121 3075 2301 3110 hiumam-jeu,
2317 3075 2396 3100 occul

224 3139 279 3157 non
296 3130 478 3164 pertimescam
497 3128 553 3155 Cic.
569 3136 616 3162 pro
631 3127 724 3153 Flacco
737 3129 765 3158 38
782 3133 803 3151 0,
819 3126 854 3150 16.
960 3124 989 3148 In
1004 3130 1054 3155 qua
1067 3120 1118 3147 tibi
1132 3119 1273 3146 remittunt
1331 3124 1448 3154 pationes
1459 3117 1609 3146 intermitto,
1629 3119 1652 3140 et
1664 3115 1773 3139 animum
1785 3117 1894 3140 remitto.
1938 3112 2003 3138 Plin.
2018 3111 2096 3145 Epist.
2113 3120 2133 3145 1,
2149 3113 2177 3137 16
2198 3110 2239 3136 Est
2254 3119 2317 3144 ergo
2331 3117 2383 3136 me-

225 3174 316 3191 omnes
331 3165 405 3192 istam
416 3163 578 3197 voluptatem
588 3182 595 3194 ‚
612 3168 638 3189 et
651 3171 679 3189 ea
695 3163 719 3188 se
733 3168 821 3187 carere
834 3159 971 3194 patiuntur
986 3158 1042 3185 Cic.
1056 3157 1088 3183 de
1102 3157 1195 3183 Orat-i
1205 3164 1225 3180 0.
1235 3160 1273 3187 58.
1289 3161 1319 3192 85
1337 3162 1397 3179 cum
1412 3161 1458 3187 per
1471 3151 1541 3177 diem
1555 3156 1655 3176 titum:
1676 3149 1789 3175 eundem
1802 3155 1943 3183 antequam
1957 3147 2083 3177 scribam,
2102 3146 2216 3173 eundem
2231 3155 2313 3180 quum
2328 3144 2386 3171 scri-

228 3200 332 3227 Etiamsi
347 3199 412 3235 quid
425 3199 459 3226 ab
471 3198 597 3225 omnibns
610 3197 780 3227 conceditur,
799 3195 826 3222 id
841 3195 924 3222 reddo
939 3203 968 3221 ac
980 3193 1089 3220 remitto
1127 3191 1202 3217 Idem
1222 3199 1271 3224 pro
1338 3189 1385 3224 psi,
1405 3187 1518 3215 eundem
1532 3187 1612 3225 etiam
1628 3193 1710 3219 quum
1722 3185 1856 3216 remittor,
1875 3193 1929 3210 non
1942 3190 2068 3218 tanquam
2082 3182 2194 3210 cundem
2209 3183 2276 3216 lego.
2318 3183 2386 3214 Lege
2420 3187 2423 3193 ¹

228 3236 299 3263 Sulla
311 3246 332 3263 c.
348 3245 387 3268 30.
458 3234 532 3270 Conf.
545 3233 618 3260 Idem
637 3233 704 3260 Phil.
718 3238 731 3263 8
745 3242 766 3258 c.
783 3237 796 3262 8
810 3238 833 3257 et
846 3241 867 3258 c.
883 3240 908 3264 9.
1012 3226 1141 3261 Dionysio
1157 3236 1206 3261 ego
1218 3235 1273 3252 non
1336 3225 1486 3254 remissum,
1505 3220 1641 3254 Conceflum
1654 3222 1705 3255 lege
1725 3220 1807 3246 Ouid.
1822 3220 1854 3246 de
1867 3220 1931 3258 Arte
1945 3220 2004 3246 Am.
2014 3227 2036 3252 2,
2051 3226 2108 3252 599.
2164 3217 2292 3250 Thyades
2307 3225 2385 3244 mem-

228 3273 309 3298 modo
323 3270 479 3306 placabilem
491 3279 533 3297 me
547 3270 733 3304 praebuissem,
756 3267 799 3294 sed
812 3273 897 3293 totum
911 3266 1060 3293 remisissem
1081 3263 1154 3290 Idem
1169 3264 1221 3289 Att.
1235 3271 1272 3292 10,
1336 3262 1383 3288 bra
1399 3260 1516 3287 remissae
1535 3258 1623 3284 Senec.
1637 3256 1763 3296 Oedip.5.
1825 3290 1831 3295 ·

230 3309 268 3333 16.
371 3308 437 3333 Plin.
452 3306 530 3341 Epist.
545 3315 569 3338 9,
584 3314 621 3335 21,
636 3315 646 3338 3
683 3303 787 3331 Licebit
800 3304 889 3329 rursus
901 3303 977 3328 irasci
1011 3316 1057 3322 -—
1094 3299 1211 3326 Remitte
1226 3298 1274 3324 ali·
1376 3304 1392 3323 n
1405 3304 1420 3323 E
1431 3303 1454 3322 M
1464 3302 1473 3321 ι
1485 3301 1507 3322 'r
1518 3299 1595 3320 TEN
1606 3300 1637 3325 s,
1653 3298 1728 3319 entis.
1763 3291 1856 3318 Partic.
1912 3289 2000 3318 Valer.
2013 3290 2096 3318 Flacc.
2110 3299 2130 3322 3,
2142 3296 2197 3324 407
2213 3287 2325 3322 Culpam
2346 3294 2386 3314 re-

230 3341 294 3376 quid
307 3341 495 3369 adolescentiae
510 3342 596 3373 illius,
612 3341 719 3368 remitte
736 3338 868 3371 lacrimis,
885 3339 990 3364 remitte
1005 3335 1185 3370 indulgentiae
1206 3340 1275 3360 tuae.
1289 3342 1325 3367 90
1339 3333 1457 3360 mittetis·
1813 3362 1819 3367 ·

231 3377 313 3404 Ouid.
327 3378 391 3403 Met.
406 3386 438 3409 11,
452 3380 501 3411 376
536 3377 585 3404 Sed
598 3385 673 3404 mora
686 3375 810 3402 damnosa
824 3374 874 3404 est,
893 3383 940 3399 nec
960 3382 1002 3400 res
1018 3372 1140 3398 dubitare
1152 3370 1275 3396 remittit.
1377 3372 1514 3396 RI-:MISS
1525 3372 1546 3390 V
1557 3373 1587 3398 s,
1605 3373 1636 3396 a,
1660 3372 1715 3404 11111.
1751 3362 1843 3389 Partic.
1882 3360 2032 3402 [effrenatis—oe,
2049 3360 2146 3393 ἄνετος]
2199 3360 2275 3385 Retro
2295 3357 2384 3392 miffim

231 3413 289 3440 Cic.
306 3413 357 3438 Att.
372 3421 409 3444 10,
423 3420 436 3445 5
460 3413 586 3440 Tullium
605 3419 631 3439 ct
653 3412 774 3439 Seruium
789 3410 892 3445 questos
903 3410 968 3441 effe,
986 3409 1049 3441 quia
1063 3416 1118 3433 non
1131 3406 1202 3432 idem
1216 3405 1276 3438 fibi,
1339 3405 1516 3438 Manil.1,757
1536 3401 1626 3428 Terra
1638 3399 1766 3431 remissim,
1786 3402 1804 3424 i.
1818 3408 1834 3424 a
1847 3405 1925 3424 terra.
1964 3399 2038 3431 Virg.
2047 3400 2113 3423 Aen.
2123 3406 2143 3427 5,
2152 3399 2183 3427 98
2202 3395 2292 3421 Manes
2304 3394 2382 3420 Ache-

232 3447 305 3482 quod
319 3448 388 3474 mihi
400 3448 540 3475 remisisset.
618 3448 676 3476 Vid.
694 3449 779 3474 Rurm.
797 3446 831 3471 ad
843 3444 973 3479 Qiinetil.
987 3444 1057 3470 Decl.
1072 3452 1095 3475 2,
1108 3451 1117 3468 1
1132 3452 1156 3476 p.
1170 3450 1209 3474 39.
1252 3447 1275 3467 et
1338 3446 1416 3467 ronte
1429 3437 1634 3472 remifl'osSupra
1646 3435 1773 3463 habuimus
1781 3433 1936 3460 Ouid.Her.
1951 3441 1985 3466 ις,
1994 3441 2020 3466 53
2039 3434 2091 3459 Aut
2105 3439 2152 3457 vos
2161 3439 2284 3457 erronem
2292 3430 2385 3457 tellure

233 3483 370 3510 Drakenb-
384 3483 417 3508 ad
432 3483 476 3508 Sil·
490 3491 526 3517 17,
540 3487 595 3519 367.
688 3484 734 3511 Te
748 3481 817 3509 mihi
829 3482 965 3508 remittere
978 3486 1058 3514 atque
1071 3477 1228 3506 concedere,
1245 3482 1275 3503 vt
1339 3476 1467 3503 remittite
1481 3473 1608 3500 nostrum.
1645 3471 1692 3499 sed
1703 3470 1774 3497 etlam
1787 3471 1895 3504 reliquas
1911 3468 2184 3507 verbijignificationcs
2203 3466 2283 3492 habet.
2321 3475 2345 3492 v.
2359 3473 2385 3501 g.

232 3528 312 3546 omne
324 3518 439 3545 studium
453 3527 540 3544 meum
552 3520 579 3545 in
594 3520 692 3547 Plancii
705 3519 834 3546 honorem
848 3517 1029 3543 consumerem
1058 3515 1114 3541 Cic.
1128 3522 1177 3548 pro
1191 3513 1277 3539 Plane.
1292 3518 1323 3544 95
1339 3514 1434 3545 Luxus,
1447 3520 1494 3537 non
1510 3513 1629 3535 intentur.
1683 3507 1724 3533 Sic
1737 3506 1793 3531 Cic.
1807 3514 1855 3540 pro
1868 3505 1937 3531 Cael.
1956 3513 1981 3537 ¹3
2001 3505 2068 3531 Cum
2081 3501 2201 3541 tristibus
2215 3503 2312 3531 seuere,
2322 3507 2384 3541 'cnm

235 3564 257 3581 C·
272 3564 310 3587 30·
383 3553 451 3580 Add·
466 3554 556 3580 Tacit.
571 3556 636 3581 Ann.
653 3565 672 3589 1,
687 3561 711 3589 8,
719 3558 745 3583 6.
821 3553 879 3580 Cic.
893 3552 972 3578 Acad.
988 3562 1011 3585 4,
1024 3553 1071 3578 106
1097 3550 1146 3576 Sed
1161 3549 1211 3575 tibi
1231 3554 1275 3574 aut
1341 3547 1449 3575 remissis
1468 3545 1596 3572 iucunde:
1651 3551 1710 3568 cum
1730 3541 1835 3568 senibus
1854 3542 1986 3580 grauiter,
2012 3548 2071 3579 cuni
2100 3544 2239 3578 iuuentute
2258 3544 2384 3576 comiter:
2420 3536 2421 3542 ¹

234 3590 432 3617 concedendum
445 3589 481 3615 est
495 3589 530 3615 ita
545 3591 608 3619 effe,
627 3592 698 3624 quod
713 3591 824 3617 minime
837 3589 892 3615 vis:
928 3593 972 3614 aut
983 3586 1141 3613 memoriam
1155 3585 1224 3611 mihi
1238 3594 1278 3610 re·
1341 3593 1402 3610 cum
1417 3580 1571 3609 facinorosis
1588 3578 1725 3610 audacter,
1743 3585 1802 3603 cum
1817 3576 1965 3603 libidinosis
1984 3575 2118 3601 luxuriose
2138 3582 2241 3599 viuere.
2330 3573 2384 3599 Cic.

236 3626 323 3652 mittas
336 3632 458 3660 oportet,
477 3630 502 3651 et
516 3625 593 3651 facile
605 3628 652 3651 ess'e
666 3628 690 3653 ei
707 3627 809 3658 locum,
828 3625 909 3651 etiam
924 3624 941 3650 fi
956 3621 1170 3658 comprehensio,
1191 3629 1277 3654 perce·
1343 3620 1376 3646 de
1389 3618 1476 3646 Finib.
1491 3626 1512 3649 3.
1524 3626 1539 3643 2
1559 3617 1717 3647 Quanquam
1739 3614 1766 3639 in
1785 3621 1818 3639 eo
1831 3614 1965 3645 sermone,
1991 3611 2037 3650 qui
2051 3619 2109 3635 cum
2123 3609 2269 3643 Torquato
2289 3608 2325 3635 est
2342 3608 2384 3634 ha-

235 3661 346 3695 ptioque
377 3660 451 3687 nulla
485 3660 524 3686 sit.
560 3663 578 3686 i.
599 3661 719 3688 Comedus
737 3663 800 3688 mihi
818 3663 956 3687 memoriam
969 3659 1020 3692 este.
1124 3657 1279 3686 Remittere,
1343 3656 1433 3687 bitus,
1449 3662 1503 3680 non
1523 3651 1616 3678 remini
1636 3651 1750 3676 suimus:
1785 3655 1871 3675 tamen
1892 3649 1955 3675 haec
1971 3653 2057 3673 acrior
2071 3645 2107 3671 est
2120 3654 2179 3671 cum
2193 3644 2287 3671 Stoicis
2301 3648 2385 3678 parata

236 3696 268 3722 Cr
290 3705 339 3722 are.
374 3696 442 3722 Ter.
458 3695 538 3722 Andr.
555 3703 578 3729 5,
594 3704 614 3728 1,
627 3701 641 3726 8
660 3697 730 3724 Nam
744 3698 761 3724 fi
778 3697 894 3731 cogites,
913 3690 1032 3723 remittas
1045 3695 1099 3721 iam
1110 3702 1154 3719 me
1168 3701 1279 3719 onerare
1288 3700 1336 3718 100
1344 3690 1488 3718 contentio.
1553 3687 1585 3712 In
1601 3686 1692 3712 labore
1705 3685 1822 3711 remiffiis
1836 3684 1916 3711 nimis
1937 3690 2081 3717 parumque
2095 3681 2195 3715 patiens
2209 3681 2277 3714 Nep.
2287 3689 2319 3711 ii,
2334 3685 2384 3717 3,i.

238 3731 347 3757 iniuriis
357 3751 363 3760 ,
384 3739 413 3757 vt
447 3732 562 3758 omittas.
680 3732 717 3758 De
750 3733 866 3759 custodia
897 3732 1050 3763 remittere,
1070 3731 1281 3765 Negligentiorem
1345 3728 1401 3754 Cic.
1416 3726 1468 3751 Att.
1479 3726 1517 3756 16,
1534 3732 1558 3756 15
1576 3723 1631 3756 Ego
1647 3722 1665 3748 si
1677 3729 1719 3747 me
1734 3730 1786 3746 non
1801 3718 1990 3755 improbissime
2004 3716 2143 3743 Dolabella
2158 3715 2298 3744 1136131101,
2311 3713 2384 3740 dubi-

230 3766 294 3802 fieri
312 3767 444 3793 Columel.
468 3775 489 3799 1,
511 3773 525 3797 8
546 3766 580 3793 aci
592 3766 679 3802 finem.
775 3769 831 3795 Cic.
845 3770 922 3795 Verr.
937 3775 961 3801 5,
976 3770 1018 3797 168
1033 3776 1056 3793 c.
1070 3769 1100 3799 65
1123 3764 1232 3798 Aliquid
1247 3763 1279 3789 de
1344 3763 1432 3789 taffem
1449 3760 1560 3789 sortasse,
1575 3765 1663 3784 vtrnm
1683 3757 1811 3783 remissior
1831 3758 1922 3787 effem,
1940 3763 1973 3780 an
1993 3753 2096 3779 summo
2115 3753 2174 3778 iure
2192 3750 2384 3788 contenderem·

239 3803 343 3828 summo
366 3802 494 3837 simplicio
514 3803 671 3829 remitteres.
707 3806 725 3829 i.
750 3805 877 3829 Minucres
894 3804 1053 3839 supplicium.
1160 3800 1217 3827 Cic.
1231 3807 1280 3832 pro
1345 3799 1375 3825 In
1388 3795 1537 3824 vlciscendo
1548 3793 1677 3821 remiffior
1697 3792 1753 3819 Cic.
1762 3792 1818 3826 post
1832 3791 1910 3819 redit.
1923 3790 1954 3816 ad
1967 3789 2068 3829 inrit.
2082 3797 2121 3820 23.
2193 3787 2320 3827 Remiisus
2333 3791 2384 3811 ani-

237 3838 330 3865 Rabir.
345 3838 409 3864 Post.
427 3847 447 3866 31
468 3838 564 3867 Neque
577 3839 629 3865 fuit
641 3838 767 3870 Gabinii,
783 3839 920 3866 remittere
951 3844 1053 3866 tantum
1080 3837 1112 3863 de
1133 3837 1194 3866 suo;
1230 3843 1277 3861 ncc
1345 3842 1391 3860 mo
1409 3832 1480 3858 Caes.
1495 3831 1560 3857 Bell.
1574 3828 1646 3855 Ciuil
1673 3837 1694 3859 2,
1709 3837 1745 3861 14.
1853 3828 1944 3854 Mente
1962 3825 2080 3851 remiffiis
2096 3823 2190 3850 Claud.
2204 3833 2232 3849 in
2253 3831 2292 3856 pr.
2308 3818 2384 3848 Cons.

238 3874 307 3909 regis
320 3874 458 3908 imponere
473 3880 574 3901 tantum
587 3874 640 3908 pati
653 3875 712 3901 sitii.
783 3874 858 3902 Idem
869 3875 902 3902 ad
915 3876 988 3904 Brut.
998 3881 1028 3909 17
1043 3872 1173 3901 Persuade
1185 3870 1237 3898 tibi
1244 3871 1328 3902 de105
1343 3869 1496 3901 Stil.2,143.
1568 3865 1627 3892 Nec
1634 3864 1690 3891 vllo
1699 3864 1842 3899 spediaculi
1854 3869 1948 3899 genere
1955 3860 2126 3889 communior
2140 3857 2384 3919 3υ1101ῃ11118ἳ11ὲξέἐῒ
