2434 4156
432 61 698 119 REG

58 178 89 207 in
100 177 182 205 Pison.
195 176 227 205 68
240 182 263 200 c.
274 175 321 203 28:
379 169 461 197 Recte
473 173 553 204 atque
566 167 661 195 ordine
674 165 778 196 facere,
796 163 850 191 vid.
870 168 969 191 orno.
992 200 996 204 ι
1031 164 1094 191 Ρη-

53 216 112 250 pri'e
126 211 155 238 de
164 212 230 237 linea
241 206 310 236 rebla
329 206 387 233 Cic.
401 206 433 232 de
446 204 504 232 Fin.
517 214 537 237 i,
550 213 584 231 20
613 202 673 229 Siue
687 201 755 241 aliae
769 199 951 240 declinabunt,
963 199 1031 226 aliae
1045 201 1093 241 sii-o

59 253 123 276 nutu
142 245 212 273 reete
229 245 356 271 ferentur.
409 242 441 268 Et
456 240 572 272 ibidem,
590 239 649 266 Hoc
666 243 718 263 erit
732 235 803 271 quasi
825 244 978 275 prouincias
995 241 1092 262 atomis

57 283 135 314 dai-e,
153 289 220 315 quae
238 279 323 311 acie,
343 286 410 313 quae
429 276 541 312 oblique
562 275 688 302 ferantur.
777 271 873 311 Recte,
886 274 914 297 in
932 272 1092 312 rqsponjione.

57 317 124 344 Ter.
139 317 203 343 Hee.
216 325 240 349 3,
252 324 278 348 2,
291 319 323 341 20
349 312 423 346 Qud
443 319 471 339 tu
490 313 572 347 igit-ur
583 309 719 337 lacrimas?
739 314 785 348 aut
798 306 864 347 quid
877 315 903 333 es
922 312 976 333 tam
993 308 1093 334 tristis?

53 359 105 380 ΡΑ.
120 352 190 379 “cie
203 358 293 378 mater.
335 350 382 376 Vbi
397 350 529 376 Donatus:
553 345 632 373 Recte
645 351 742 383 mater,
755 343 796 369 Sic
811 342 1033 384 diciiniis‚¹quuin
1041 343 1093 370 fine

53 388 155 415 iniuria
172 388 272 414 interro
288 386 357 413 antis
375 385 477 418 aliquid
496 383 642 411 reticemus.
679 379 734 406 Alii
749 379 830 405 Re&e
848 382 880 404 lic
892 386 1045 412 accipiunt,
1064 386 1093 406 vt

53 423 219 458 intelligant,
239 423 277 449 Ni
298 421 317 447 il
339 421 376 448 cst
393 421 466 447 mali.
502 420 592 452 Nempe
612 416 692 442 Rec'ie
709 414 873 453 respondent,
884 418 927 449 qui
943 424 992 454 nou
1005 417 1094 441 volunt

53 461 161 494 amplius
173 461 334 494 interrogari.
405 457 474 483 Ter.
489 455 552 482 Eun.
567 461 589 492 2,
600 460 623 484 3,
636 460 673 486 49
689 451 758 477 Dum
771 450 834 476 haec
848 450 924 490 dicit,
937 450 1004 477 abiit
1018 451 1093 483 hora,

53 503 134 529 rogo,
148 494 288 529 Numquid
302 493 386 520 velit?
408 492 502 523 Reae,
515 490 618 523 inquit:
633 487 709 527 abco5
781 485 860 526 lde-m·
877 494 905 512 in
923 487 1019 526 Heaut.
1033 496 1059 520 2,
1075 497 1094 527 i,

54 531 85 557 16
103 530 180 556 Tum
194 529 266 565 quod
279 530 305 555 ei
318 529 392 555 dem:
411 527 480 555 reete
497 524 548 551 est:
571 532 631 550 nam
649 521 718 549 nihil
732 521 781 548 esse
793 521 879 554 mihi,
895 522 993 556 religio
1006 525 1041 549 cit
1054 523 1094 549 di-

55 574 121 592 cere.
158 565 269 600 Abrupte
289 567 398 601 loquitur
417 561 537 596 Cliti'fiho:
562 559 638 586 Tum
652 557 723 592 quod
737 558 763 583 ei
777 557 944 591 (Bacchidi)
959 558 1033 584 dein:
1054 559 1096 585 hic

52 602 203 628 naturaliter
220 600 320 627 debebat
338 600 418 627 dicere
434 596 501 624 nihil
522 595 571 622 cst:
591 594 639 630 scd
654 600 724 620 cauci
744 602 821 621 omen.
858 595 946 628 iraque
960 594 1094 630 subiungit

46 639 149 672 potius,
166 636 231 672 quod
242 637 326 673 fhient
339 633 491 672 respondere,
505 634 548 667 qui
565 639 614 657 non
626 631 714 656 volunt
726 631 832 664 amplius
844 632 1007 665 interrogari.
1048 629 1096 657 Sed

52 674 125 698 ceiam
135 671 175 705 fic
194 672 355 708 respondent,
368 674 409 707 qui
425 665 561 704 affirmant.
604 701 609 706 .
627 701 632 705 .
652 665 720 691 Ter.
732 665 844 705 Adelph.
864 673 924 705 3).3'
943 674 978 700 79
1008 673 1030 692 s.
1043 665 1092 691 Tu

51 715 97 734 rus
110 707 171 734 hinc
182 708 256 734 abis?
271 715 298 734 D.
314 707 392 734 recle.
459 702 540 729 Recte
560 701 663 734 facitis,
677 700 830 727 Gratiarum
848 701 920 727 acho
941 702 993 734 est,
1013 704 1092 727 inter-

46 749 119 780 prete
132 743 238 770 Donato
265 744 334 770 Ter.
348 743 409 769 Eun.
421 747 444 773 5,
459 743 483 771 8,
496 747 528 771 54
553 737 654 764 Mirum
672 737 700 762 ni
723 736 786 763 illoc
800 736 911 763 homine
925 745 1034 771 quoquo
1049 745 1092 770 pa-

52 778 97 806 &0
112 787 178 813 opus
191 779 235 806 cst.
257 786 283 806 c.
295 779 363 805 idem
375 775 501 803 arbitror.
514 779 545 800 G.
558 772 630 800 rcCte
644 772 740 799 facitis.
797 774 827 798 Et
841 773 1005 799 conditionem
1017 772 1092 807 suam

47 814 197 850 probantis,
211 822 241 842 vt
258 815 325 842 Ter.
343 811 452 846 Adelph.
472 817 496 845 5,
516 818 538 842 5,
552 817 564 841 3
593 808 660 841 Quis
681 807 780 835 homo?
805 808 868 841 Syre
890 808 993 840 noster,
1008 808 1091 834 salue:

15 865 21 886 i
53 849 118 884 quid
138 850 183 877 fit?
203 850 267 886 quid
286 848 385 885 agitur?
405 854 428 874 s.
442 845 520 872 rech.
533 850 562 871 D.
577 845 679 879 optime
692 844 737 870 est.

52 885 208 913 Praesertim
224 894 303 922 quum
321 889 347 911 et
365 882 451 915 κᾶε,
465 888 490 908 et
510 888 629 916 tempore
643 881 689 906 suo
709 880 850 915 pepererit.
924 880 992 906 Ter.
1009 880 1091 906 Andr.

51 929 77 955 5,
89 931 118 954 4,
132 931 158 954 33
187 922 295 949 Vinctus
307 919 351 946 est.
368 924 394 945 Ρ.
407 925 496 952 pater,
510 926 564 944 non
575 916 646 944 recte
661 915 767 942 vinetus
781 917 832 942 est:
852 914 1091 951 improbatsat‘iicm.

52 957 102 984 Sed
121 958 207 984 ludens
220 964 292 994 pater
303 954 428 992 respondet
441 955 474 980 At
490 954 526 980 ita
539 952 611 985 iuffi,
622 959 705 987 nempe
724 951 796 978 re8te
815 952 914 978 vinciri
927 950 1044 986 physice,
1064 958 1093 977 ut

52 991 166 1019 vinHum
178 993 207 1030 [ι’
216 993 325 1029 ῥυτίσι,
340 997 369 1017 vt
387 998 533 1016 commouere
543 989 572 1024 se
591 997 638 1014 nari
652 987 744 1022 poffit,
752 988 800 1022 sta
812 987 921 1023 pendens
935 995 1028 1022 poenas
1042 987 1092 1013 det.

53 1028 122 1055 Ter.
138 1029 216 1056 Andr.
229 1037 256 1062 4,
270 1036 293 1063 ς,
305 1035 339 1061 27
370 1025 450 1052 Recte
465 1034 514 1059 ego
528 1025 629 1059 semper
648 1024 705 1058 fugi
727 1023 772 1049 has
785 1024 897 1059 nuptias.

53 1066 149 1099 Arusp.
168 1065 241 1098 Resp.
260 1068 291 1096 48
310 1070 331 1088 c.
351 1070 382 1093 23
420 1062 539 1096 Augures
558 1059 774 1093 interrogabant,
800 1067 867 1094 quae
888 1058 925 1085 ita
944 1058 996 1085 lata
1014 1059 1094 1085 essent

54 1101 129 1134 (cum
146 1102 236 1135 aliquis
252 1099 280 1124 de
293 1098 357 1124 caelo
371 1097 508 1133 seruaret)
527 1095 633 1123 rectene
652 1096 703 1121 lata
718 1096 810 1121 esseut:
836 1095 880 1121 illi
895 1094 965 1121 vitio
980 1095 1030 1121 lata
1044 1095 1094 1121 esse

53 1135 181 1162 dicebant.
202 1164 203 1167 Ἰ
235 1133 365 1167 Qiinefil.
380 1141 403 1165 5,
419 1142 456 1163 10,
469 1135 486 1159 6
513 1132 598 1159 Potest
612 1131 700 1158 videri
713 1130 764 1158 hoc
778 1131 888 1157 nomine
903 1130 975 1157 reete
988 1130 1093 1157 abusus.

54 1173 144 1206 Nempe
156 1170 248 1197 abusus
261 1176 310 1205 pro
329 1169 388 1195 vsus
400 1172 482 1204 ponit.
552 1167 772 1194 'sabernaculum
784 1166 857 1193 re&e
870 1173 974 1201 captum
989 1167 1045 1193 Cic.
1062 1166 1094 1193 de

51 1206 140 1233 Diuin.
154 1215 169 1232 2
216 1214 234 1232 ·.

43 1242 105 1278 fere
117 1213 252 1276 est‚'q7u³0d
263 1240 317 1276 fine
337 1248 400 1267 metu
416 1241 524 1275 periculi
543 1249 573 1266 ac
592 1241 691 1266 damni:
716 1239 751 1265 Vt
770 1238 787 1264 l.
808 1246 839 1272 73
858 1239 891 1264 de
903 1239 937 1264 V.
960 1238 984 1264 S.
1022 1240 1093 1265 Haec

50 1276 132 1303 verba
145 1297 154 1310 ,
188 1277 255 1303 HIS
292 1276 423 1303 REBVS
460 1275 602 1302 RECTE
638 1273 881 1301 PRAESTARI
895 1294 904 1306 ‚
941 1274 991 1300 hoc
1014 1274 1093 1308 signi-

51 1312 142 1345 ficant,
165 1322 198 1339 ne
218 1312 282 1347 quid
303 1312 450 1347 periculum
471 1311 513 1338 vel
536 1311 660 1339 damnum
674 1319 705 1336 ex
721 1319 751 1336 ea
769 1318 798 1336 re
819 1309 960 1344 stipulator
976 1311 1092 1337 sentiret.

50 1349 92 1376 Sic
104 1349 121 1374 l.
136 1349 187 1375 iam
201 1355 288 1376 tamen
301 1356 314 1381 5
327 1346 350 1384 §.
361 1357 373 1379 3
386 1348 418 1373 1).
434 1347 489 1372 iud.
503 1346 550 1372 sol.
586 1347 654 1372 Cato
673 1345 705 1371 dc
718 1346 749 1371 R.
764 1346 796 1372 R.
818 1354 868 1380 144
879 1352 903 1371 et
916 1348 969 1376 146.
1014 1348 1092 1373 Varr.

59 99 125 137 125

1119 315 1133 341 5

1111 496 1140 514 [Ο

1111 667 1137 693 ¹5

816 843 890 870 Idem
904 844 968 870 Hec.
982 853 1011 877 4,
1026 852 1046 876 1,
1061 851 1090 878 17
1103 855 1138 874 20

991 1023 1046 1049 Cic.
1060 1023 1092 1049 de
1104 1030 1135 1055 25

305 1204 386 1231 Recte
393 1224 401 1237 ,
420 1204 486 1239 apud
497 1203 631 1239 Iuris-conj:
643 1205 748 1229 maxime
760 1206 787 1229 in
794 1201 1003 1238 stipulationibus
1011 1223 1017 1234 ‚
1031 1202 1094 1228 i'dcm
1106 1211 1138 1235 30

1551 77 1835 120 REG

1192 171 1212 191 R
1221 172 1262 193 cc
1274 171 1296 192 Τ
1307 173 1318 192 1
1329 171 1346 192 r
1355 173 1376 193 Α
1386 171 1404 193 c
1412 174 1421 193 1
1430 173 1450 194 o
1458 186 1468 200 ‚
1487 167 1542 194 ere.
1578 166 1699 201 ὄρθοτομῶ
1718 167 1797 194 Glois.
1817 169 1861 196 Gr.
1875 170 1932 197 Lat.

1192 209 1211 228 R
1222 209 1236 228 E
1248 207 1265 228 C
1276 209 1297 229 ‘r
1307 203 1355 229 VR
1364 209 1402 235 A,
1422 211 1461 228 ae.
1481 203 1501 228 f.
1544 203 1588 235 Vi,
1601 203 1714 230 Rea-“iura
1728 204 1861 236 limitum,
1874 206 1943 238 apud
1956 210 1995 235 rei
2006 212 2125 245 agrariae
2142 213 2203 240 scri-

1157 242 1255 299 ptores.
1298 237 1356 266 Vid.
1371 239 1449 265 Goes.
1470 238 1527 265 Ind.
1545 244 1571 265 et
1587 238 1684 273 Rigalt.
1699 240 1780 266 Gloss'.
1798 243 1866 276 inpr.
1885 241 2004 270 Frontin.
2024 256 2049 280 p.
2068 257 2106 281 331
2124 256 2149 276 et
2162 258 2203 283 335

1169 282 1182 299 e
1223 293 1228 298 .

1185 282 1420 342 ςιὲεοηῖιιε,
1441 318 1464 336 e.
1494 309 1555 336 Adi.
1599 310 1674 346 Qcod
1688 310 1771 345 facilc
1789 315 1897 348 regitur.
1928 318 1972 344 vt,
1987 314 2062 344 Acies
2079 319 2203 354 regibilis

1157 344 1290 371 Ammian.
1311 354 1349 379 19,
1371 354 1403 375 ις.
1475 346 1603 371 iuuentus
1624 346 1746 380 regibilis
1766 346 1839 374 Ideni
1857 355 1891 380 ις,
1906 356 1918 373 2
1939 349 1993 381 (16,
2009 358 2053 382 12)
2124 357 2204 384 Miles

1159 379 1300 413 regibilem
1317 383 1341 407 se
1359 381 1418 408 fore
1432 380 1567 414 pollicitus
1583 388 1608 407 et
1621 382 1784 417 morigerum
1800 384 1932 410 Aiuiuian.
1946 392 1989 417 24,
2001 393 2022 416 3.

1191 421 1263 441 REO
1276 415 1396 451 iMEN,
1423 417 1483 443 ¹inis.
1516 427 1542 443 n.
1579 417 1717 453 [etiamen]
1754 418 1812 454 Ipfii
1832 418 1919 445 rec'iio.
1954 420 2015 447 Liu.
2037 430 2060 454 3,
2076 431 2102 455 33
2127 426 2205 461 Regi.

1158 459 1218 477 men
1232 452 1315 489 totius
1330 452 1493 488 magistratus
1508 462 1588 487 penes
1601 454 1716 487 Appium
1733 460 1804 486 erat,
1821 454 1916 481 fauore
1929 454 2022 489 plebis.
2095 460 2204 495 Ciuitag

1157 486 1227 513 vnde
1242 495 1269 525 ιιι
1283 490 1374 515 omnia
1386 489 1506 524 regimen
1520 489 1588 515 Tac.
1605 490 1672 515 Anu.
1686 499 1706 521 3,
1721 497 1766 524 47,
1779 498 1804 516 2.
1878 490 1962 517 Vobis
1978 499 2049 518 arma
2064 499 2089 519 et
2102 497 2205 525 animus

1156 522 1202 549 fit:
1222 523 1290 548 mihi
1304 525 1441 551 consilium
1455 531 1480 551 ct
1499 524 1608 551 virtutis
1625 525 1726 551 vestrae
1745 526 1865 559 regimen
1882 526 2027 560 relinquite
2050 529 2122 556 Idem
2137 533 2203 560 nist.

2139 89 2204 126 126

1157 567 1178 590 ι,
1193 562 1233 589 84,
1247 566 1269 589 3.
1344 561 1408 586 Ηιη.
1422 569 1449 595 7,
1464 562 1492 587 16
1526 561 1620 592 Vocis,
1634 561 1818 594 sermonisque
1836 570 1954 595 regimen
1968 563 2098 597 primores
2116 572 2206 595 tenent

1157 594 1257 620 dentes.
1330 595 1359 620 Iu
1379 605 1433 630 quo
1455 596 1593 623 consilium
1609 596 1696 629 vitae,
1715 598 1887 631 regimenque
1908 598 2024 625 locatum
2044 599 2079 626 est
2103 602 2206 630 Lucret.

1157 638 1180 662 3,
1199 637 1239 662 95.
1312 631 1459 659 Cruentum
1483 633 1603 667 regimen
1623 641 1703 658 manu
1724 632 1853 664 traciare,
1878 633 1978 668 Regcre
1999 635 2026 661 in
2046 636 2205 668 Tyrannide

1156 666 1219 692 Stat.
1235 663 1328 693 Theb.
1345 675 1377 697 ii,
1391 672 1444 699 658.
1522 669 1636 694 Lentum
1651 669 1770 702 regimen
1784 669 1857 694 nauis
1873 670 2061 705 Senec.Agam.
2076 672 2094 698 s.
2107 675 2133 700 6.

1192 707 1210 727 R
1221 707 1265 726 Et}
1276 708 1285 727 ι
1296 708 1319 727 Μ
1332 708 1348 727 E
1359 708 1379 726 N
1391 709 1412 728 T
1424 710 1441 728 v
1454 710 1477 729 M
1489 724 1498 735 ‚
1518 704 1537 730 i.
1555 713 1581 730 n.
1619 704 1686 731 idm»
1702 705 1766 739 quoi!
1779 704 1917 738 Regimen.
1954 707 2085 733 Arcad.in
2100 708 2117 735 l.
2134 717 2142 735 ι
2157 708 2180 746 §.
2195 719 2206 737 1

1154 737 1193 764 De
1212 734 1280 776 offic.
1301 737 1386 771 praef.
1409 746 1491 771 praet.
1511 740 1676 774 Regimentis
1696 740 1810 774 Reipub.
1829 740 1861 766 ad
1882 741 2058 775 Imperatores
2078 753 2205 778 perpetuo

1153 772 1304 836 fraudatis,
1318 780 1363 799 etc.
1399 774 1472 800 Adde
1486 776 1618 803 Ainmian.
1637 783 1679 809 28,
1691 785 1710 802 1.
1728 783 1752 802 ei
1770 783 1812 809 25,
1825 784 1851 808 9.
1887 777 1962 813 Conf.
1981 776 2045 811 VQJI
2060 779 2089 805 de
2107 783 2160 807 νιν.
2175 783 2205 808 L.

1178 829 1183 835 ·
1202 817 1226 840 32
1243 818 1281 842 4¹·

1190 851 1209 871 R
1220 846 1237 870 ιζ
1248 850 1269 870 G
1282 841 1355 871 C'LA
1366 864 1374 877 ‚
1391 853 1430 870 ae.
1451 844 1470 870 f.
1508 846 1618 881 [κανών]
1657 849 1761 877 Norma‚
1774 855 1822 882 qua
1844 848 1923 874 lineae
1945 847 2092 885 diriguntur
2104 871 2113 883 ‚
2139 852 2206 887 quast

1153 879 1294 915 mensuram
1307 890 1402 916 regens.
1446 880 1541 907 Pallad.
1559 891 1578 914 ι,
1590 893 1616 914 9,
1631 892 1646 909 2
1671 883 1772 917 Regula
1784 883 1968 917 exploraueris
1980 886 2097 919 aequale.
2155 889 2207 915 Co-

1156 916 1245 942 lumel.
1260 925 1279 947 3,
1296 925 1320 948 ι3
1351 917 1422 943 Nam
1436 916 1498 942 duas
1518 919 1620 945 regulas
1634 919 1690 945 cius
1705 919 1865 952 latitudiuis,
1881 928 1933 954 qua
1945 921 2089 954 pastinator
2106 923 2206 950 sulcum

1155 951 1274 992 faciurus
1292 951 1346 984 est,
1367 953 1396 978 in
1415 953 1528 986 speciem
1549 954 1663 980 Graecae
1684 955 1776 981 literae
1795 963 1814 982 x
1837 955 2042 983 det-unanimus:
2067 964 2146 992 atque
2169 962 2206 987 ita

1154 989 1258 1027 inediae
1279 989 1364 1023 parti,
1383 997 1436 1022 qua
1456 989 1564 1022 regulae
1584 991 1805 1023 committuntur,
1824 992 1961 1025 antiquam
1982 993 2055 1019 illam
2074 995 2208 1023 ciconiam

1153 1024 1300 1050 infiximus.
1371 1024 1478 1050 Lucret.
1493 1035 1520 1058 4,
1534 1027 1579 1056 516
1614 1026 1735 1060 Denique
1749 1033 1777 1052 vt
1791 1027 1819 1053 in
1834 1027 1944 1060 fabrica,
1958 1028 1976 1054 si
1992 1030 2102 1063 praua'st
2117 1032 2208 1066 regula

1155 1060 1250 1094 prima.
1321 1060 1376 1094 Qio
1391 1061 1442 1086 ioco
1457 1060 1609 1092 Lambinus,
1622 1061 1738 1094 Regula,
1751 1063 1845 1096 iignum
1860 1062 1892 1096 est
1908 1063 2011 1098 restani,
2027 1066 2170 1103 oblongum,
2184 1075 2208 1094 ee

1153 1098 1251 1128 latum,
1271 1104 1317 1130 quo
1329 1096 1412 1130 fabri.
1425 1102 1532 1122 utuntur
1552 1095 1586 1122 ad
1603 1097 1737 1133 exigendas
1755 1095 1933 1130 re't‘iieaiii'ncs,
1954 1108 1978 1125 ct
1990 1105 2102 1136 parietes
2122 1104 2207 1139 aedifi«

1154 1135 1248 1158 ciorum
1262 1131 1418 1166 dirigendas.
1458 1132 1534 1158 Fiunt
1546 1135 1620 1158 etiam
1633 1142 1645 1158 c
1656 1132 1733 1167 ferro
1747 1134 1854 1168 regulae.
1877 1136 1945 1160 Haec
1958 1136 2007 1162 ille.
2028 1138 2076 1163 Con
2093 1138 2102 1163 '.
2117 1140 2144 1165 Ρ.
2162 1141 2207 1166 fa-

1155 1168 1198 1194 ber
1208 1166 1327 1204 'Agonijh
1342 1176 1365 1200 2,
1378 1178 1403 1202 7.
1441 1168 1510 1193 Hinc
1528 1169 1636 1202 regulae
1650 1168 1768 1195 dicuntur
1786 1168 1870 1194 bacilli
1887 1172 2023 1207 quicunque
2035 1181 2076 1199 rec
2090 1177 2101 1199 i
2107 1194 2116 1206 ‚
2133 1179 2209 1201 etiam

1155 1203 1189 1229 ad
1202 1205 1278 1230 aliam
1293 1212 1344 1229 rem
1357 1203 1481 1234 adhibiti,
1498 1210 1527 1230 vt
1540 1204 1673 1231 Columel.
1689 1208 1714 1237 6,
1724 1207 1789 1237 26‚2
1809 1204 1917 1231 Duabus
1930 1208 2044 1241 angustis
2059 1208 2154 1243 ligneis
2168 1220 2208 1237 re>

1156 1239 1240 1274 gulis,
1262 1239 1346 1265 veluti
1368 1239 1517 1274 forcipibus
1539 1239 1736 1274 apprehendere
1758 1240 1864 1267 testium
1886 1250 1991 1269 neruos.
2052 1245 2127 1272 Tales
2144 1247 2209 1282 fiint

1155 1276 1223 1310 apud
1242 1274 1339 1301 Pallad.
1354 1275 1418 1303 Mai.
1433 1285 1455 1306 7,
1470 1284 1478 1301 1
1492 1282 1515 1301 et
1529 1285 1556 1308 4.
1576 1279 1606 1302 it.
1623 1277 1714 1311 Vegct.
1728 1277 1842 1303 Mulom.
1856 1285 1878 1309 2,
1892 1286 1931 1311 41,
1945 1287 1966 1311 3.
1983 1285 2006 1304 et
2018 1288 2044 1312 2,
2058 1289 2103 1315 47,
2118 1290 2139 1313 3.
2176 1284 2209 1309 Et

1155 1314 1184 1338 in
1196 1312 1271 1345 prelo
1289 1311 1394 1338 oleario
1408 1311 1542 1338 Columel.
1561 1320 1594 1344 12,
1607 1320 1700 1345 5o,10.
1738 1310 1778 1345 Est
1799 1319 1822 1338 et
1841 1316 1867 1338 in
1886 1313 2048 1346 instrumento
2065 1317 2208 1354 chirurgica

1156 1348 1224 1374 Cels.
1240 1354 1262 1378 8,
1276 1356 1314 1374 10.
1408 1347 1510 1382 Regula
1531 1354 1557 1374 et
1582 1348 1686 1374 Norma
1714 1347 1779 1382 quid
1802 1346 1941 1380 differant,
1967 1350 2019 1376 vid.
2050 1358 2163 1379 NORM
2174 1361 2208 1381 Α.

53 1393 77 1416 a,
87 1394 113 1417 4.
151 1386 190 1411 Sic
202 1386 282 1415 alias,
296 1390 324 1409 ut
338 1383 394 1408 Cic.
409 1383 479 1408 Fam.
496 1390 535 1414 14,
548 1390 578 1414 ¹4
602 1382 630 1407 Si
642 1381 688 1408 ille
700 1382 813 1407 Romam
827 1381 943 1408 modeste
956 1388 1093 1415 venturus,
1109 1394 1138 1420 35
1155 1382 1176 1419 ff
1198 1391 1214 1409 2
1254 1383 1442 1418 Transfertur,
1462 1390 1491 1409 vt
1509 1383 1589 1418 ipsum
1609 1384 1708 1409 verbnm
1728 1384 1818 1417 Rege,
1831 1383 1866 1409 ad
1882 1385 1949 1416 alia,
1961 1388 1989 1411 in
2008 1387 2094 1421 quibus
2112 1388 2145 1421 2st
2169 1393 2209 1416 uic

52 1420 125 1445 πῶς
144 1420 173 1444 in
192 1419 336 1452 praesentia
356 1417 429 1443 domi
446 1418 493 1444 ess'e
510 1416 625 1452 potestis.
674 1417 715 1444 Sic
734 1426 789 1443 mox
808 1426 834 1443 n.
853 1425 876 1443 2.
902 1418 972 1444 Dare
993 1425 1016 1444 ct
1029 1419 1093 1444 Effe.

53 1455 112 1481 Nec
131 1454 220 1486 rccie,
239 1453 292 1480 vid.
311 1452 448 1480 Necrec‘te.
622 1449 643 1489 ff
663 1460 680 1478 2
714 1453 832 1494 Reliquas
846 1453 976 1488 formulas
996 1455 1094 1479 elemen-

53 1497 133 1516 torum
153 1490 238 1516 ordine
258 1489 422 1525 disponimus:
457 1487 514 1514 Cic.
526 1488 602 1514 Verr.
617 1497 645 1522 4,
662 1496 674 1521 ς
696 1497 718 1514 c.
732 1497 744 1519 3
772 1488 819 1513 bed
840 1497 932 1515 earum
948 1488 1095 1514 artificem:

55 1526 214 1557 quemnam?
233 1524 302 1552 reete
318 1524 465 1555 admones,
478 1523 638 1555 Polycleuun
660 1524 708 1549 esse
729 1522 861 1549 dicebant.
896 1525 1002 1550 Simulat
1020 1524 1095 1558 hacsi-

50 1567 106 1586 tare
117 1561 159 1595 fi,
173 1564 311 1586 memoriam
327 1570 375 1586 non
385 1558 476 1593 statim
487 1560 609 1594 subiicere
621 1558 672 1592 sthi
686 1568 784 1588 nomen,
802 1557 889 1584 deinde
901 1569 916 1584 a
929 1559 1033 1594 ficorum
1047 1561 1094 1585 ali‘-
1100 1571 1137 1595 40
1154 1566 1196 1584 ma
1211 1559 1326 1584 oratoris
1342 1564 1367 1584 et
1388 1558 1488 1592 regula.

50 1603 97 1629 quo
129 1594 308 1630 iiisufiirraeum
330 1595 389 1629 fibi.
481 1595 631 1621 Conuiuari
657 1594 743 1626 recie,
770 1593 822 1619 vid.
845 1594 926 1619 Recta
948 1603 1042 1624 coena,
1064 1597 1093 1619 in

50 1636 169 1656 COENA.
242 1630 297 1656 Cic.
313 1631 383 1657 Fam.
405 1640 424 1663 ι,
439 1638 456 1666 7
481 1630 595 1664 <Quoties
613 1629 681 1655 inihi
701 1635 835 1655 certorum
858 1628 1000 1654 hominum
1019 1634 1092 1662 pote-

51 1665 100 1691 stas
114 1665 180 1696 erit,
193 1665 290 1699 quibus
304 1665 374 1691 reste
387 1665 460 1691 dem:
479 1673 533 1691 non
551 1664 768 1698 praetermittam.
787 1667 806 1689 i.
828 1663 923 1698 Qubus
939 1670 993 1690 tuto
1011 1671 1035 1690 et
1056 1668 1091 1691 ci-

50 1708 93 1727 tra
102 1702 235 1736 periculum
248 1701 306 1726 dure
314 1699 402 1734 poffim
414 1702 511 1725 literar.
583 1699 638 1725 cic.
653 1699 707 1724 Att.
721 1707 754 1730 ις,
768 1704 801 1731 48
821 1699 855 1725 Vt
870 1699 924 1732 ipse
937 1700 962 1725 ei
975 1701 1092 1727 Puteolis

51 1737 163 1763 fundum
181 1736 252 1763 rcfle
272 1735 404 1769 mancipio
418 1735 486 1761 Dare
503 1734 592 1768 possct.

50 1772 199 1799 llfalcili'ccrc
218 1772 299 1798 Plaut.
314 1771 402 1797 Pseud.
421 1781 450 1804 4,
462 1772 488 1800 6,
502 1778 542 1802 23.
573 1776 596 1796 et
615 1769 684 1796 Asin.
698 1779 717 1802 i,
732 1779 754 1802 3,
768 1779 789 1803 3.
819 1777 842 1796 et
856 1771 949 1797 Bacch.
970 1781 997 1805 4,
1010 1781 1038 1806 4,
1054 1778 1092 1805 83.

52 1808 119 1834 Ter.
133 1807 242 1841 Adelph.
256 1817 285 1841 4,
298 1817 318 1839 3,
336 1812 360 1836 18
387 1806 416 1832 Et
436 1805 507 1832 reete
521 1812 546 1831 ct
565 1814 660 1832 verum
679 1806 761 1832 Dicis.
811 1806 893 1834 Plaut.
910 1808 984 1842 Capt.
998 1816 1020 1841 5,
1034 1817 1060 1840 2,
1074 1816 1091 1843 7

51 1843 131 1870 Recte
150 1852 175 1870 et
192 1852 254 1870 vcra
270 1843 393 1877 loquere:
420 1841 462 1868 sed
481 1850 566 1876 neque
583 1848 612 1867 tu
631 1851 694 1868 vere
708 1850 794 1876 neque
814 1842 887 1869 retSie
903 1843 988 1870 adhuc
1006 1844 1092 1872 fecisti

50 1888 174 1914 vnquam.
246 1879 302 1905 Cic.
317 1880 370 1904 Att.
386 1886 423 1910 14,
437 1880 465 1904 16
484 1885 548 1904 extr.
577 1877 616 1903 De
629 1878 715 1904 Attica
734 1885 884 1912 pergratum
905 1880 973 1905 mihi
994 1880 1092 1913 fecisti,

51 1916 122 1949 quod
138 1914 231 1942 curasti
246 1921 304 1941 ante
318 1915 410 1941 scirem
423 1913 448 1939 ci
462 1912 533 1939 refic-
545 1913 613 1944 Effe,
633 1922 711 1948 quam
726 1923 779 1940 nou
795 1914 864 1940 belle
877 1915 963 1942 suilse.

50 1952 83 1977 de
96 1951 164 1978 Clar.
178 1952 251 1977 Orat.
265 1959 303 1982 331
328 1951 402 1982 Qiae
414 1949 431 1976 fi
445 1948 515 1976 reele
531 1949 621 1976 Effem.
641 1952 660 1976 ι’.
681 1951 707 1976 Si·
721 1953 802 1976 omnia
816 1951 873 1976 bene
886 1958 909 1976 ct
922 1952 1041 1978 commode
1053 1962 1090 1979 ce-

50 1986 144 2013 derent.
214 1987 268 2012 Cic.
282 1986 334 2012 Att.
351 1988 387 2017 16,
401 1993 416 2017 9
451 1984 506 2019 Qii
525 1985 612 2011 minus
631 1991 718 2013 autem
738 1994 787 2020 ego
805 1985 863 2012 istic
877 1987 948 2014 recte
964 1988 1017 2014 Effe
1033 1989 1090 2023 pos-

51 2022 115 2054 iim,
136 2030 214 2056 quam
234 2022 269 2048 est
286 2021 444 2048 Marcellus?
515 2020 556 2047 Est
575 2020 647 2047 reete
666 2021 733 2056 apud
754 2028 866 2049 matrem
886 2023 942 2050 Cic.
958 2026 1012 2050 Att.
1035 2034 1055 2055 ι,
1070 2034 1092 2056 7.

50 2058 146 2084 Facere
164 2058 245 2084 alicui
260 2057 329 2083 rech·
349 2057 428 2083 Plaut.
444 2056 503 2083 Aul.
518 2065 543 2088 2,
557 2064 578 2089 5,
592 2065 626 2082 12.
666 2059 708 2084 Sic
721 2058 790 2084 Ter.
805 2058 916 2092 Adelph.
930 2068 953 2091 3,
967 2068 989 2092 3,
1002 2068 1032 2094 72
1057 2060 1091 2086 Il-

52 2093 99 2119 lud
115 2093 184 2120 re&e
204 2094 299 2124 (intell.
317 2092 441 2123 Faenum)
455 2092 550 2118 iterum
571 2091 604 2118 sic
621 2100 764 2119 memento.

52 2130 164 2162 turpiter
179 2129 286 2155 Faetum
309 2128 389 2155 celari
410 2134 511 2162 poterat
531 2128 603 2154 Caes.
616 2129 643 2154 B.
658 2129 689 2155 G.
705 2136 732 2162 7,
745 2134 786 2159 80.
857 2131 913 2157 Cic.
929 2131 1008 2158 Acad.
1026 2141 1045 2164 ι,
1060 2134 1091 2164 36

53 2166 94 2191 Sic
116 2165 184 2191 inter
200 2165 271 2191 recte
290 2164 389 2190 sac‘tum
407 2171 484 2197 atque
503 2170 651 2197 peccatum,
672 2164 791 2191 officium
804 2171 830 2191 et
850 2173 941 2193 contra
960 2166 1091 2198 officium,

50 2201 138 2226 media
158 2199 259 2226 locabat
278 2200 418 2233 quaedam:
435 2198 506 2226 τεέὶε
518 2198 589 2231 sola,
602 2207 647 2226 etc.
719 2201 799 2227 Ferre
819 2202 952 2227 molestias
965 2202 1051 2231 ree‘te,
1071 2204 1090 2225 i.

48 2237 178 2262 Paiicmcr
199 2235 267 2262 Ter.
281 2237 346 2262 Eun.
366 2243 385 2268 ι,
406 2245 422 2268 ι,
442 2243 477 2267 33.
549 2235 622 2261 Idem
638 2236 733 2261 Heaut.
750 2245 771 2266 s,
785 2244 810 2266 2,
824 2244 856 2266 43
887 2236 930 2260 Sat
949 2235 1020 2260 recte
1040 2235 1091 2259 hoc

49 2271 118 2298 mihi
145 2271 173 2297 in
193 2272 309 2298 Mentem
328 2272 409 2298 venit.

47 2307 130 2334 Olere
147 2307 233 2340 redite,
253 2309 317 2334 Rem·
336 2310 398 2333 olere
415 2306 497 2332 Plaut.
509 2304 612 2342 Mosscl.
634 2312 652 2335 i,
673 2312 695 2334 3,
716 2311 762 2335 ιι3.
836 2302 910 2330 Idem
923 2303 1015 2330 Bacch.
1029 2312 1053 2333 2,
1066 2312 1090 2335 3,

48 2351 92 2375 114
113 2343 158 2369 lllc
170 2344 205 2370 est
220 2345 349 2370 Oneratus
363 2341 449 2370 rcc'te,
468 2345 494 2364 et
508 2339 565 2371 plus
581 2338 649 2364 iusto
663 2339 748 2365 secum
763 2338 845 2365 vehit.
916 2340 1018 2364 Ponere
1033 2338 1089 2364 otia

47 2379 119 2406 reeb.-
135 2380 201 2404 Hor.
217 2379 300 2403 Seru».
315 2385 339 2406 2,
354 2383 379 2408 7,
395 2382 441 2402 112.
507 2374 563 2399 Cic.
577 2374 629 2400 Att.
646 2382 679 2405 13,
694 2381 723 2407 17
750 2373 837 2399 Attica
851 2373 939 2399 nostra
951 2374 1015 2407 quid
1030 2379 1088 2407 agat

47 2415 113 2440 seire
132 2413 225 2445 cupi0,
245 2411 289 2437 etii
309 2417 368 2436 tuae
383 2409 475 2435 literae
492 2408 551 2439 (scd
573 2408 625 2433 iam
638 2408 718 2433 nimis
735 2414 836 2434 veteres
856 2409 930 2437 sunt)
943 2408 1014 2434 reete
1027 2409 1087 2442 Spe-

48 2458 108 2475 rare
136 2448 244 2478 iubent,
262 2449 280 2472 i.
301 2446 362 2471 bona
383 2447 473 2470 omnia.

49 2484 132 2509 Plaut.
146 2482 235 2509 Bacch.
248 2489 274 2512 2,
288 2488 311 2510 2,
328 2487 356 2512 14
390 2478 461 2510 Qua
475 2477 492 2503 si
505 2476 550 2503 illa
564 2477 672 2504 iuuenta
686 2478 722 2504 est
735 2486 814 2512 quam
829 2486 909 2511 amat,
921 2479 1002 2512 viuit,
1015 2480 1087 2506 rccie

48 2519 132 2544 Valet.
203 2515 303 2541 Viucre
313 2513 384 2541 redte
402 2514 470 2540 Hor.
486 2513 564 2545 Epist.
578 2521 599 2546 ι,
614 2516 640 2545 6,
654 2522 692 2546 ει).
891 2513 912 2552 q
933 2524 946 2547 3
984 2515 1086 2552 Obstru.

45 2551 90 2581 Ad
110 2551 234 2586 Logicam
254 2550 385 2577 bonitatem
398 2568 405 2579 ,
428 2555 450 2574 et
469 2547 558 2582 iustam
583 2551 800 2576 ratiocinationem
810 2549 944 2585 speciatim
956 2555 1087 2586 pertinet.-

45 2588 170 2622 Epicurus
193 2585 349 2615 circuitione
365 2582 476 2618 quadam
494 2584 557 2611 deos
575 2585 685 2616 tollens,
704 2585 776 2611 τεᾶς
793 2595 847 2612 nou
861 2585 965 2614 dubitat
981 2588 1085 2614 diuina-

45 2624 145 2651 tionem
163 2623 256 2649 tollere
271 2621 326 2648 Cic.
340 2621 371 2647 de
386 2620 477 2646 Diuin.
496 2629 522 2652 2,
536 2629 581 2653 40.

46 2668 81 2691 11,
94 2669 120 2692 4.
176 2658 257 2684 Plaut.
270 2659 352 2684 Merc.
374 2666 402 2690 4,
420 2665 448 2689 4,
467 2658 500 2682 62
538 2657 633 2683 Eadem
652 2656 744 2683 licebit
764 2666 827 2684 mox
848 2667 957 2686 coenare
976 2660 1086 2686 rectius.

44 2695 192 2723 Meministi:
205 2702 261 2720 rem
275 2693 372 2719 reeiius
393 2692 465 2718 Idem
478 2692 552 2726 Epid.
567 2701 596 2725 4,
608 2702 627 2724 ι,
642 2695 682 2719 26.
754 2694 903 2728 Pei-spicere
916 2695 1014 2722 meiius
1035 2696 1086 2722 Lu.

46 2737 108 2757 cret.
124 2739 144 2762 i,
159 2738 209 2765 157.
281 2730 371 2755 Aetate
383 2728 499 2762 Sapimus
512 2728 609 2755 refitiui
624 2728 692 2755 Ter.
706 2728 819 2763 Adelph.
839 2738 861 2763 ς,
875 2739 897 2762 3,
911 2733 957 2763 46.
1028 2732 1086 2759 Te-

47 2775 110 2793 nere
127 2775 182 2792 rem
196 2765 292 2792 rec‘iius
311 2764 392 2791 Plaut-
406 2763 501 2798 Amph.
517 2764 584 2797 prol.
601 2773 652 2791 iio.
725 2765 821 2792 Valere
838 2766 936 2792 rectius
949 2766 987 2794 Id.
1001 2767 1084 2795 Trin.

47 2811 69 2834 i,
83 2811 105 2834 ε,
120 2810 169 2834 ¹23·

47 2846 75 2864 12
93 2847 115 2864 c.
130 2846 152 2870 5.

82 2881 126 2901 κε
137 2880 154 2900 c
165 2880 226 2900 ΤΟ.
256 2873 322 2900 Adu.
359 2873 454 2898 Auton.
474 2877 500 2898 et
518 2872 603 2898 Verus
619 2873 686 2906 apud
706 2873 790 2907 Papir.
806 2874 823 2900 Ι,
839 2883 865 2901 21
875 2881 918 2909 pr.
939 2875 972 2901 D.
988 2875 1020 2902 de
1033 2876 1085 2910 Ap-

44 2909 132 2944 pellat.
146 2909 352 2944 Appcllationcs,
371 2916 439 2942 quae
451 2907 526 2934 recto
538 2907 570 2934 ad
579 2908 726 2944 Principem
742 2909 825 2936 saetae
839 2911 906 2936 sunt.
945 2911 1013 2938 Idem
1021 2911 1086 2947 quod

45 2945 130 2972 rcfta:
154 2945 226 2972 recIO
239 2947 341 2975 itinere,
355 2943 425 2970 reeta
444 2947 496 2970 via.

222 2836 334 2864 Probare
347 2835 485 2862 rectissime
500 2836 559 2869 le.
574 2836 592 2862 l.
607 2844 639 2869 54
654 2835 677 2873 ᾗ.
689 2846 708 2870 4
721 2837 782 2872 Dig.
798 2846 847 2872 pro
860 2838 942 2865 socio.

40 2997 41 3000 ,
84 2986 249 3013 Rsse'rlo,
268 2980 336 3006 onis.
364 2979 382 3006 f.
417 2979 539 3013 [ivuwit]
573 2977 782 3013 Administratio,
796 2981 952 3018 gubernatio.
987 2983 1043 3010 Cic.
1053 2982 1085 3009 de
1097 2992 1130 3020 80
1145 2986 1206 3012 tuti.

3 3017 9 3027 '
47 3015 105 3042 Fin.
119 3024 140 3048 5,
152 3025 175 3042 ιι
188 3024 209 3043 c.
221 3026 240 3050 4
259 3016 349 3048 Qum
362 3020 448 3042 autem
466 3015 543 3041 tertia
563 3024 620 3050 pars
639 3015 706 3042 bene
720 3017 830 3044 viuendi
848 3023 986 3052 praecepta
1005 3028 1083 3053 quae-

50 3058 136 3083 reret,
154 3059 184 3077 ea
203 3060 307 3085 quoquc
324 3051 359 3077 est
381 3050 414 3077 ab
428 3051 539 3081 iisdem,
558 3059 613 3077 non
626 3052 710 3078 solum
729 3051 761 3079 ad
776 3054 896 3088 priuatae
920 3055 991 3080 vitae
1004 3055 1085 3080 ratio-

49 3095 110 3113 nem
120 3106 128 3118 ,
147 3086 188 3112 scd
199 3087 278 3113 etiam
294 3086 325 3112 ad
338 3086 500 3121 Rcrumpub.
514 3086 662 3116 rechonem
675 3087 766 3115 relata.
839 3090 969 3116 Omnium
983 3099 1084 3117 rerum-

49 3122 122 3157 publ.
135 3121 262 3148 rectione·
279 3121 317 3148 ld.
329 3122 366 3148 ib.
375 3125 396 3156 4
408 3131 430 3148 c.
444 3130 487 3149 22.

837 2094 934 2129 Neque
952 2096 1025 2123 reeie
1045 2103 1090 2123 aut
1107 2103 1135 2130 55

544 2443 638 2468 Suades
663 2442 733 2468 reete
759 2443 828 2469 Ter.
842 2443 937 2470 Hcaut.
957 2452 979 2476 5,
998 2452 1024 2476 2,
1042 2453 1084 2477 43.
1099 2447 1132 2479 65
1147 2446 1228 2479 Qiod
1241 2445 1258 2472 fi
1275 2447 1365 2472 seruus
1380 2446 1403 2484 ᾗ.
1417 2456 1433 2473 2
1446 2447 1480 2474 D.
1494 2448 1526 2474 de
1540 2450 1568 2474 in
1583 2458 1639 2475 rem
1654 2451 1746 2481 verso,

272 2801 365 2836 Super-I.
385 2807 428 2831 rt,
443 2799 589 2826 Reffiffime
605 2800 816 2828 animaduertere
836 2803 893 2829 Cic.
909 2803 942 2829 de
954 2803 1048 2838 Legib.
1063 2813 1085 2837 3,
1097 2814 1130 2843 73
1145 2806 1230 2836 ribus,
1242 2807 1352 2842 legibus,
1361 2812 1523 2842 perjzmarum
1537 2815 1560 2834 ει
1570 2811 1727 2844 populorum,

1139 3132 1218 3164 perii.

1154 1418 1272 1453 quaedam
1291 1420 1394 1452 exempli
1407 1425 1451 1444 aut
1465 1421 1594 1452 praecepti
1606 1425 1651 1444 etc.
1688 1419 1868 1445 Pseudo-Cic.
1883 1419 1911 1444 in
1923 1420 2023 1447 Sallust.
2042 1431 2061 1455 4
2087 1424 2208 1452 Primum

1157 1453 1240 1487 igitur
1255 1454 1383 1486 quoniam
1403 1454 1524 1480 omnium
1538 1454 1646 1487 Crispus
1662 1453 1798 1479 Sallustius
1815 1453 1848 1479 ad
1866 1463 1946 1480 vnum
1962 1458 2112 1492 exemplum
2126 1466 2152 1485 et
2167 1468 2208 1486 rc-

1156 1489 1244 1523 gulam
1259 1489 1372 1522 quaerit.
1447 1489 1504 1515 Cic.
1518 1489 1571 1515 Off.
1585 1497 1611 1520 2,
1626 1497 1657 1521 59
1683 1489 1719 1514 In·
1727 1488 1768 1514 his
1783 1494 1870 1514 autem
1885 1489 1945 1523 ipsis
1958 1491 2155 1520 Mediocritatis
2167 1504 2208 1522 re-

1157 1525 1218 1557 gula
1239 1524 1341 1556 optima
1360 1523 1405 1549 est.
1477 1524 1542 1550 Plin.
1555 1523 1634 1557 Epist.
1648 1532 1673 1555 9,
1687 1526 1721 1550 26
1753 1523 1800 1551 Sed
1808 1524 1997 1553 Demosthenes
2012 1529 2067 1562 ipse
2081 1529 2125 1555 ille
2133 1530 2206 1557 Nor-

1557 1559 1614 1585 Cic.
1631 1559 1707 1585 Acad.
1723 1570 1751 1593 4,
1766 1568 1796 1592 ²9
1824 1561 1898 1586 Hanc
1918 1562 1966 1588 eise
1987 1561 2104 1597 regulam
2124 1568 2207 1594 totius

1153 1593 1350 1628 Philosophiae,
1364 1594 1582 1620 constitutionem
1595 1595 1664 1627 veri,
1678 1595 1750 1627 falfi,
1764 1596 1876 1629 cogniti,
1890 1597 2031 1632 incogniti.
2076 1602 2208 1629 Omnium

1153 1638 1205 1657 vna
1224 1629 1314 1664 regula
1331 1629 1381 1661 est,
1400 1638 1482 1663 quam
1501 1631 1581 1664 cupio
1601 1630 1652 1657 tibi
1671 1632 1720 1657 osse
1739 1631 1914 1665 notissimam,
1929 1641 1974 1660 etc.
1997 1636 2052 1662 Cic.
2068 1637 2119 1663 Off.
2135 1647 2157 1671 3,
2171 1644 2205 1669 ξι.

1155 1665 1287 1692 Aberrare
1302 1675 1316 1692 a
1329 1665 1418 1700 regula
1432 1672 1457 1692 et
1471 1667 1681 1700 praescriptione
1695 1674 1766 1693 Vitae
1785 1668 1842 1694 Cic.
1855 1669 1934 1695 Acad.
1950 1679 1969 1703 4
1981 1679 2002 1696 c.
2017 1675 2061 1705 46.
2132 1675 2207 1701 Idem

1154 1701 1186 1727 de
1205 1702 1261 1727 Fin.
1276 1710 1296 1734 i,
1310 1704 1339 1733 63
1368 1702 1475 1728 Seruata
1488 1703 1548 1733 illa,
1562 1711 1630 1737 quae
1646 1703 1717 1736 quali
1730 1703 1833 1738 delapsa
1847 1703 1879 1730 de
1891 1705 1964 1731 caclo
1980 1707 2016 1733 est
2029 1708 2060 1734 ad
2075 1710 2207 1743 coguitio-

664 1734 760 1760 Dicere
775 1743 829 1760 non
842 1735 915 1761 reeie
928 1735 1026 1769 alicui,
1042 1744 1091 1772 pro
1103 1745 1138 1772 45
1154 1746 1214 1764 nem
1240 1738 1380 1769 omnium,
1405 1738 1513 1772 regula,
1535 1738 1567 1765 ad
1593 1747 1674 1773 quam
1697 1740 1788 1766 onmia
1814 1740 1914 1767 iudicia
1936 1750 2026 1769 rerum
2045 1742 2206 1780 dirigentur.

1153 1773 1228 1809 Conf.
1245 1773 1319 1800 Idem
1340 1773 1371 1799 de
1385 1774 1447 1808 Opt.
1468 1784 1526 1808 gen.
1541 1775 1615 1801 Orat.
1630 1782 1696 1802 extr.

1151 1810 1215 1836 falsa
1228 1809 1381 1836 iudicentur
1395 1810 1451 1836 Cic.
1464 1810 1496 1836 de
1510 1810 1581 1837 Clar.
1595 1813 1671 1838 Orat.
1687 1819 1737 1844 152.
1810 1812 1881 1839 Adsit
1901 1815 2000 1847 regula,
2014 1818 2125 1850 peccatis
2139 1827 2206 1848 cuzae

1153 1854 1250 1880 poenas
1267 1846 1369 1880 irroget
1389 1854 1484 1880 aequas
1504 1847 1574 1873 Hor.
1588 1847 1671 1873 Serui.
1687 1856 1703 1880 ι,
1719 1856 1742 1880 3,
1758 1853 1806 1878 118.
1878 1849 2012 1881 Quaem.
2027 1861 2050 1884 9,
2064 1862 2081 1886 4
2108 1849 2206 1887 Neque

1154 1882 1227 1908 enim
1248 1882 1353 1916 loquuti
1375 1882 1434 1909 suut
1453 1882 1485 1909 ad
1505 1881 1572 1909 hanc
1594 1883 1714 1917 regulam
1737 1889 1763 1911 et
1783 1883 1950 1918 diligentiam
1970 1887 2051 1920 primi
2073 1888 2205 1917 homines.

1767 1776 1876 1803 Habere
1890 1778 2018 1811 regulam,
2033 1789 2084 1814 qua
2098 1791 2159 1807 vera
2179 1789 2206 1809 ct

1016 1916 1091 1944 Idem
1104 1925 1137 1952 50
1153 1918 1259 1944 Paullus
1272 1919 1350 1944 lctus
1364 1918 1381 1944 l.
1398 1926 1407 1944 1
1419 1918 1445 1944 tf.
1460 1919 1491 1944 de
1504 1919 1534 1946 R.
1543 1920 1563 1945 Ι.
1585 1919 1684 1952 Regula
1699 1919 1751 1951 est,
1766 1928 1834 1954 quae
1850 1930 1922 1956 rem,
1938 1931 2006 1956 quae
2019 1923 2068 1955 cst,
2084 1924 2205 1953 breuiter

1151 1960 1265 1980 enarrat.
1303 1954 1367 1980 Non
1381 1963 1412 1980 ex
1425 1955 1516 1989 regula
1530 1955 1569 1981 ius
1583 1955 1711 1987 sumatur,
1733 1956 1775 1981 sed
1791 1964 1822 1982 cx
1837 1956 1896 1983 iure
1910 1957 1983 1992 quod
1999 1959 2034 1985 est
2046 1962 2135 1993 regula
2150 1961 2204 1988 fiat.

1151 1990 1200 2017 Per
1215 1990 1334 2024 regulam
1347 1990 1432 2024 igitur
1445 1990 1536 2017 breuis
1549 2000 1639 2017 rerum
1655 1992 1773 2017 narratio
1787 1992 1915 2022 traditur,
1930 2000 1969 2023 et,
1984 2000 2012 2019 vt
2032 1995 2069 2020 ait
2083 1995 2206 2029 Sabinus,

1152 2026 1222 2060 quafi
1236 2027 1326 2052 causae
1340 2026 1475 2053 conieeiio
1487 2027 1532 2052 eli.
1570 2027 1645 2059 Qiae
1658 2026 1736 2052 fimul
1749 2035 1809 2051 cum
1823 2027 1851 2052 in
1865 2028 1956 2061 aliquo
1970 2028 2064 2055 vitiata
2079 2031 2132 2064 est,
2147 2041 2203 2066 per.

1154 2063 1194 2088 dit
1207 2060 1325 2088 officium
1338 2063 1424 2087 suum.

1188 2104 1206 2123 R
1216 2104 1231 2123 li
1242 2104 1263 2123 G
1275 2104 1292 2122 v
1303 2104 1319 2123 L
1328 2100 1375 2123 Ᾱῑ(
1385 2104 1394 2122 1
1403 2103 1416 2122 s
1425 2115 1432 2126 ,
1452 2105 1475 2121 e.
1497 2096 1558 2121 Adi.
1596 2094 1734 2128 [κανονικός
1747 2095 1826 2122 Gloff.
1841 2097 1958 2132 Cyrill.]
1993 2099 2206 2136 Qiodsccumlum

1150 2134 1261 2167 regulam
1275 2131 1319 2163 est,
1340 2138 1368 2157 vt
1388 2132 1462 2165 vulgo
1474 2134 1576 2164 capiunt
1585 2149 1593 2161 ,
1608 2131 1648 2156 vel
1661 2130 1726 2165 quod
1738 2131 1845 2164 regulae
1857 2133 1883 2167 J]
1896 2132 1986 2159 bacilli
2000 2138 2114 2169 jamnum
2125 2138 2205 2165 habes,

1151 2168 1219 2193 Plin.
1236 2175 1273 2196 34,
1286 2171 1299 2194 8
1314 2166 1331 2190 s.
1347 2174 1378 2190 20
1401 2166 1443 2190 ubi
1462 2165 1491 2191 de
1506 2165 1607 2198 Cyprio
1621 2174 1699 2197 aere,
1721 2166 1850 2197 Regulare
1870 2174 1896 2193 et
1911 2168 1939 2194 in
1954 2169 2013 2195 aliis
2031 2170 2060 2197 fit
2078 2175 2192 2200 metallis

1151 2202 1270 2234 itemque
1295 2199 1449 2226 caldarium.
1501 2200 1674 2231 Differentia,
1696 2201 1768 2234 quod
1788 2201 1931 2230 caldarium
1952 2204 2075 2233 funditur
2092 2195 2204 2236 tantum!b

1153 2235 1254 2262 malleis
1273 2235 1383 2268 fragile,
1398 2234 1495 2267 quibus
1516 2234 1638 2268 regulare
1656 2234 1832 2270 obsequitur,
1848 2238 1880 2264 ab
1900 2240 1961 2266 aliis
1980 2241 2079 2267 ductile
2092 2231 2205 2279 appellas

493 2270 644 2297 Ministrarc
668 2269 739 2295 reete
765 2270 834 2294 Hor.
856 2270 938 2294 Serm.
961 2277 983 2300 2,
1004 2274 1028 2301 8,
1049 2278 1089 2301 70.
1097 2271 1133 2295 60
1151 2277 1222 2299 tum,
1242 2270 1320 2303 quale
1332 2278 1412 2294 omne
1425 2268 1555 2302 cyprium
1570 2269 1615 2296 est.
1643 2270 1692 2296 Sed
1704 2277 1730 2297 et
1743 2272 1771 2297 in
1784 2275 1894 2300 caeteris
1908 2277 2021 2303 metallis
2036 2277 2111 2305 distat
2124 2289 2138 2306 a
2152 2282 2205 2308 cal-

1151 2304 1237 2330 dario.
1274 2305 1362 2330 Omne
1378 2304 1450 2330 enim
1464 2305 1583 2339 purgatis
1597 2305 1754 2341 diligentius
1767 2307 1825 2343 igni
1839 2310 1928 2343 vitiis,
1942 2313 2112 2348 excoctisque
2127 2325 2203 2351 regu-

1148 2339 1203 2366 lare
1215 2338 1260 2365 est.
1295 2341 1425 2380 Apparet,
1440 2340 1561 2374 regulare
1575 2339 1632 2374 qffi’,
1645 2342 1710 2377 quod
1728 2346 1756 2369 in
1770 2345 1891 2379 regulas,
1910 2351 1929 2374 i.
1949 2349 2051 2376 bacillos
2057 2351 2203 2387 formatum

1146 2373 1188 2408 ζῆ.
1226 2374 1405 2410 Cons.1udor.
1422 2378 1460 2408 16,
1477 2384 1513 2408 19.

1182 2417 1201 2436 R
1211 2417 1227 2436 E
1237 2416 1257 2435 G
1267 2417 1288 2435 ν
1299 2417 1344 2437 LA
1356 2418 1374 2437 R
1386 2410 1425 2437 ῐΤ
1437 2417 1454 2437 E
1469 2418 1499 2438 R.
1525 2412 1594 2439 Adu.
1616 2413 1750 2446 [κανονικῶς
1764 2415 1845 2443 (31οίἲὶ
1861 2416 1918 2444 Lat.
1932 2419 2000 2454 Gn]
2021 2422 2128 2456 leian.
2142 2424 2170 2450 in
2184 2424 2202 2452 l.

1196 2482 1200 2486 ι
1442 2484 1449 2488 ¹
1523 2484 1527 2488 ἑ
1772 2451 1803 2477 Et
1818 2454 1977 2487 regulariter
1991 2455 2106 2485 dicimus
2121 2462 2200 2488 toties

1147 2482 1180 2508 dc
1194 2491 1222 2508 in
1243 2491 1299 2508 rem
1312 2484 1390 2523 ¹verso
1410 2484 1458 2509 esse
1476 2483 1619 2513 adhonem.
1656 2485 1730 2512 Idem
1751 2486 1779 2512 in
1795 2487 1813 2514 l.
1833 2488 2002 2524 Regulariter
2019 2492 2201 2524 definiendum

1147 2518 1192 2544 est.
1212 2518 1251 2544 De
1265 2525 1338 2552 petit.
1352 2518 1442 2546 hered.
1478 2521 1554 2556 Coris.
1575 2521 1695 2549 Macrob.
1708 2523 1798 2550 Somn.
1814 2524 1881 2560 Scip.
1900 2534 1920 2558 ι,
1933 2535 1976 2554 20.
2013 2529 2152 2558 Auoustin.
2167 2532 2201 2560 de

1146 2553 1238 2580 Docir.
1252 2554 1317 2582 Chr.
1331 2563 1357 2588 2,
1372 2563 1415 2588 29.
2057 2550 2072 2565 υ

1183 2597 1202 2616 R
1212 2597 1228 2616 E
1238 2596 1258 2616 G
1269 2597 1290 2615 v
1301 2597 1317 2616 L
1327 2593 1350 2617 A*
1361 2596 1383 2617 T
1394 2597 1405 2618 ι
1417 2598 1451 2618 Μ.
1479 2590 1547 2619 Adu.
1585 2592 1664 2620 idun.
1700 2595 1792 2630 Veget.
1807 2594 1840 2622 de
1854 2596 1892 2623 Re
1907 2599 1967 2626 Vct.
1983 2608 2006 2633 2,
2020 2609 2061 2634 41,
2074 2610 2087 2634 3
2113 2603 2199 2639 Regu-

652 2622 765 2655 Compar.
791 2622 862 2648 Fieri
877 2622 976 2649 reffius
989 2624 1129 2661 Pallad.70
1145 2625 1221 2652 latim
1234 2632 1259 2652 et
1274 2627 1440 2654 sollemniter
1454 2637 1556 2655 curare.
1593 2630 1662 2656 Add.
1675 2630 1800 2658 Diomed.
1817 2641 1827 2658 1
1850 2642 1875 2667 p.
1890 2642 1949 2667 402.

1183 2670 1201 2688 ιζ
1212 2670 1228 2688 Ε
1239 2668 1259 2688 G
1270 2661 1290 2687 ὕ
1299 2669 1315 2688 L
1327 2670 1345 2690 Ο
1355 2683 1363 2695 ,
1380 2668 1433 2690 Ere.
1470 2664 1542 2691 Cael.
1559 2665 1649 2692 Aurei.
1663 2666 1750 2693 Tard.

1145 2698 1271 2733 xiguntur
1283 2708 1377 2725 eorum
1390 2700 1504 2726 virtutes
1518 2710 1572 2726 non
1588 2708 1681 2729 natura
1695 2702 1757 2729 loci.

1184 2741 1203 2760 R
1214 2740 1231 2760 E
1244 2741 1260 2760 Χ
1270 2754 1278 2767 ,
1297 2736 1377 2769 regis.
1402 2745 1438 2762 m.
1475 2736 1612 2769 [βασιλεύς
1620 2757 1626 2767 ,
1644 2736 1725 2772 ἅναξ]

1771 2676 1793 2699 3,
1809 2678 1836 2701 4,
1848 2671 1881 2695 62
1916 2671 2081 2705 Regulantut
2100 2675 2143 2701 vel
2158 2675 2198 2703 di—

1466 2774 1470 2778 .
1762 2740 1814 2775 Qi
1830 2750 1934 2777 regnum
1947 2743 2054 2778 poffidct
2073 2753 2098 2772 ct
2115 2751 2199 2784 regit:

1146 2768 1223 2805 estque
1230 2770 1339 2807 summae
1348 2769 1482 2810 potestatis
1495 2780 1519 2798 et
1533 2771 1671 2804 maiestatis
1685 2783 1780 2808 nomen,
1794 2785 1941 2812 quiunquam
1948 2786 1997 2814 pro
2012 2784 2131 2816 ingeniis,
2148 2794 2197 2810 ma-

1162 2845 1165 2848 *
1198 2845 1200 2848 Ι
1262 2845 1264 2848 y
1291 2845 1294 2848 ,
1643 2846 1646 2849 Ι
1741 2818 1784 2837 aut
1798 2812 1860 2838 nulli
1873 2814 1944 2846 fiiis,
1957 2823 2000 2841 aut
2018 2817 2108 2851 diuersi
2121 2821 2198 2853 plane

1145 2843 1238 2882 [mutes
1255 2844 1323 2868 illius
1339 2842 1480 2877 potestatis.
1515 2845 1695 2879 Componitur
1713 2846 1787 2872 orbis
1807 2848 1886 2882 Regis
1907 2849 1938 2876 ad
1955 2853 2104 2886 exemplum
2119 2855 2196 2881 Clau-

1147 2877 1216 2904 dian.
1239 2887 1257 2910 4
1275 2879 1382 2905 Consul.
1404 2880 1510 2907 Honor.
1530 2889 1592 2913 299.
1664 2882 1720 2908 Cic.
1734 2883 1787 2909 Off.
1807 2892 1833 2919 2,
1851 2893 1882 2917 41
1921 2886 1992 2912 Mihi
2013 2888 2120 2921 quidem
2141 2900 2197 2917 non

1146 2913 1215 2948 apud
1230 2915 1328 2953 *Medos
1349 2914 1452 2948 solum,
1476 2922 1505 2942 vt
1525 2917 1562 2943 ait
1576 2916 1746 2951 Herodotus,
1766 2919 1808 2945 sed
1829 2921 1909 2947 etiam
1930 2922 1998 2956 apud
2017 2933 2131 2951 maiores
2150 2935 2197 2953 no—

1147 2950 1212 2976 stros
1226 2950 1343 2977 iustitiae
1358 2951 1486 2978 fruendae
1505 2953 1579 2979 causa
1591 2952 1718 2980 videniur
1732 2954 1799 2981 olim
1820 2955 1887 2982 bene
1902 2960 1998 2984 morati
2014 2969 2087 2989 rems
2102 2962 2196 2988 consti-

1184 3022 1189 3026 .
1216 3021 1221 3026 ·
1263 2986 1364 3027 Cic-de
1378 2987 1436 3014 Fin.
1452 2996 1473 3020 3,
1487 2995 1518 3022 75
1548 2988 1655 3015 Refflns
1670 2989 1742 3015 euim
1756 2992 1936 3025 appellabitur
1954 3003 2015 3025 rex,
2030 2988 2108 3030 q'uain
2125 2998 2196 3025 Tar-

1146 3029 1268 3055 quinius,
1283 3031 1330 3056 qui
1344 3032 1391 3048 nec
1406 3024 1446 3056 se,
1463 3033 1509 3050 uec
1522 3024 1581 3050 suos
1594 3033 1685 3058 regere
1700 3027 1796 3059 potuit.
1868 3029 1967 3063 Reges,
1982 3030 2010 3055 dc
2025 3041 2080 3061 rrae
2093 3040 2115 3058 rt
2128 3037 2195 3059 resti-

1144 3067 1177 3095 na
1192 3057 1224 3083 ad
1237 3058 1416 3085 Ptolemaeum
1430 3059 1653 3095 Cleopatramque
1667 3071 1740 3096 reges
1760 3063 1819 3089 Liu.
1833 3071 1875 3097 27,
1888 3073 1915 3097 4.
1954 3066 2026 3101 Cous.
2042 3061 2079 3093 sd.
2093 3078 2130 3101 44
2156 3055 2193 3102 ῖς.

1144 3095 1215 3128 Qiiii
1228 3097 1301 3120 ctiam
1316 3095 1388 3121 liberi
1402 3102 1426 3121 ct
1438 3093 1540 3129 affines,
1561 3106 1606 3131 quo
1619 3103 1724 3132 tempore
1742 3098 1834 3124 nullam
1848 3099 1928 3126 adhuc
1935 3107 2034 3135 partem
2047 3089 2141 3130 [ΜΔ-εἰη,
2150 3109 2195 3132 im-

1274 3131 1345 3157 Caes.
1355 3130 1487 3157 Bell.Ciu.
1502 3140 1524 3163 3,
1539 3140 1585 3166 107
1606 3133 1805 3160 Controuerlias
1818 3143 1911 3168 regum
1927 3136 1960 3162 ad
1975 3138 2105 3172 Populum
2114 3141 2194 3168 Rom.

40 3183 42 3185 .
85 3164 128 3184 RE
140 3162 157 3183 C
168 3163 189 3183 Τ
199 3163 217 3184 0
228 3164 245 3183 R
255 3176 263 3189 ,
281 3158 342 3184 oris.
361 3167 397 3184 m.
434 3164 457 3184 et
480 3163 643 3190 RECTRix,
662 3159 718 3186 icis.
736 3160 757 3187 f.
794 3160 926 3196 [tvevvrfif
936 3181 944 3193 ‚
958 3161 1085 3197 ἒυθυντῆς]
1100 3167 1129 3196 85
1145 3171 1170 3191 et
1185 3166 1209 3191 se
1219 3185 1227 3197 ,
1245 3166 1317 3200 quod
1333 3167 1391 3193 esset
1400 3167 1507 3197 Consul,
1521 3167 1653 3202 pertinere
1669 3169 1828 3202 existimans,
1849 3170 1877 3197 cie
1886 3172 2018 3199 Ptolemaei
2033 3179 2100 3211 regis
2107 3179 2194 3211 Aegy-

48 3195 100 3228 Qi‘
121 3194 160 3219 uel
179 3201 237 3227 quae
255 3195 327 3228 regit.
362 3194 419 3220 Cic.
437 3193 470 3220 de
483 3194 546 3220 Nat.
559 3194 640 3221 Deor.
660 3203 685 3225 2,
703 3204 737 3227 90
770 3196 923 3232 Intelligere
941 3198 1019 3224 inefl'e
1038 3198 1084 3224 ali-

48 3238 127 3264 quem
141 3237 194 3254 non
215 3227 299 3254 solum
312 3227 484 3256 habitatorem
497 3229 526 3256 in
539 3229 585 3256 hac
603 3230 708 3258 caelesti
721 3240 749 3257 ac
764 3232 856 3259 diuina
871 3234 967 3263 domo,
989 3233 1031 3260 sed
1046 3241 1084 3260 et-

48 3265 103 3292 iam
117 3263 247 3290 rectorem
263 3269 289 3303 et
300 3264 508 3298 moderatorem,
525 3271 550 3293 et
563 3272 687 3301 tanquam
706 3267 880 3295 architectum
899 3269 965 3295 tanti
983 3270 1083 3304 operis,

48 3302 168 3334 tantique
187 3308 312 3325 muneris.
380 3301 519 3328 Rectorem
543 3310 650 3336 quoque
674 3303 766 3330 solitus
788 3304 825 3330 est
847 3313 979 3339 apponere
999 3312 1083 3332 aetate

47 3336 136 3370 paruis
155 3343 198 3361 aut
220 3341 307 3361 mente
327 3334 399 3368 lapsis
411 3356 418 3367 ‚
443 3336 525 3363 donee
542 3337 718 3365 adolescerent
738 3345 783 3365 aut

47 3373 115 3406 Aug.
131 3381 152 3397 c.
166 3376 208 3404 48.
277 3370 412 3410 Columel.
425 3380 447 3403 3,
463 3381 490 3398 10
520 3373 648 3400 Videmus
669 3374 824 3402 hominibus
842 3377 996 3411 inspiratam
1009 3377 1083 3404 velut

47 3408 184 3442 aurigam,
203 3406 395 3440 rec‘iriccmque
424 3408 602 3436 membrorum
626 3411 750 3437 animam.
844 3413 911 3439 Plin.
932 3421 969 3444 37,
985 3421 1009 3444 13
1023 3416 1082 3444 (ιε)

47 3443 122 3471 Italia
135 3442 232 3469 rec‘trix
248 3450 391 3476 parensque
403 3442 493 3470 mundi
504 3444 592 3472 altera.
665 3446 786 3473 Maiestas
799 3447 910 3475 rectoi-is
925 3449 970 3474 Sil.
982 3456 1081 3483 15,417.

49 3478 148 3505 Diuum
163 3478 280 3512 Iuppiter
294 3477 424 3504 maximus
437 3478 523 3507 τεὸὶοι·
544 3481 619 3515 Virg.
633 3482 698 3508 Aen.
717 3487 740 3514 8,
757 3491 815 3517 572.
886 3484 1024 3518 Elephanti
1042 3493 1082 3511 re-

48 3514 107 3541 ἐὶοι·
133 3515 205 3541 Curt.
227 3519 250 3544 8,
271 3522 311 3546 14,
330 3521 364 3545 33.

48 3549 133 3576 &ores
152 3550 338 3584 imperatoriae
359 3550 484 3575 iuuentae
498 3549 565 3578 Tac.
579 3553 646 3579 Ann.
665 3562 699 3586 13,
712 3562 737 3585 2,
756 3563 774 3580 i.

48 3593 88 3612 res
102 3585 177 3620 Virg.
191 3586 254 3612 Aen.
270 3593 294 3617 9,
310 3593 361 3619 173.

47 3621 124 3647 ritate
133 3641 141 3652 ,
153 3621 228 3648 πρᾶο
241 3622 334 3648 queni
348 3621 414 3647 Tac.
430 3621 497 3646 Ann.
511 3629 530 3652 i,
540 3630 582 3656 24,
594 3632 615 3656 3.

847 3556 976 3582 quenum
997 3556 1081 3582 rtho-

435 3584 490 3610 Acl.
503 3585 605 3614 Seianus
614 3608 623 3620 ,
642 3598 735 3623 magna
749 3589 817 3624 apud
830 3590 978 3617 Tiberium
991 3591 1081 3618 ausm-

686 3625 796 3660 Olympi
809 3626 899 3653 rector
917 3628 998 3654 Ouid.
1014 3627 1079 3653 Met.

808 3340 988 3375 resipiscerent
1012 3342 1126 3371 Suet-90
1143 3345 1209 3371 Eun.
1223 3353 1246 3377 3,
1265 3354 1284 3377 ι,
1299 3353 1324 3380 7.
1344 3353 1368 3371 et
1383 3346 1479 3372 Heaut.
1495 3355 1514 3378 i,
1529 3354 1552 3381 ς,
1566 3350 1610 3380 64.
1647 3348 1673 3374 N

1138 3204 1252 3236 priorum
1265 3202 1359 3228 liherir.
1381 3202 1455 3237 Coris.
1469 3212 1491 3229 c.
1508 3212 1563 3235 109.
1584 3207 1613 3229 it.
1629 3204 1685 3230 Cic.
1700 3206 1775 3231 Verr.
1791 3215 1809 3238 4
1824 3216 1845 3233 c.
1859 3215 1901 3241 27.
1924 3208 1984 3234 Sall.
1999 3211 2053 3244 Iug.
2067 3219 2108 3245 27.
2135 3212 2194 3239 isid.

1145 3238 1260 3263 German.
1280 3239 1372 3264 Valens
1386 3238 1494 3264 Guelli'us
1507 3239 1542 3264 ad
1556 3240 1630 3273 Virg.
1643 3240 1696 3266 Ecl.
1716 3249 1737 3273 3,
1755 3244 1800 3267 106
1834 3243 1882 3268 Dic
1898 3244 1993 3276 quibus
2013 3246 2040 3271 in
2062 3248 2139 3274 terris
2153 3249 2193 3275 in-

1142 3273 1234 3307 scripti
1248 3274 1356 3300 nomina
1371 3274 1471 3308 Regum
1484 3274 1631 3301 Nascantur
1645 3277 1740 3303 liores?
1784 3278 1910 3304 Caeterum
1923 3280 1968 3305 hac
1979 3285 2075 3307 nomin:
2087 3290 2194 3310 Utuntur

1144 3309 1260 3342 Romani,
1268 3310 1373 3336 Graecos·
1386 3313 1483 3336 imitati
1490 3330 1497 3343 ‚
1508 3317 1583 3346 paene
1593 3311 1740 3347 specialiter
1752 3312 1781 3338 de
1790 3314 1919 3348 perjurum
1933 3316 2042 3351 regihur,
2050 3318 2117 3354 apud
2124 3319 2194 3347 Ter.

1676 3357 1715 3382 ep.
1732 3356 1757 3380 9,
1770 3358 1798 3388 4,
1816 3357 1837 3390 1²
1861 3356 1884 3374 et
1900 3358 1938 3384 17,
1953 3360 1978 3383 ι,
1994 3360 2013 3379 ι.
2078 3355 2194 3382 Trium-

1668 3419 1674 3423 ·
1703 3384 1868 3410 Caelicolum
1887 3394 1933 3412 rex
1953 3387 2028 3422 Virg.
2042 3390 2106 3416 Aen.
2122 3402 2140 3423 3,
2155 3401 2192 3418 21.

1642 3418 1741 3459 Diuum
1756 3425 1845 3453 pater,
1861 3426 1886 3446 ct
1901 3431 1948 3448 rex
1960 3423 2119 3460 homiuum,
2133 3428 2192 3462 Iup-.

1221 3488 1226 3493 ι
1251 3489 1256 3493 ⁴
1578 3454 1688 3488 Olympi
1712 3464 1822 3488 magnus
1844 3464 1889 3482 rex
1913 3458 1987 3485 Idem
2008 3461 2074 3487 ibid.
2094 3470 2122 3495 5,
2141 3472 2192 3495 533.

1144 3488 1270 3515 Nominis
1291 3489 1419 3523 ingentis,
1447 3489 1500 3516 vid.
1532 3496 1625 3516 1NG12·
1637 3497 1689 3516 Ns.
1761 3491 1863 3524 Regum
1882 3501 1943 3524 rex,
1969 3496 1999 3522 dc
2012 3498 2191 3533 Agamemnone

1144 3379 1190 3414 phi
1203 3389 1294 3415 regum
1315 3381 1397 3408 Ouid.
1410 3383 1501 3409 Amor.
1515 3391 1534 3413 i,
1547 3391 1582 3415 15,
1596 3391 1632 3415 33.

1144 3416 1262 3443 Deorum
1278 3418 1346 3443 Hor.
1360 3418 1448 3444 Carm.
1463 3427 1492 3451 4,
1505 3427 1534 3451 4,
1548 3427 1570 3445 2.

1143 3452 1212 3485 piter
1239 3454 1314 3487 Virg.
1331 3454 1395 3479 Aen.
1417 3462 1442 3485 i,
1462 3457 1505 3486 69.

435 3513 570 3548 Afranius,
585 3517 716 3550 Burrhus,
729 3525 755 3544 ct
775 3521 895 3546 Annaeus
914 3520 1023 3550 Seneca,
1038 3528 1081 3546 re·
1095 3527 1127 3553 95
1142 3524 1209 3559 apud
1220 3524 1276 3551 Cic.
1292 3525 1364 3551 Fam.
1379 3534 1406 3557 9,
1421 3533 1450 3558 14
1460 3532 1502 3560 pr.
1515 3525 1541 3561 s
1560 3526 1614 3552 Att.
1632 3534 1669 3558 14,
1683 3534 1706 3551 1⁷
1716 3532 1759 3560 pr.
1790 3528 1827 3553 De
1844 3537 1901 3563 rege
1915 3531 2045 3567 Persarum
2058 3535 2190 3560 Auunian.

1143 3567 1185 3600 ¹7⁵,
1198 3569 1230 3600 5,⁴
1244 3561 1313 3596 conf,
1328 3561 1398 3587 Suet.
1413 3561 1498 3601 Calig.
1512 3570 1535 3587 c.
1549 3569 1571 3594 ς.
1607 3561 1649 3588 Sic
1670 3561 1727 3587 Cic.
1748 3570 1798 3595 pro
1811 3562 1904 3605 [flacco
1918 3574 1951 3600 54
1972 3576 1993 3593 c.
2014 3577 2043 3601 23
2069 3570 2190 3605 Princeps

1144 3596 1296 3630 Principum
1312 3596 1490 3623 Maeandrius.
1689 3593 1710 3633 Ἴ
1728 3605 1744 3622 2
1782 3599 1896 3633 Epitheta
1912 3603 2045 3636 quoedmi:
2071 3605 2189 3639 Acquae-

1143 3639 1191 3657 vus
1207 3632 1282 3667 Virg.
1295 3634 1359 3658 Aen.
1374 3640 1399 3662 2,
1415 3635 1468 3664 561.
1524 3631 1687 3659 Fortissimus
1700 3632 1784 3665 gentis
1797 3634 1921 3662 Sidoniae
1932 3638 1978 3664 Sil.
1993 3644 2015 3670 8,
2031 3648 2085 3666 212.
2150 3643 2191 3668 In—

46 3664 74 3688 9,
86 3661 144 3689 498.
214 3656 301 3690 Pelagi
321 3656 395 3683 Idem
410 3655 476 3682 ibid.
495 3664 517 3696 ι,
536 3665 583 3688 33ι.
653 3661 815 3695 Populorum
834 3670 938 3689 centum
961 3663 999 3689 ld.
1013 3662 1081 3689 ibid.
1142 3665 1259 3694 domitus
1280 3668 1375 3694 Lucan.
1389 3676 1413 3698 2,
1430 3673 1481 3700 581.
1552 3667 1675 3694 infernus
1694 3669 1768 3695 Pluto
1787 3671 1863 3704 Virg.
1879 3672 1943 3699 Aen.
1965 3677 1981 3699 6
2006 3678 2051 3700 106
2134 3677 2191 3704 Ma.

48 3697 75 3724 7,
87 3697 138 3723 ⁴8¹·
208 3692 307 3726 Regum
327 3692 414 3719 πρᾶον
432 3700 561 3732 maximus
578 3693 633 3722 Sen.
645 3696 751 3723 Troad.
768 3706 804 3723 io.
831 3698 904 3734 Cous.
919 3700 1003 3725 Rutil.
1018 3699 1188 3736 ltin.100gni
1207 3703 1275 3730 Hor.
1289 3704 1373 3730 Serui.
1392 3712 1418 3733 2,
1430 3712 1453 3735 3,
1467 3710 1508 3736 45·
1587 3703 1720 3730 Minantes
1743 3704 1816 3732 Idem
1829 3707 1916 3733 Canu.
1931 3717 1956 3740 2,
1972 3694 1999 3736 ii.
2026 3695 2062 3737 η’.
2135 3712 2190 3739 Ne-

49 3733 70 3757 ι,
83 3734 132 3758 553.
150 3734 174 3752 et
186 3727 210 3754 h.
224 3729 242 3754 l.
257 3728 345 3756 Barth.
417 3727 532 3769 R.‘³¹P¹'b·
545 3728 631 3766 rector
643 3738 669 3757 et
681 3732 784 3759 consilii
798 3733 901 3768 publici
918 3735 1011 3762 audior
1023 3734 1080 3761 Cic.
1142 3739 1285 3771 morcufis,
1304 3739 1357 3765 uid.
1379 3745 1502 3765 Nrinvs.
1576 3737 1689 3771 Populus
1702 3740 1754 3766 late
1768 3750 1813 3767 rex
1827 3742 1901 3772 Vite·
1915 3744 1978 3770 Aeu.
1993 3730 2009 3771 i⁷
2026 3754 2057 3772 2¹
2129 3749 2191 3774 Pur-

48 3760 80 3787 de
92 3761 164 3803 Orat.
180 3771 189 3788 i
202 3772 224 3789 c.
238 3770 279 3798 48.
348 3763 477 3806 Superum
497 3763 578 3807 Ouidt
590 3765 652 3807 Met.
672 3775 692 3809 ι,
709 3770 768 3798 668.
803 3770 840 3795 De
859 3773 933 3796 varia
953 3774 1022 3797 vocis
1034 3772 1080 3796 Rc·
1143 3782 1255 3807 pureus,
1275 3778 1294 3801 i.
1312 3777 1466 3809 Purpurariis
1476 3772 1536 3808 ,stu
1544 3779 1659 3808 purpura
1673 3783 1777 3802 ornatus
1789 3777 1869 3803 Ouid.
1878 3773 1947 3806 'Met
1963 3789 1979 3815 7
2002 3764 2065 3814 1³03.)-
2109 3784 2190 3809 Semi-

47 3794 126 3822 Horis
138 3797 245 3839 fortuna
265 3797 299 3831 est
318 3806 487 3827 commentatio
507 3800 577 3826 lirici
595 3800 699 3829 Simonis
712 3805 818 3831 chrici
835 3814 851 3831 a
871 3806 961 3839 Sceleri,
976 3807 1082 3833 Lubecae
1142 3808 1186 3835 dei
1199 3810 1259 3836 Stat.
1279 3809 1365 3837 Achil.
1388 3819 1418 3842 2,
1438 3812 1491 3841 363.
1562 3809 1694 3844 Superbus
1717 3812 1792 3846 Virg.
1814 3814 1877 3839 Aen.
1898 3823 1930 3846 ιι,
1953 3801 1989 3842 12⁷
2057 3817 2189 3846 Timendi

45 3841 109 3866 ¹742
126 3832 199 3858 edita.
1142 3845 1211 3872 Hor.
1225 3846 1313 3872 Carni.
1329 3855 1351 3878 3,
1367 3855 1386 3878 ι,
1399 3853 1421 3877 ς.
1494 3844 1666 3872 Tremendus
1689 3847 1764 3882 Virg.
1781 3849 1877 3885 Georg.
1898 3860 1932 3882 4,
1952 3833 2015 3885 4³73.
2090 3855 2189 3881 Colunt

83 3869 318 3897 RECTiTxJDo
331 3890 339 3902 ‚
365 3871 424 3897 i'nis.
453 3871 472 3896 f.
517 3871 616 3904 Aggen.
634 3870 663 3898 in
680 3872 756 3904 Goes.
777 3875 869 3910 Agrar.
888 3885 915 3912 p,
932 3879 969 3910 46
993 3877 1079 3911 Rigor
1087 3885 1133 3912 ¹05
1141 3889 1230 3916 teges,
1246 3889 1301 3908 non
1320 3890 1401 3915 regna
1415 3880 1490 3915 pauci
1509 3880 1566 3907 Scn.
1585 3882 1666 3909 Herc.
1679 3883 1759 3909 Oeth.
1777 3886 1833 3910 616.

45 3903 105 3930 suae
119 3902 285 3931 rcetitudinis
297 3907 421 3934 naturalia
434 3915 532 3933 nomen
545 3907 653 3940 accepit.

1905 3886 2074 3915 Constituere
2099 3899 2189 3923 regem

2074 3926 2188 3959 populis.

1398 3934 1416 3944 a
