2434 4156
617 88 890 130 REG

607 178 666 206 Vid.
681 189 736 206 mox
756 183 975 206 REGESTvs.

226 107 280 144 123

226 182 266 209 bet
277 182 348 206 etiam
360 175 416 204 MS.
431 176 566 205 Gorbanus.

227 216 322 249 rapher.
340 212 442 247 uiciffim
462 214 571 241 obiicere.
645 215 755 248 Culpam
778 223 946 241 communem
965 220 1085 248 regerere
1104 211 1133 237 in
1150 211 1267 245 aliquem

229 250 294 277 Plin.
317 247 394 281 Epist.
420 257 457 282 10,
482 259 521 282 30.
593 251 721 285 Contagia
735 258 856 284 regerere
887 250 955 276 Plin.
970 254 1010 281 28,
1024 259 1050 283 4.
1158 246 1268 272 Crimen

227 284 307 310 alicui
319 291 454 318 regerere,
473 288 492 311 i.
508 287 538 311 In
554 286 657 321 aliquem
671 289 770 312 reiicere
789 286 876 312 Seucc.
891 285 1000 319 Hippoi.
1013 294 1037 310 v.
1052 287 1104 317 718·
1195 283 1268 308 Inui·

228 318 299 344 diam
321 326 441 354 regerere
460 320 489 346 in
500 321 618 355 aliquem
642 320 773 354 Quinctil.
788 330 821 354 11,
835 329 854 347 1.
959 321 1016 346 Cic.
1030 320 1101 345 Fam.
1118 323 1154 349 15,
1167 325 1194 350 19
1218 318 1269 343 Pro

228 362 283 393 quo
297 353 349 380 tibi
363 356 484 389 proxima
496 356 605 390 epistola
618 362 658 383 tot
671 357 781 384 rusticos
789 357 890 383 Stoicos
904 360 1068 390 regeram‚vt
1077 352 1183 379 Catium
1191 351 1269 379 Athe-

229 397 271 415 ms
284 396 373 417 natum
388 393 436 418 efl‘e
451 391 530 418 dicas.

265 431 419 453 RFGEST
429 433 487 459 vs,
510 436 540 459 a,
567 435 621 453 um.
659 426 752 453 Partic.
788 426 973 461 Iudiciumque
1001 426 1060 450 suae
1083 423 1157 450 vocis
1177 423 1273 450 tellure

231 461 328 494 regesta
343 462 452 489 Obruit.
523 463 634 497 Proprie.
704 463 745 489 Sic
757 462 865 496 Regesta
884 462 977 488 humus
1010 458 1140 485 Columel-
1160 468 1193 491 ιι,
1209 468 1232 492 3,
1251 467 1274 491 5·

1124 173 1268 213 q2Me-

231 495 305 522 Idem
321 505 342 529 3,
358 506 391 529 11,
405 505 422 532 7
447 498 533 524 Etiam
551 497 712 523 duriffimum
731 497 843 531 tophum
860 498 904 524 vcl
924 494 1127 527 carbunculum,
1147 494 1225 521 simul·
1238 499 1275 520 at-
1291 513 1319 530 10
1338 496 1419 524 Ouid.
1434 500 1501 526 Met.
1515 508 1553 532 14,
1567 507 1626 534 773.

232 540 285 566 que
306 533 365 559 sunt
382 533 527 565 consu-acii,
549 539 574 559 et
595 533 622 558 in
643 534 746 558 summo
757 533 865 567 regesti,
900 547 945 552 ·——
980 530 1129 564 putrescere
1163 544 1209 550 —
1244 539 1273 555 nc

231 568 339 594 resolui.
434 567 557 601 Substant.
591 568 630 594 Id.
645 578 674 602 4,
688 577 707 600 1,
722 576 733 600 3
754 569 780 594 Si
795 577 856 602 ager
869 568 968 602 bipalio
982 572 1128 597 moueatur,
1148 571 1175 592 et
1187 566 1274 599 depri-

231 610 337 630 mantur
351 604 449 630 semina
461 603 490 630 in
501 603 617 637 regesto,
637 603 708 637 quod
721 603 757 629 est
770 604 963 630 fermentatum.
1041 602 1130 628 Verum
1141 601 1274 627 Columel.

232 647 255 670 3,
271 647 303 671 13,
318 645 331 668 8
364 639 432 665 Cum
452 648 466 664 a
484 639 614 673 superiori
640 645 714 673 parte
727 639 755 664 in
768 639 925 665 inferiorem
940 636 1087 664 detrahitur
1100 637 1210 668 humus,
1228 637 1275 662 vix

233 674 329 700 iustum
351 674 517 708 pastinationi
540 674 647 708 praebet
671 674 815 709 regestum,
831 674 879 700 nili
903 672 988 699 multo
1013 672 1156 699 editiorem
1175 673 1273 706 ripam,
1294 694 1303 711 Ι

233 718 311 743 quam
332 710 360 735 in
379 710 456 744 plano
476 709 568 736 feceris
582 720 587 735 :
623 709 722 736 videtur
732 714 815 744 prima
826 708 914 743 positio
927 706 969 741 effi*
988 714 1006 734 R
1016 715 1032 734 Ε
1044 714 1065 734 G
1076 715 1091 734 E
1101 715 1114 733 s
1123 715 1145 734 T
1154 714 1175 732 v
1185 716 1197 734 s
1206 727 1214 739 ,
1235 706 1274 733 us.

233 745 314 771 Ouid.
334 746 398 771 Met.
421 754 453 777 11,
473 750 513 774 188
537 744 644 779 Regesta
666 746 770 779 crapula
785 745 882 771 vestem
899 744 1055 778 inquinare,
1074 747 1094 770 i.
1107 747 1200 770 uomitu
1214 746 1275 769 reie-

232 780 283 807 θα.
320 780 425 814 Apuleii
452 779 494 812 effi·
514 779 608 806 ‹licieur
621 790 630 805 .·
663 788 737 816 negat
758 780 843 806 indm.
1041 778 1062 815 ἢ
1088 788 1102 805 2
1140 781 1170 805 In
1184 779 1273 805 librum

231 817 335 842 relatas.
407 816 536 848 Qiinffil.
552 825 571 848 3,
585 817 611 848 6,
624 822 651 848 58
675 817 737 842 Sunt
751 816 822 840 euim
837 813 908 841 velut
919 823 960 841 res
972 815 1085 849 regestae
1100 815 1128 841 in
1142 814 1190 840 hos
1203 823 1274 840 coni-

1724 85 2002 129 REG

1329 177 1388 213 agri
1401 177 1539 214 propositis
1553 176 1674 204 terminis
1688 176 1827 204 finiuntur.

2301 101 2364 143 124

1896 178 1967 206 Nam
1986 179 2087 214 Regere
2107 177 2232 211 antiquae
2246 177 2310 211 legis
2321 177 2368 207 ΧΠ

1331 214 1403 241 Tab.
1428 214 1633 250 significatione,
1651 214 1686 240 est
1710 214 1761 240 suis
1782 211 1880 239 finibus
1898 214 2070 241 terminatum
2090 214 2188 241 habere
2207 219 2232 239 et
2252 211 2368 241 statuere.

1330 250 1465 277 Iustinian.
1486 252 1503 279 l.
1521 259 1540 284 4
1557 251 1598 277 tit.
1617 250 1656 276 De
1673 248 1763 276 officio
1781 248 1835 275 iud.
1857 246 1881 284 §.
1899 249 2011 283 vltimo,
2031 251 2058 276 Si
2078 249 2173 276 finium
2193 249 2369 283 regundorum

1332 285 1419 312 aetum
1434 287 1531 319 suerit,
1549 294 1593 313 etc.
1701 284 1824 311 Habenas
1837 292 1928 318 regere
1957 286 2040 312 Ouid.
2061 285 2126 312 Fast.
2141 293 2162 317 1,
2175 292 2215 317 25.
2321 285 2370 311 lm-

1335 321 1439 355 perium
1453 331 1544 357 regere
1564 321 1639 356 Virg.
1654 322 1817 355 Aen.1,344.
1889 319 1991 347 Italiam
2006 321 2126 356 imperiis
2141 318 2279 354 grauidam
2299 318 2372 347 Idem

1335 356 1402 383 ibid.
1415 366 1444 390 4,
1458 367 1514 390 230.
1619 358 1759 392 Ingenium
1772 355 1884 382 alicuius
1904 355 1984 383 Plaut.
1998 356 2088 384 Bacch.
2101 364 2123 388 3,
2136 364 2159 389 3,
2173 364 2216 387 90.
2319 355 2372 383 Iter
2408 388 2409 392 Ἰ

1334 392 1405 418 rexit
1425 393 1482 420 lino
1497 393 1617 420 Theseus
1657 395 1775 427 Propert.
1794 400 1819 423 2,
1835 399 1874 423 14,
1888 396 1910 421 8.
2002 393 2120 419 Mentem
2134 392 2206 417 suam
2233 390 2329 416 Lucan.
2341 389 2373 418 ad

1334 427 1419 454 Pison.
1435 431 1474 461 56.
1566 430 1656 456 Mores
1668 437 1759 463 regere
1773 429 1819 454 suo
1831 426 1953 461 exemplo
1972 427 2053 454 Ouid.
2067 428 2131 454 Met.
2146 435 2181 459 ις,
2196 430 2252 458 834.
2320 426 2372 453 Na-

1336 467 1421 488 turam
1434 465 1505 490 suam
1519 465 1622 491 versare
1635 471 1661 492 et
1673 472 1764 499 regere
1778 463 1810 490 ad
1823 469 1922 497 teinpus
1949 462 2005 488 Cic.
2020 472 2068 497 pro
2081 462 2152 490 Cael.
2167 470 2199 493 13.
2306 461 2373 495 Opes

1743 500 1798 526 Ora
1811 498 1873 532 equi
1895 497 1976 524 Ouid.
1988 498 2052 525 Met.
2067 504 2091 532 8,
2105 507 2142 530 3⁴-
2219 495 2290 522 Idem
2300 496 2373 524 Rem.

1339 532 1396 558 Am·
1410 541 1451 566 338
1488 536 1575 561 Omne
1593 536 1708 569 Papillae
1730 536 1822 562 Pectus
1838 533 1934 562 habeut
1946 533 2062 560 tumidae
2075 542 2082 562 ε
2118 533 2197 560 fascia
2212 531 2282 557 nulla
2295 538 2374 566 regat.

1338 567 1451 601 Populos
1463 571 1578 605 imperio
1603 573 1680 606 Virg.
1696 573 1760 598 Aen.
1775 573 1802 602 6,
1817 575 1867 603 851.
1973 569 2066 595 Ratem
2078 574 2133 595 arte
2161 567 2242 595 Ouid.
2256 567 2341 593 Trist.
2356 576 2376 601 1,

1338 611 1367 663 a,
1379 611 1414 663 {2-
1520 606 1597 632 Rates
1627 606 1804 668 guberr‘iiacgila
1835 610 1945 666 rcggnt,
1963 604 1988 632 h.
2001 613 2020 631 e.
2034 606 2160 666 Djrilgiunt
2194 603 2260 629 Plin.
2281 611 2318 635 12,
2328 611 2375 664 ιζις).

1363 647 1376 663 a
1390 646 1416 663 es
1428 646 1456 664 re
1474 649 1490 665 u
1522 649 1537 665 u
1708 643 1713 648 “
1934 660 1939 666 .
2002 658 2007 665 .
2070 660 2077 666 .
2193 645 2244 664 tur.
2350 647 2363 664 e

1307 692 1320 718 5
1338 648 1473 713 imperio?
1493 643 1742 711 ῐῧὶιῗςῖῗὲἓαῗὲἒις.
1754 651 1793 708 Oc,
1803 644 1866 711 [ἔπιε
1873 650 1929 702 Rem
1939 648 2138 710 hlo'rilinuamque³
2140 648 2277 708 1tlieerilimque
2289 647 2376 700 Αειειξ
2412 683 2413 688 ’

1338 718 1379 735 nis
1403 717 1474 748 regis
1493 710 1623 744 imperiis.
1726 714 1781 739 Cic.
1795 712 1846 740 off.
1862 721 1882 744 1,
1895 720 1930 745 92
1950 710 2017 737 Illud
2035 716 2122 738 autem
2144 710 2180 736 est
2199 708 2378 741 iudicandum,

1338 753 1468 771 maximas
1481 746 1537 778 geri
1550 755 1590 773 res
1605 753 1631 773 et
1644 750 1755 774 maximi
1770 749 1854 775 animi
1868 747 1901 774 ab
1916 745 2149 780 iis‚qu·1Respubl.
2164 751 2272 779 regunt:

1338 789 1430 807 earum
1442 779 1635 809 administratio
1647 783 1765 810 latissime
1780 790 1875 818 pateat.

1338 824 1376 850 ¹4-
1482 816 1603 843 Senatum
1616 818 1731 845 consiliis
1754 819 1885 852 Qtinetil.
1900 828 1922 850 2,
1937 821 1973 844 16.

2308 744 2377 779 quod

1979 783 2062 809 Semet
2076 782 2162 816 ipsum
2189 781 2245 808 Cic.
2267 781 2338 807 Fam.
2350 789 2379 814 4,

2069 817 2153 844 Vrbes
2171 825 2262 851 regere
2282 817 2310 841 in
2324 815 2378 842 lon-

234 851 393 883 nientarios,
413 860 476 884 quas
488 851 635 877 adolescens
649 851 792 876 deduxerat
808 850 903 877 schola.
937 851 966 876 de
985 851 1119 877 rhetoricis
1139 851 1274 876 Ciceronis.
1286 871 1322 889 20
1333 860 1365 886 ga
1373 859 1435 885 pace
1452 851 1527 885 Virg.
1540 852 1603 879 Aen.
1617 861 1644 887 7,
1658 856 1704 886 46.
1741 855 1824 881 Vrbes
1844 854 1961 881 contiliis
1980 852 2111 887 Quinctil.
2132 854 2161 878 in
2184 854 2304 878 Prooem.
2325 859 2344 877 1.

230 888 272 914 Sic
286 886 374 921 difirte
387 889 414 912 in
428 887 484 913 MS.
502 886 577 920 Voffii
589 886 687 912 laudato
700 889 726 910 In
744 891 872 912 REGERO
882 906 890 918 ,
910 891 932 912 ct
949 887 1008 912 aliis
1021 887 1094 912 libris
1107 888 1225 920 optimis.-
1249 891 1273 910 et

231 921 332 948 videtur
345 931 394 947 non
406 921 576 957 improbabilis
588 921 744 955 metaphora,
762 930 777 947 o
791 928 859 948 terra
870 922 895 957 J:
910 921 993 948 humo
1011 920 1110 956 regesta
1118 940 1126 952 ,
1146 924 1164 947 i.
1172 920 1274 956 fidibus

225 957 284 994 fiais
295 964 360 983 mota
374 964 397 982 et
410 957 514 992 repofita
527 958 617 982 laxius.
653 955 721 982 Add.
735 962 921 983 REGESTVM.

268 999 286 1018 R
294 999 310 1018 F.
319 998 337 1017 G
348 999 364 1018 Ε
373 1000 385 1018 s
395 998 416 1017 Τ
425 999 445 1017 v
453 999 494 1024 M,
512 992 530 1017 i.
549 1000 575 1016 n.
611 991 821 1027 significationem
829 1011 836 1023 ‚
856 1001 928 1027 quam
940 991 1012 1018 habet
1024 991 1091 1026 apud
1101 989 1215 1024 rusticos,
1224 993 1274 1017 iam

229 1027 416 1054 declzrauimus.
458 1026 515 1053 Vid.
537 1032 710 1054 REGESTVS.
903 1025 924 1065 q
944 1036 960 1053 2
996 1028 1138 1053 Recentiorz'
1151 1033 1229 1052 aetate
1242 1026 1276 1053 ad

230 1063 332 1092 literas,
351 1061 385 1087 ad
407 1061 532 1088 breuior-ia
551 1061 667 1097 quaedam
685 1069 708 1088 et
727 1064 857 1096 lemmata,
875 1063 1005 1097 breuesque
1018 1063 1076 1088 adca
1089 1067 1276 1089 commentarios

230 1097 327 1132 nfcrri
335 1097 400 1132 solet
413 1107 421 1122 .·
456 1100 526 1123 cuius
537 1100 575 1123 νεὶ
587 1097 762 1124 αιιὲἳονίιαῐεγη
776 1099 805 1125 ab
817 1099 868 1135 ipjo
875 1099 949 1134 forte
966 1098 1040 1124 Fabio
1059 1098 1214 1133 repetendam
1226 1107 1275 1124 mo-

231 1132 262 1158 tio
276 1132 387 1158 dedimus
401 1135 428 1158 in
442 1139 617 1159 REGESTVS.
655 1134 804 1168 Registrum
818 1138 951 1161 recentium
963 1135 1105 1170 linguarum
1118 1134 1178 1161 binc
1196 1141 1276 1159 ortum

231 1167 292 1201 effe,
311 1177 357 1194 non
371 1166 403 1200 est
417 1167 522 1194 dubium.
603 1169 707 1203 Vopisc.
722 1171 750 1196 in
764 1169 852 1197 Probo
872 1179 885 1196 2
921 1171 986 1195 Vsus
1015 1170 1095 1196 etiam
1118 1179 1149 1196 ex
1171 1169 1277 1203 regestis

231 1204 378 1230 scribarum
393 1204 508 1237 porticus
523 1203 735 1238 Porphyreticae.

230 1249 294 1266 neus
308 1240 449 1266 memorias
461 1240 575 1266 aliorum
584 1240 715 1267 librorum
723 1247 748 1267 et
761 1241 929 1276 epistolarum
945 1242 973 1266 in
988 1250 1069 1267 vnum
1083 1241 1207 1267 colleehas
1217 1240 1276 1267 lsid.

231 1276 260 1301 iu
276 1275 354 1301 Glofl'.
367 1275 399 1301 ad
413 1275 463 1301 hoc
475 1274 613 1302 Prudentii
629 1277 657 1302 in
669 1278 746 1304 Rom.
762 1286 843 1309 v.1131
864 1277 913 1303 His
928 1277 956 1302 in
970 1277 1077 1310 regestis
1091 1277 1127 1303 est
1141 1276 1210 1303 liber
1223 1285 1278 1303 cae.

232 1310 349 1337 lestibus.
420 1311 495 1342 Qiae
510 1311 537 1336 in
551 1311 656 1345 regestis
674 1313 841 1339 diuersorum
855 1312 1007 1338 officiorum
1020 1313 1100 1338 relata
1113 1313 1171 1338 sunt
1184 1312 1277 1339 Theo-

231 1346 285 1372 dos.
301 1346 367 1378 Imp.
377 1345 461 1370 Praet‘.
476 1345 515 1370 sui
525 1345 593 1371 Cod.
664 1349 782 1373 Occurrit
795 1348 993 1382 qzcoquefiicpius
1006 1351 1032 1373 in
1046 1348 1095 1374 cod.
1109 1348 1176 1375 Cod.
1219 1348 1278 1375 Vid.

229 1383 283 1409 Iac.
300 1379 417 1415 Gothofr.
431 1379 464 1405 ad
477 1380 494 1406 l.
510 1388 539 1412 14
551 1381 581 1406 C.
589 1380 645 1406 Th.
654 1381 686 1406 de
699 1382 872 1415 Indulgentiis
886 1384 1047 1409 debitorum.

267 1422 467 1448 izi-:oxma
504 1415 689 1443 vid.REGO.
846 1421 847 1424 ’

268 1457 482 1481 REGIESCO,
501 1451 554 1477 oid.
575 1457 778 1478 REGLISCO.

272 1493 396 1513 REGIF
408 1494 428 1512 v
439 1492 460 1513 G
472 1493 480 1511 1
493 1493 512 1510 v
523 1493 563 1517 M,
584 1487 602 1513 i.
622 1496 647 1512 n.
685 1485 773 1513 Fest'us
788 1486 843 1513 dies
856 1486 923 1522 apud
932 1487 1065 1514 Romanos
1078 1487 1116 1513 VI
1130 1485 1186 1513 Cal.
1196 1486 1281 1521 April.

236 1532 291 1557 quo
305 1523 348 1548 dit·
364 1522 455 1556 fugisse
469 1522 636 1556 Tarquinios
651 1522 769 1549 Historia
783 1523 949 1556 antiquitatis
964 1523 1033 1548 testis
1048 1522 1180 1548 meminit.
1223 1523 1282 1549 Vid.

235 1559 332 1586 Auson,
348 1557 400 1584 Ecl.
415 1558 446 1583 de
459 1558 542 1583 Feriis
557 1559 634 1584 Rom.
652 1568 676 1584 υ.
692 1567 714 1590 ¹5
741 1558 797 1585 Nec
817 1559 988 1593 Regifugium
1009 1558 1086 1592 pulsis
1106 1566 1138 1583 ex
1158 1557 1223 1583 vrbe
1244 1563 1282 1589 ty·
1293 1579 1330 1604 40
1345 1580 1352 1585 .
1390 1579 1398 1586 .

233 1594 323 1621 raunis
338 1594 447 1620 Laetum
461 1593 586 1620 Romanis
598 1594 636 1620 fas
649 1595 761 1621 reticere
775 1594 855 1620 diem.

234 1630 345 1666 etsupra
362 1635 526 1655 FVGALM.

271 1672 290 1691 R
303 1671 317 1690 E
329 1671 348 1690 G
360 1673 367 1691 1
379 1670 400 1690 G
413 1671 434 1689 N
444 1670 464 1690 o
476 1685 484 1696 ,
511 1668 563 1691 ere.
601 1664 751 1697 [oe'mymu'w
764 1665 776 1698 ]
813 1666 909 1691 Itsrum
927 1667 1039 1700 gignere.
1075 1664 1144 1689 Hinc
1160 1663 1282 1698 Pastinum

233 1701 337 1727 Lucret.
353 1709 373 1732 ς,
388 1709 432 1731 :45
454 1701 622 1734 Qapropter
635 1700 750 1726 maxima
762 1699 857 1726 mundi
893 1702 983 1734 Quini
996 1699 1102 1725 videam
1116 1699 1244 1732 membra,
1253 1708 1281 1726 ac

233 1742 317 1770 partes
332 1736 466 1761 consumta
485 1735 598 1769 regigni.

270 1778 287 1796 R
297 1778 313 1797 r
324 1777 343 1796 G
353 1779 361 1797 1
372 1778 387 1796 ι,
397 1778 412 1796 L
423 1777 499 1802 A‚ae.
514 1771 532 1796 f.
553 1770 696 1803 [βασιλικὴ]
723 1769 828 1796 Videtur
836 1769 957 1804 Vestis‚fi
966 1770 1088 1797 Nonium
1097 1771 1280 1804 atcdi7n11514,3

234 1807 404 1833 Diininutiue
417 1814 431 1832 a
445 1807 517 1839 regia
531 1806 601 1832 dicia
615 1812 642 1832 vt
657 1812 682 1832 et
698 1805 810 1832 basilica.
848 1805 947 1832 Laudat
959 1806 1040 1833 Plaut.
1055 1806 1129 1841 Epid.
1144 1810 1188 1840 (2,
1197 1815 1222 1839 2,
1237 1807 1280 1840 39)

235 1844 276 1868 An
296 1842 416 1876 regillam
437 1842 602 1873 induculam,
623 1851 656 1868 an
674 1841 875 1868 mendiculam?
973 1843 1062 1868 Varro
1101 1861 1108 1868 .
1235 1842 1283 1867 Re-

234 1879 325 1913 gillam
356 1878 472 1904 tunicam
505 1876 654 1910 diffingitur
686 1886 811 1912 purpura.
926 1877 1052 1912 Regillis,
1080 1878 1177 1904 tunicis
1206 1877 1282 1909 albis,

235 1921 261 1940 et
283 1914 400 1940 reticulis
423 1913 517 1945 luteis,
533 1913 653 1947 Vtrisque
673 1914 768 1945 reffis,
788 1912 864 1939 tec'lis
885 1913 988 1939 sursum
1008 1915 1114 1940 versum
1127 1922 1142 1939 a
1157 1914 1283 1940 stantibus

235 1949 323 1984 pridie
336 1949 487 1983 nuptiarum
501 1949 618 1981 virgvne.
634 1949 740 1975 indutae
754 1949 873 1974 cubitum
888 1949 961 1975 ibant
982 1950 1080 1976 ominis
1094 1950 1182 1979 causa,
1203 1956 1231 1975 vt
1246 1957 1282 1975 et-

236 1986 290 2012 iam
304 1985 331 2010 iu
345 1984 413 2018 togis
427 1983 553 2010 virilibus
569 1984 660 2009 dandis
673 1984 808 2010 obseruari
824 1984 899 2009 solet.
936 1984 1033 2011 Festus.
1074 1984 1195 2012 Vidmox
1205 1983 1284 2012 Recta

235 2020 342 2051 tunica,
364 2022 394 2046 ir.
418 2024 546 2045 ch‘rvs
560 2019 609 2054 sub
626 2025 725 2045 REGo.

271 2063 290 2081 R
301 2060 345 2080 EG
356 2061 364 2079 1
375 2062 390 2080 L
401 2062 445 2081 LV
456 2061 485 2086 s,
502 2054 519 2080 i.
543 2063 579 2079 m.
616 2056 756 2084 βασιλίσκος
776 2054 854 2080 Gloss'.
868 2054 928 2080 Vet.

898 1593 956 1620 Vid.
972 1593 1052 1620 Ouid.
1067 1593 1132 1620 Fan.
1141 1601 1161 1624 2,
1174 1593 1281 1628 685sqq.

272 2096 293 2117 R
304 2098 320 2116 Ε
331 2096 350 2115 G
362 2098 370 2115 1
381 2097 396 2115 L
406 2096 422 2115 1v
432 2097 451 2116 v
462 2095 475 2114 S
485 2109 491 2120 ,
512 2090 530 2115 i.
555 2098 589 2114 m.
626 2088 784 2122 [Ῥέγιλλος]
822 2091 901 2114 Lacus
914 2087 962 2121 est,
980 2089 1014 2116 ad
1025 2099 1093 2125 qucm
1106 2091 1188 2117 Aulus
1200 2089 1285 2124 Pollu-
1301 2105 1330 2132 55
1348 2093 1471 2119 emittere
1485 2094 1557 2120 foras
1578 2094 1681 2120 Lucret.
1696 2103 1724 2127 4,
1737 2103 1790 2128 552.

237 2130 301 2153 mim
317 2124 426 2151 dic'hmr
435 2126 551 2160 prospers
564 2124 692 2160 aduersum
715 2125 883 2159 Tarquinium
898 2125 1029 2158 Superbum
1039 2130 1129 2160 patria
1149 2125 1250 2153 eieHum
1263 2134 1286 2153 et

237 2164 342 2189 Latinos
353 2161 437 2187 bellum
450 2161 587 2196 inferent&
596 2163 729 2194 pugnauit.
766 2159 827 2186 Liu.
843 2168 866 2191 e,
881 2167 917 2190 19.

276 2205 294 2224 R
307 2204 322 2223 E
331 2203 350 2223 G
364 2203 397 2222 {L
408 2202 425 2222 L
437 2203 463 2229 1,
503 2204 591 2222 orum.
613 2202 667 2221 0111.
706 2196 744 2221 ΡΙ.
794 2194 919 2230 Oppidum
949 2192 982 2227 est
1013 2197 1041 2220 in
1069 2194 1178 2222 Sabinis.
1213 2196 1285 2222 Suet.

240 2233 338 2261 Tibcr.
352 2241 373 2258 c.
385 2241 404 2258 1.

276 2273 481 2298 RiiGtMlssN,
501 2271 682 2296 RrG1NA,
700 2270 845 2296 REGIO,
869 2265 923 2291 vid.
948 2270 1066 2291 REGO.

276 2312 293 2331 R
305 2312 319 2330 E
330 2309 351 2329 G
365 2311 394 2330 ιε
404 2308 425 2328 Τ
435 2310 454 2329 R
464 2309 483 2327 v
493 2309 517 2328 M
528 2321 535 2334 ,
555 2303 573 2328 i.
598 2310 625 2327 11.
662 2301 786 2336 Corrupto
801 2310 849 2326 uox
863 2310 892 2326 ex
907 2300 1056 2334 Regessum.

244 2342 299 2368 Uir.
315 2341 342 2366 L.
357 2341 384 2365 L.
401 2349 421 2370 1,
436 2345 471 2368 18.
508 2344 531 2363 ct
540 2347 565 2369 3,
579 2347 615 2371 41.

278 2380 475 2402 REGLLSCO
504 2375 544 2399 vet
566 2378 584 2398 R
599 2376 778 2398 EGLISCO

243 2410 396 2447 compositum
410 2409 518 2435 uidetur.
574 2407 674 2434 szdas
694 2405 763 2433 verbi

1100 2299 1159 2326 Vid.
1179 2299 1243 2333 [roffi
1258 2300 1287 2325 de

787 2369 916 2439 ,ffliibinde
933 2371 1014 2406 cresco
1038 2371 1078 2397 vel
1096 2370 1194 2405 glisco,
1223 2370 1288 2397 vnde

783 2415 794 2431 ι.

837 2406 942 2438 Festus,
963 2406 1029 2441 apud
1041 2415 1108 2442 quem
1122 2409 1159 2432 ita
1173 2406 1289 2441 rescribit

242 2449 369 2482 Scaliger,
390 2444 520 2479 Reglescit
533 2453 593 2470 cum
606 2443 674 2469 dixit
689 2442 809 2475 Piaums,
831 2441 958 2475 fignificat
973 2443 1077 2472 crescit,
1097 2441 1125 2466 in
1140 2441 1188 2467 illo
1204 2443 1288 2471 versu,
1300 2456 1332 2480 5.
1352 2443 1442 2469 dinem
1455 2448 1587 2469 texuntur.

1288 1047 1320 1073 25

1294 1753 1327 1778 4)

1300 1932 1331 1958 50
1353 1916 1459 1942 Videtur
1473 1915 1536 1942 idem
1541 1914 1635 1952 fuiffi’,
1656 1916 1721 1952 quod
1733 1916 1870 1952 intrepide,
1890 1923 1914 1942 et
1920 1915 1975 1949 fine
1982 1914 2085 1950 pudore.

1374 892 1394 912 R
1405 894 1421 913 E
1430 893 1451 913 G
1463 893 1480 913 E
1492 894 1513 913 N
1526 893 1540 913 S
1552 907 1560 918 ‚
1579 890 1655 914 entis.
1692 890 1784 917 Partic.
1821 891 1898 924 Virg.
1912 892 1977 916 Aen.
1991 898 2015 920 o,
2029 898 2060 921 30
2078 889 2159 915 Caeca
2172 897 2265 922 regens
2279 887 2325 913 filo
2338 894 2380 912 ve-

1338 921 1424 956 stigiffl
1542 923 1721 958 Componitur
1734 925 1809 951 orbis
1823 925 1902 960 Regis
1921 925 1954 952 ad
1974 925 2144 958 exemplum:
2181 933 2229 949 nec
2251 923 2283 949 fic
2305 921 2380 948 infle-

1338 957 1410 983 &ere
1423 958 1509 984 sensus
1522 958 1658 985 Humanos
1671 959 1759 987 edicta
1770 960 1873 993 valent,
1889 970 1968 996 quam
1981 961 2038 987 vita
2052 961 2176 994 Regenda
2196 958 2290 986 Claud.
2303 958 2379 984 Cons.

1337 994 1410 1019 Hon.
1422 1002 1451 1026 4,
1468 993 1525 1026 299.
1633 995 1750 1022 Fortuna
1762 996 1799 1022 ita
1812 1002 1919 1030 regente
1936 997 2026 1023 lustin.
2042 1005 2061 1029 1,
2074 1005 2099 1029 9,
2113 1004 2151 1027 23.

1374 1035 1504 1055 REGEN
1515 1035 1534 1055 D
1546 1036 1567 1055 V
1579 1035 1613 1062 s,
1632 1039 1664 1063 a,
1691 1040 1747 1057 um.
1782 1032 1873 1058 Partie.

1339 1063 1424 1099 gcnda
1442 1065 1525 1099 magis
1548 1065 1584 1091 est
1603 1066 1710 1094 feruida
1723 1066 1907 1094 adolescentia.

1341 1100 1404 1126 dum
1425 1100 1481 1126 Cic.
1496 1101 1551 1127 Att.
1565 1109 1604 1133 10,
1617 1103 1644 1128 6.

1377 1142 1395 1162 R
1405 1142 1421 1161 E
1431 1141 1452 1162 G
1466 1134 1506 1162 i‘T
1516 1142 1552 1168 ο,
1590 1140 1642 1163 ἕπε.
1678 1138 1845 1172 Frequentat.
1880 1137 2034 1173 [ἰθύνομαι]
2070 1137 2201 1164 Laudatur
2234 1137 2322 1163 Varro
2352 1133 2384 1160 de

1341 1172 1373 1197 R.
1389 1172 1419 1197 R.
1434 1181 1455 1198 c.
1470 1179 1501 1206 57
1522 1172 1649 1199 Granaria
1662 1172 1691 1199 in
1704 1182 1768 1208 agro
1780 1174 1887 1208 quidam
1902 1174 2025 1201 sublimia
2038 1174 2156 1206 faciunt,
2174 1178 2201 1199 vt
2216 1173 2244 1199 in
2259 1170 2385 1205 Hispania

1911 1031 2052 1066 [ἰθυντέος]
2090 1032 2177 1057 Senec.
2193 1029 2288 1056 O&au.
2301 1034 2315 1058 8
2332 1028 2381 1055 Re-

2010 1068 2137 1094 quenem
2150 1067 2280 1100 suscipere
2292 1072 2382 1098 regen-

830 1205 968 1240 Regestum
982 1212 1092 1231 vocatur
1106 1205 1175 1231 liber
1195 1205 1278 1231 conti-
1291 1227 1323 1251 30
1341 1207 1484 1237 citeriore,
1501 1207 1567 1233 etin
1581 1208 1678 1243 Apulia
1691 1220 1697 1235 :
1733 1210 1770 1236 ita
1785 1217 1814 1237 vt
1827 1218 1880 1236 non
1894 1210 1978 1236 solum
1999 1219 2013 1236 a
2031 1209 2158 1236 lateribus
2182 1217 2228 1243 per
2248 1207 2386 1238 fenestras,

1342 1241 1385 1268 sed
1398 1242 1478 1268 etiam
1492 1242 1581 1270 subtus
1594 1252 1607 1270 a
1620 1245 1677 1271 solo
1692 1251 1785 1272 ventus
1799 1246 1912 1280 regitare
1925 1245 2006 1280 possit.
2043 1245 2187 1280 Sedparum
2200 1247 2238 1271 rei
2251 1249 2350 1278 aptum,
2361 1247 2386 1267 et

1341 1278 1432 1304 nullius
1443 1277 1622 1311 auctoritatis,
1640 1289 1669 1306 ηε
1683 1281 1724 1307 hic
1735 1274 1831 1316 quidem
1843 1282 1941 1308 verbum
1955 1292 1963 1306 -·
1999 1281 2126 1315 Regelare
2137 1278 2170 1313 egli
2183 1289 2198 1306 a
2216 1279 2338 1306 victorio.

1380 1319 1399 1339 R
1408 1320 1423 1338 E
1432 1321 1448 1340 C
1459 1320 1482 1340 Τ
1492 1320 1512 1338 ν
1521 1321 1534 1340 S
1543 1332 1551 1344 ,
1568 1323 1583 1340 a
1592 1333 1599 1345 ,
1616 1323 1671 1341 um.
1692 1316 1785 1341 Partic.
1820 1315 1979 1349 [ἓνθυνθεὶς]
2020 1317 2054 1343 Vt
2062 1335 2071 1348 ,
2091 1316 2186 1342 Rec'lus
2201 1314 2234 1341 ad
2246 1313 2385 1348 ingenium

1342 1349 1444 1376 bouum
1464 1349 1546 1375 Plaut.
1560 1349 1652 1376 Bacch.
1666 1358 1689 1382 3,
1703 1358 1727 1382 3,
1740 1355 1763 1379 8.
1870 1350 1928 1375 Nec
1941 1358 2059 1382 vnquam
2072 1351 2179 1377 consilia
2197 1350 2299 1376 iudicio
2311 1357 2385 1375 exer-

1296 1400 1325 1426 ὃς
1343 1385 1425 1417 citus,
1446 1384 1489 1410 sed
1520 1386 1651 1411 exercitus
1683 1383 1851 1418 prouidentia
1884 1382 1957 1408 ducis
1978 1383 2064 1408 rectus
2083 1385 2120 1408 est
2143 1385 2219 1411 Vell.'
2228 1394 2252 1414 2.
2266 1392 2304 1417 115
2321 1390 2389 1411 extr.

1345 1420 1405 1446 Post
1419 1421 1551 1454 praetoria
1564 1421 1636 1447 reeta
1650 1420 1801 1446 Galliarum
1820 1418 1912 1445 Sidon.
1925 1416 2004 1451 Epist.
2018 1424 2040 1448 3,
2052 1424 2088 1441 12.
2242 1417 2264 1454 q
2293 1427 2306 1444 2
2341 1420 2377 1446 seL

1343 1457 1415 1490 longe
1422 1456 1584 1489 frequentius
1595 1454 1726 1483 Adiefh'ui
1733 1455 1847 1491 formam
1859 1454 1947 1485 habet,
1965 1459 1988 1478 ct
2002 1460 2093 1483 curuo,
2112 1450 2221 1485 obliquo,
2235 1458 2332 1485 prauo,
2351 1457 2389 1480 vi-

1344 1491 1406 1524 tiofh
1419 1493 1560 1523 opponitur.
1632 1491 1697 1516 Plin.
1713 1500 1748 1523 12,
1763 1499 1791 1522 19
1809 1489 1892 1515 Recto
1906 1488 1992 1515 cursu.
2108 1485 2186 1525 Acies
2205 1486 2275 1512 ιεόὶα
2300 1488 2387 1516 oculo-

1345 1533 1423 1556 rum,
1444 1524 1497 1550 vid.
1517 1530 1620 1551 Acin-3.
1687 1526 1798 1551 Animus
1813 1524 1900 1551 ree‘tus
1913 1522 2010 1550 iudicii
2036 1522 2095 1548 Seu.
2108 1521 2140 1547 de
2154 1522 2216 1546 Vita
2229 1520 2300 1549 beata
2335 1542 2342 1550 .
2374 1542 2381 1550 .

1471 1559 1560 1586 Coena
1583 1558 1670 1592 reeta,
1696 1569 1757 1595 quae
1781 1559 1862 1586 Recita
1877 1559 2028 1595 simpliciter
2048 1556 2171 1583 interdum
2193 1563 2304 1590 vocatur,
2329 1558 2377 1584 vid.

1345 1601 1472 1627 εοεΝΑ,
1489 1597 1709 1622 it.SPORTVLA.
1747 1596 1815 1622 Huic
1845 1598 1909 1621 enim
1935 1596 2076 1630 opponitur.
2184 1592 2265 1618 Coma
2275 1592 2378 1625 metior,

1344 1631 1446 1667 Crispa.»
1459 1634 1592 1665 opponitur
1612 1631 1701 1658 Senec.
1717 1631 1795 1665 Epist.
1809 1639 1840 1663 95
1855 1640 1879 1665 p.
1894 1633 1945 1664 462
1966 1630 2010 1657 Ne
2022 1629 2082 1664 quis
2094 1627 2137 1654 cui
2152 1627 2252 1654 rectior
2267 1627 2299 1654 est
2310 1636 2380 1654 coma

1345 1666 1465 1701 crispulis
1480 1666 1627 1693 misceatur.

1347 1710 1362 1728 a
1393 1702 1465 1728 recia
1495 1701 1665 1728 Conscientia
1693 1702 1870 1728 transuersum
1896 1710 2011 1735 vnguem
2033 1709 2088 1727 non
2113 1705 2219 1733 oportet
2251 1698 2382 1725 discedere.

1318 1752 1328 1759 -·
1347 1737 1495 1764 Consilium
1516 1737 1619 1765 rectum
1640 1744 1667 1763 et
1687 1743 1773 1764 tutum
1788 1746 1879 1772 capere
1907 1738 1976 1764 Ter.
1992 1737 2088 1763 Heaut.
2104 1744 2126 1766 2,
2140 1744 2163 1767 3,
2177 1737 2218 1765 86.
2315 1733 2383 1761 idem

1348 1773 1429 1800 Andr.
1444 1781 1469 1804 2,
1483 1782 1503 1806 1,
1523 1782 1543 1800 ιι
1564 1775 1655 1807 Quum
1668 1773 1801 1805 valemus,
1820 1773 1892 1800 reeta
1906 1772 2014 1799 consilia
2025 1771 2140 1805 aegrotis
2161 1770 2259 1797 damus.

1348 1817 1377 1835 ra
1396 1808 1512 1835 refflora
1535 1809 1634 1836 Pallad.
1655 1809 1713 1835 Iun.
1730 1818 1753 1835 c.
1773 1818 1799 1844 7.

1347 1844 1432 1870 dicam
1453 1844 1527 1878 Virg.
1542 1845 1606 1871 Aen.
1622 1850 1645 1875 8,
1657 1852 1698 1878 37·

1346 1879 1416 1915 apud
1439 1880 1543 1906 Festum
1569 1884 1596 1906 in
1624 1880 1729 1906 Recio:

2323 1770 2382 1797 Cru-

1892 1809 2016 1835 Flumine
2029 1808 2103 1834 refio
2117 1813 2142 1832 et
2155 1807 2220 1840 ripis
2236 1806 2290 1840 ipse
2302 1813 2348 1840 ego
2359 1810 2382 1832 te

1787 1844 1870 1871 Recto
1886 1845 1983 1871 Fronte
1995 1849 2110 1870 caeteros
2121 1842 2196 1875 sequi
2210 1841 2227 1867 fi
2241 1841 2312 1868 norit
2323 1842 2381 1868 Cato

1763 1884 1806 1916 qui
1830 1880 1902 1907 addit
1919 1880 2044 1914 antiquae
2062 1878 2090 1904 id
2102 1876 2297 1904 consuetudinis
2304 1875 2380 1912 juff’.

2188 1913 2292 1939 Indoles
2311 1911 2379 1944 reeta,

1347 1952 1365 1977 i.
1379 1953 1460 1977 Bonae
1472 1959 1576 1977 naturae
1598 1952 1687 1978 Senec.
1702 1951 1810 1986 Hippoi.
1825 1961 1867 1978 20.
1962 1951 2072 1985 Ingenia
2086 1949 2174 1982 tetsta,
2199 1952 2218 1975 i.
2235 1952 2294 1975 Non
2304 1948 2376 1984 depra-

1346 1994 1407 2013 vata
1435 1987 1508 2013 Idem
1523 1987 1590 2013 ibid.
1605 1996 1638 2013 ει.
1710 1988 1768 2014 Lux
1780 1988 1851 2014 reeta
1864 1993 1908 2014 aut
1922 1987 2034 2021 obliqua
2056 1987 2160 2013 Lucret.
2168 1994 2194 2018 2,
2201 1992 2263 2019 799.
2325 1984 2371 2010 Mo-

1346 2031 1375 2048 re
1395 2022 1468 2048 rec‘io
1489 2024 1573 2049 seruat
1593 2023 1684 2050 munia
1697 2024 1768 2050 vitae
1794 2024 1861 2050 Hor.
1877 2023 1955 2057 Epist.
1971 2031 1995 2052 2,
2009 2031 2032 2055 2,
2047 2030 2092 2055 131.
2187 2020 2282 2047 Oratio
2296 2029 2302 2046 x
2326 2017 2367 2050 vid,-

1347 2058 1405 2083 Sen.
1421 2058 1497 2084 Rhet.
1513 2059 1541 2084 in
1557 2060 1679 2086 Prooem.
1720 2058 1784 2092 Voffi
1800 2059 1861 2093 Irfi.
1876 2060 1922 2086 Or.
1938 2069 1955 2094 4
1966 2066 1991 2094 p.
2004 2066 2040 2088 81.
2148 2058 2203 2083 Ore
2222 2056 2295 2082 restio
2307 2061 2370 2080 vocet

1863 2095 1949 2121 Platea
1961 2094 2032 2121 reeta
2044 2094 2146 2120 sursum
2165 2093 2233 2119 Ter.
2248 2089 2375 2124 Adelph-4,

1348 2137 1375 2159 2,
1389 2136 1426 2161 35.
1463 2135 1492 2154 vt
1506 2130 1556 2154 Via
1570 2129 1650 2155 recta.
1701 2131 1764 2156 Saxa
1783 2131 1845 2157 Liu.
1859 2139 1897 2162 21,
1911 2132 1942 2162 36
1955 2138 1995 2165 pr.
2104 2130 2171 2155 Hor.
2185 2127 2264 2162 Epist.
2277 2135 2301 2157 2,
2314 2134 2330 2156 ι,
2342 2125 2380 2158 176

1346 2178 1392 2183 -—
1429 2163 1486 2189 Post
1513 2163 1563 2189 hoe
1599 2163 1710 2189 Securus
1729 2165 1819 2196 cadat,
1839 2174 1872 2190 an
1892 2165 1965 2191 reeio
1986 2165 2033 2191 stet
2056 2164 2146 2190 fabula
2160 2164 2224 2190 talo.
2262 2166 2281 2189 ι’.
2301 2162 2382 2188 Parum

1341 2198 1458 2233 solicitus
1466 2197 1520 2232 post
1534 2199 1588 2230 hoc,
1602 2206 1685 2224 utrum
1698 2198 1846 2232 eatfibilerur,
1864 2205 1937 2232 atque
1948 2199 2093 2232 explodatur
2109 2199 2248 2230 comoedia,
2266 2207 2298 2224 an
2309 2193 2385 2232 probe-

1349 2239 1400 2258 tur.
1456 2233 1540 2258 Reeto
1552 2234 1608 2259 talo
1617 2234 1685 2259 dixit
1694 2241 1740 2268 per
1753 2236 1926 2265 tralationem,
1947 2236 2004 2267 quia
2017 2231 2152 2267 quistam,
2171 2233 2245 2258 reeio
2259 2234 2317 2258 sunt
2331 2230 2388 2257 talo.

1299 2277 1335 2301 60
1351 2268 1394 2293 Ita
1417 2266 1530 2293 dicebant
1548 2268 1619 2293 Stare
1640 2269 1775 2301 fabulam,
1795 2278 1854 2304 quae
1876 2275 1968 2294 attente
1989 2267 2133 2300 audiretur,
2149 2274 2172 2292 ιι
2194 2277 2254 2302 quae
2268 2270 2389 2302 placeret:

1354 2301 1457 2328 Cadere
1469 2310 1493 2328 et
1507 2302 1628 2329 excidere
1642 2302 1782 2335 histriones,
1801 2307 1843 2338 qui
1856 2303 2053 2337 explode-bantur.
2090 2303 2231 2327 Lambinus.
2302 2303 2392 2329 Trun-

1354 2345 1398 2362 cus
1412 2337 1499 2363 rectus
1519 2337 1602 2364 Ouid.
1620 2339 1684 2363 Met.
1697 2343 1780 2369 2‚822.
1848 2337 1945 2364 Rectae
1958 2338 2036 2363 intell.
2048 2338 2179 2363 Tunicae.
2216 2337 2318 2363 Festus:
2343 2338 2391 2363 Re-

1351 2371 1408 2398 &ae
1422 2372 1586 2405 appellantur
1598 2373 1753 2399 vestimenta
1765 2373 1873 2404 virilia,
1883 2393 1884 2399 ,
1893 2381 1958 2407 quae
1972 2378 2056 2406 patres
2069 2372 2159 2397 liberis
2181 2373 2232 2398 suis
2250 2372 2391 2398 conficien-

1352 2406 1383 2433 da
1404 2414 1495 2433 curant
1513 2408 1612 2433 ominis
1631 2409 1706 2434 causa
1721 2418 1728 2438 ;
1764 2408 1800 2434 ita
1815 2409 1952 2442 vnn-pata,
1973 2407 2044 2441 quod
2059 2415 2071 2432 a
2085 2406 2210 2432 stantibus
2222 2414 2246 2433 et
2262 2408 2288 2433 in
2303 2407 2390 2433 altitu-

1629 2442 1687 2469 Vid.
1709 2449 1803 2470 TEXO.
1910 2443 1977 2469 Plin.
1991 2448 2015 2474 8,
2028 2447 2063 2475 48
2081 2442 2110 2468 de
2122 2443 2274 2476 Tanaquile,
2292 2443 2326 2467 Ea
2338 2443 2390 2475 pri-

244 2483 321 2510 Nihil
337 2481 463 2516 superest,
480 2489 528 2507 vae
542 2480 639 2506 misero
654 2477 739 2509 mihi,
758 2486 786 2503 ac
800 2478 920 2511 reglescit
933 2477 1019 2503 dolor.
1055 2475 1133 2503 Vnde
1144 2477 1289 2503 etiamGli-
1319 2470 1331 2487 ³
1352 2487 1395 2505 ma
1414 2479 1497 2505 texuit
1518 2478 1618 2504 rectam
1644 2478 1776 2510 tunicam,
1796 2477 1884 2513 quales
1907 2487 1966 2503 cum
1989 2483 2051 2510 toga
2065 2486 2129 2510 pura
2142 2478 2225 2503 tironi
2238 2475 2393 2507 induuntur,

244 2528 282 2546 res
299 2518 362 2544 dicii
375 2516 515 2548 videntur,
535 2515 631 2550 quibus
645 2523 739 2548 corpus
753 2513 937 2547 pinguitudine
951 2513 1083 2539 adcrescit.
1140 2512 1247 2547 Quidam
1259 2513 1289 2539 Ii-

243 2555 283 2582 bri
297 2552 443 2587 l-'tegiescit‚
461 2551 523 2577 vnde
538 2558 576 2578 RE
583 2557 601 2576 G
611 2556 702 2577 IESCO
718 2560 743 2575 ιη
762 2549 914 2584 Thty'aurum
934 2549 994 2575 Rob.
1008 2549 1126 2583 Stephani
1139 2552 1218 2574 venit.

283 2596 299 2614 R
312 2596 327 2615 Ε
337 2596 356 2615 G
368 2596 381 2613 1,
393 2595 413 2614 V
423 2595 443 2612 T
454 2586 465 2613 f
476 2595 495 2613 N
506 2594 524 2613 Ο
534 2607 540 2616 ,
558 2591 610 2613 Ere.
647 2584 823 2617 [εἰποκολλοέω]
860 2586 1019 2611 Contrarium
1026 2584 1190 2620 Jiaeofimplici
1203 2584 1288 2610 Gluti-

246 2634 317 2652 nare.
355 2623 451 2650 Catuli.
465 2622 496 2649 ad
509 2622 639 2648 Thallum
655 2622 671 2647 s.
687 2629 723 2653 ες,
741 2629 756 2652 9
777 2622 851 2653 Qiae
863 2629 931 2646 nunc
944 2622 996 2646 tuis
1009 2621 1041 2646 ab
1056 2620 1188 2654 vnguibus
1204 2620 1290 2653 reglu-

248 2661 302 2687 tina
316 2665 341 2686 et
354 2660 460 2686 remitte
475 2669 481 2685 :
517 2658 545 2684 de
558 2658 629 2684 rebus
638 2657 714 2692 furto
731 2656 832 2682 ablatis.
1029 2653 1049 2692 q
1071 2664 1083 2680 2
1110 2656 1291 2689 Regludnare,

247 2696 443 2730 Redititcgrare,
462 2693 538 2720 denuo
550 2697 703 2727 coniungere.
763 2691 886 2717 Prudent.
900 2690 1041 2724 Pcrisseph.
1054 2700 1092 2721 to,
1105 2696 1151 2724 873
1177 2691 1224 2717 Vel
1239 2700 1291 2716 aui-

248 2738 368 2767 putatum
381 2731 454 2765 plaga
468 2729 564 2755 collum
578 2723 698 2755 diuidens
734 2728 832 2753 Rursus
845 2727 930 2752 coibit
945 2735 972 2752 ac
985 2727 1198 2760 reglutinabitur.

284 2774 302 2794 R
314 2774 328 2793 Γ
338 2773 357 2791 (2
369 2773 383 2792 ι,
393 2773 413 2791 V
422 2772 443 2791 T
454 2772 459 2790 1
471 2773 492 2791 N
502 2766 522 2790 Ᾱ
531 2772 551 2791 Τ
563 2770 584 2790 ν
595 2771 624 2796 S,
644 2774 655 2789 a
665 2783 671 2793 ‚
693 2773 746 2789 uin.
788 2764 838 2793 Vt,
857 2762 1033 2796 Reglutinatis
1049 2761 1195 2788 luminibus
1211 2762 1290 2788 Mart.

249 2803 337 2837 Capel.
353 2804 369 2827 6
383 2811 407 2836 p.
425 2809 474 2833 191.
493 2804 511 2828 i.
527 2800 601 2826 denuo
617 2802 721 2834 apertis.

286 2845 304 2864 R
315 2845 329 2865 Ε
340 2843 359 2863 G
371 2843 387 2863 L
399 2844 418 2863 V
426 2844 447 2863 T
457 2843 467 2862 1
479 2843 500 2862 N
512 2838 531 2863 6
540 2843 552 2862 S
562 2843 580 2861 V
591 2844 618 2866 s,
637 2844 666 2866 a,
687 2844 740 2861 um.
769 2834 829 2860 Adi.
853 2831 1011 2867 [κολλώδης]
1053 2832 1130 2859 Valde
1143 2832 1294 2868 glutinoficm

249 2876 335 2900 volunt
347 2872 502 2909 fignificat-e,
522 2871 669 2906 laudantque
685 2871 748 2896 Plin.
766 2879 797 2902 11,
807 2878 830 2902 ις
851 2870 964 2904 Sequens
978 2868 1101 2903 probatio
1117 2875 1143 2894 vt
1159 2868 1186 2894 fit
1200 2870 1293 2894 odora-

250 2917 306 2936 tum
332 2917 363 2934 cx
390 2908 460 2934 dulci
481 2916 555 2938 acre,
588 2906 796 2940 regimundum,
832 2904 998 2939 perlucidum
1013 2915 1018 2930 :
1047 2904 1095 2941 sed
1125 2904 1294 2931 Glutinosum

248 2943 315 2971 rech
326 2944 408 2970 editur
422 2954 428 2968 :
463 2943 559 2978 Syllaba
573 2951 601 2968 rc
614 2944 720 2977 repetita
738 2950 766 2967 cx
779 2949 846 2966 acre.

288 2986 332 3007 Ru
345 2985 365 3005 G
381 2985 403 3004 N
417 2985 453 3009 0,
475 2985 577 3005 REGN
590 2985 659 3010 vm,
678 2976 866 3003 vi.i.R1:(.·0.

287 3023 306 3041 τι
317 3023 331 3041 ι·.
340 3022 360 3041 G
373 3022 391 3041 O
404 3034 411 3045 ,
437 3014 511 3047 rexi,
530 3013 632 3040 rectum
642 3033 648 3044 ‚
667 3015 719 3039 cre.
758 3011 875 3044 [ἒυθύνω]
911 3011 939 3038 A
950 3010 1022 3037 verbo
1034 3010 1120 3038 ducere
1132 3021 1181 3037 non
1196 3012 1296 3038 multum

252 3051 341 3084 differt
350 3061 357 3076 .·
384 3050 515 3086 fignificat
527 3054 604 3080 enim,
624 3050 663 3075 vel
675 3047 797 3081 ostendere
810 3056 890 3077 viam,
910 3053 933 3072 et
943 3054 1062 3073 rationem
1075 3047 1179 3082 agendi,
1202 3049 1241 3073 vel
1248 3055 1296 3083 per

253 3088 321 3112 illam
335 3096 405 3121 ‚sgcrs
418 3096 424 3110 :
462 3092 485 3111 ct
497 3085 556 3111 hinc
567 3086 702 3121 gnbernare
716 3087 804 3115 etiam,
824 3089 846 3108 ct
858 3085 978 3117 imperare
991 3089 1034 3108 vic.
1071 3084 1146 3117 Virg.
1160 3082 1212 3109 Ecl.
1226 3092 1252 3115 4,
1268 3091 1296 3118 17

254 3122 428 3154 pacatumque
443 3128 514 3155 reget
529 3120 620 3153 patriis
634 3119 777 3146 virtutibus
788 3118 888 3144 orbem>
985 3118 1075 3144 Nemo
1095 3118 1178 3153 potest
1198 3128 1297 3152 regere,

254 3157 301 3184 nili
318 3158 362 3190 qui
376 3156 433 3190 regi
452 3157 508 3182 Sen.
523 3156 554 3181 de
570 3157 612 3182 Ira
626 3164 650 3185 2,
665 3163 699 3188 15.

255 3191 317 3218 deus·
337 3192 372 3218 est
392 3193 439 3226 qui
461 3192 547 3225 viget,
568 3194 614 3225 qui
635 3192 727 3222 sentit,
744 3191 789 3225 qui
803 3198 941 3221 imminit,
960 3190 1007 3224 qui
1022 3190 1161 3223 prouidet,
1180 3197 1227 3223 qui
1242 3196 1294 3216 tam

257 3229 323 3262 regit
346 3234 371 3254 et
396 3227 563 3258 moderatur,
583 3234 607 3252 et
628 3233 719 3252 mouet
737 3227 764 3252 id
785 3235 895 3260 corpuS,
915 3225 958 3250 cui
974 3225 1133 3259 praepositus
1147 3225 1199 3257 est,
1215 3234 1294 3259 quam

256 3262 324 3287 liunt*
336 3263 464 3289 mundum
477 3263 595 3297 princeps
609 3263 655 3288 illc
669 3263 746 3288 Deus.
854 3261 921 3287 Ter.
937 3262 1002 3287 Eun.
1017 3270 1035 3291 1,
1054 3271 1069 3292 ι,
1084 3270 1109 3293 13
1130 3262 1215 3291 Herc,
1229 3270 1294 3294 quae

257 3307 297 3322 rc*
318 3299 342 3323 in
365 3301 389 3324 sc
402 3307 487 3332 neque
500 3298 636 3324 confilium
646 3318 652 3327 ,
672 3306 757 3331 neque
769 3296 879 3323 modum
916 3296 1003 3322 Habet
1015 3296 1114 3327 vllum,
1134 3305 1190 3322 cam
1205 3297 1294 3323 Conli-

261 3333 297 3356 lu»
311 3342 398 3361 rcacrc
412 3344 464 3359 non
478 3340 559 3368 potes.
653 3334 708 3359 Cic.
729 3335 781 3359 Att.
804 3341 839 3362 10,
854 3340 870 3366 7
905 3333 963 3357 Huc
977 3338 1064 3358 autem
1078 3332 1175 3358 vitium
1189 3338 1253 3366 puto
1269 3339 1293 3358 te

257 3367 406 3393 miiitum-t—
420 3378 470 3394 non
484 3370 570 3396 nostra
582 3368 761 3403 indulgentia,
782 3368 823 3393 scd
837 3376 852 3393 a
866 3374 957 3393 natura
976 3367 1141 3400 profctftum,
1166 3377 1244 3401 quem
1257 3374 1293 3394 ta.

259 3412 320 3428 meu
333 3412 379 3428 nos
393 3403 528 3437 distiplina
541 3406 664 3439 regimus.
771 3404 850 3429 Po'e'ta
868 3403 933 3437 apud
953 3404 1009 3430 Cic.
1031 3412 1079 3437 pro
1094 3404 1214 3430 Muraen.
1229 3413 1249 3429 c.
1265 3409 1296 3432 28

259 3438 323 3464 Nou
348 3438 429 3463 inulta
454 3448 538 3472 peccas
553 3452 560 3469 ;
596 3440 637 3466 sed
664 3439 681 3466 ti
707 3448 808 3474 peccas,
829 3445 854 3464 tc
874 3447 963 3472 regere
976 3439 1084 3472 possum.
1122 3440 1191 3471 Aut,
1209 3439 1226 3465 li
1241 3448 1294 3465 non

257 3473 332 3504 odit,
349 3474 432 3506 regit,
452 3480 490 3504 et,
510 3475 592 3501 veluti
606 3476 647 3509 pia
660 3482 760 3507 mater,
778 3474 836 3500 Plus
851 3483 930 3507 quam
945 3475 970 3499 se
986 3475 1088 3508 sapere,
1107 3481 1133 3500 et
1148 3474 1294 3501 virtutibus

257 3509 305 3534 csl‘e
321 3510 437 3542 priorem
453 3509 513 3534 Vult
535 3512 601 3536 lior.
617 3511 693 3545 Epist.
709 3520 728 3543 1,
744 3516 778 3542 18,
793 3512 832 3535 26.

258 3545 322 3575 ess'c,
343 3550 370 3570 vt
390 3552 442 3569 nou
462 3545 543 3570 solum
565 3546 662 3577 libere,
683 3555 749 3581 quae
769 3545 912 3580 probasset,
937 3554 1083 3579 exponere,
1102 3547 1144 3572 sed
1163 3547 1242 3572 etiam
1262 3555 1294 3573 cx

261 3588 351 3613 inagna
366 3584 438 3613 parte
453 3580 609 3613 compellere
622 3589 699 3616 atque
715 3587 846 3608 errantem
860 3590 950 3614 regere
965 3582 1045 3615 posset
1065 3583 1137 3608 Caes.
1147 3582 1243 3613 B.C.3‚
1253 3590 1292 3616 57.

259 3615 375 3640 b'uuuuas
385 3634 393 3646 ,
414 3614 539 3646 domine,
559 3623 606 3648 ago
620 3618 727 3649 gratias.
744 3616 816 3650 quod
829 3616 877 3647 iis,
897 3616 928 3642 de
943 3617 1040 3651 quibus
1054 3623 1079 3643 te
1095 3617 1231 3649 consului,
1250 3627 1293 3643 me

256 3658 363 3683 quoque
386 3658 477 3682 regere
501 3649 621 3682 dignatus
644 3661 669 3676 cs
702 3653 768 3678 l’lin.
789 3653 834 3686 Ep.
847 3661 883 3684 ιε),
897 3654 927 3683 6³,
938 3660 981 3687 pr.
1022 3652 1097 3688 Coris.
1113 3653 1182 3679 Ibid.
1195 3653 1240 3687 Ep.
1255 3658 1291 3685 85.

257 3685 327 3710 llrua
342 3685 405 3718 lapis
418 3686 486 3718 regit
500 3685 577 3711 certis
591 3686 686 3712 finibus
703 3688 809 3714 Tibull.
826 3696 880 3719 1‚3,
895 3697 941 3720 44.

257 3720 324 3745 lior.
346 3720 424 3753 Epist.
449 3729 468 3753 1,
492 3729 515 3751 2,
537 3723 580 3746 62.
673 3723 781 3748 Animos
803 3723 882 3749 dietis
903 3732 996 3756 regere
1024 3724 1101 3757 virg.
1124 3725 1189 3751 Aen.
1205 3732 1224 3756 1,
1239 3732 1290 3758 137.

256 3754 328 3794 llcllfi
346 3764 435 3794 rege-re
462 3756 506 3781 Sil.
528 3764 554 3788 7,
566 3765 607 3788 47.
700 3759 796 3784 Cursus
824 3759 898 3792 Virg.
911 3760 975 3784 Aen.
989 3761 1020 3789 6,
1032 3767 1085 3792 350.
1193 3760 1292 3794 Auriga

256 3790 330 3816 Darn
341 3809 347 3820 ,
365 3799 411 3824 qm
426 3798 484 3816 ante
497 3791 580 3824 ipsum
594 3791 680 3817 sedens
695 3792 783 3824 Equos
798 3794 904 3827 regebat
923 3795 997 3821 Curt.
1010 3805 1037 3828 4,
1053 3802 1088 3827 ις,
1101 3800 1138 3824 28.
1210 3795 1293 3821 Luna-

253 3833 304 3859 que
321 3826 464 3851 nodat-nos
478 3827 529 3852 alta
543 3826 647 3860 regebat
660 3828 746 3860 liquos
772 3828 851 3854 Ouid.
866 3829 951 3855 Trist.
966 3838 985 3860 1,
1000 3839 1020 3861 3,
1035 3835 1074 3859 28.
1172 3831 1228 3857 Cic.
1244 3841 1293 3865 pro

253 3861 371 3886 Muraen.
384 3869 440 3886 c.21
460 3861 508 3886 Ille
522 3862 677 3887 exercitatus
691 3863 724 3888 est
740 3863 766 3888 iu
785 3866 956 3897 propagandis
971 3865 1096 3898 Finibus,
1116 3872 1144 3892 tu
1158 3866 1187 3892 in
1199 3876 1290 3901 regen·

251 3895 300 3922 dis.
415 3896 492 3922 Fines
510 3897 568 3930 regi
584 3897 709 3925 dicuntur
732 3898 837 3933 (inquit
858 3900 983 3927 Boethius
1005 3900 1106 3936 Topic.
1125 3904 1157 3934 2)
1183 3903 1288 3936 quando

1302 2641 1337 2668 70

1309 2990 1342 3016 80
1359 2979 1427 3004 scere
1443 2977 1560 3007 rectum,
1582 2978 1606 3003 h.
1620 2987 1639 3004 e.
1662 2977 1776 3013 ,Quidfit
1788 2981 1893 3007 vitium,
1911 2977 1971 3012 quid
1981 2980 2073 3003 virtus.

801 3154 858 3181 Cic.
873 3153 901 3180 in
915 3153 1003 3180 Soinn.
1019 3154 1088 3188 Scip.
1106 3164 1131 3186 u)
1158 3155 1293 3194 Siquidem
1310 3166 1340 3196 85
1358 3156 1474 3191 propriis
1493 3155 1559 3181 Plin.
1574 3156 1666 3190 Paneg.
1681 3165 1702 3181 c.
1715 3164 1760 3188 90,
1774 3164 1795 3182 2.

1305 3349 1341 3373 90
1359 3334 1442 3361 Ouid.
1456 3333 1520 3360 Fast.
1534 3343 1562 3366 4,
1576 3342 1621 3365 3¹¹-

1057 3689 1185 3715 Animum
1203 3698 1347 3725 regeremo
1357 3696 1456 3716 turum.

1293 3884 1339 3912 105

1351 2523 1490 2549 nouaeque
1504 2521 1608 2549 nuptae.
1645 2514 1718 2549 Conf.
1732 2520 1883 2541 REGILLA.
1926 2513 1996 2540 Ter.
2004 2513 2212 2545 Phorm.2,1,80
2227 2512 2265 2538 Eo
2274 2511 2345 2537 reeta
2354 2510 2396 2537 via

1352 2551 1462 2585 quidem
1470 2549 1542 2576 illuc.
1577 2550 1633 2576 Cic.
1642 2550 1671 2575 in
1679 2550 1757 2576 Catil.
1766 2558 1786 2582 1,
1794 2558 1822 2582 23
1830 2549 1910 2576 Recta
1920 2557 1998 2583 perge
2007 2549 2034 2574 in
2043 2547 2163 2574 exilium.
2173 2547 2252 2573 intell.
2261 2547 2313 2573 via.
2326 2546 2393 2585 Ter.

1354 2587 1514 2618 Heaut.4,3‚
1524 2590 1554 2615 28
1572 2586 1659 2611 Immo
1667 2591 1695 2612 vt
1702 2585 1773 2612 reeta
1783 2587 1832 2612 Via
1843 2589 1994 2611 remnarret
2001 2585 2104 2610 ordine.
2159 2582 2316 2609 Viarefflor
2335 2582 2387 2608 Liu.

1353 2631 1392 2651 21,
1399 2630 1433 2653 31.
1453 2621 1502 2647 Via
1511 2620 1582 2647 τεᾶὶῡ
1590 2621 1673 2647 animi
1695 2622 1802 2656 Prop.3,
1812 2629 1880 2653 5‚10.
1898 2620 1973 2646 Vitae
1982 2620 2111 2646 rationem
2119 2617 2385 2652 re&ae,honest³1equt

1354 2662 1400 2689 (vt
1413 2656 1520 2691 quidam
1533 2660 1710 2690 putauerunt)
1729 2657 1761 2683 ad
1782 2655 1954 2691 philosophos
1972 2655 2141 2689 relegandum
2161 2663 2215 2680 uon
2228 2652 2389 2679 concess'erim

1355 2691 1486 2725 Qtinetil.
1511 2701 1521 2718 1
1544 2693 1666 2719 Prooem.
1782 2692 1894 2727 Compar.
1931 2692 1999 2718 Hor.
2013 2691 2095 2717 serm.
2110 2699 2130 2722 1,
2143 2699 2169 2722 2,
2183 2695 2212 2719 8³.
2243 2689 2300 2715 Nec
2314 2688 2388 2722 magis

1355 2728 1417 2754 huic
1443 2728 1537 2754 niueos
1561 2728 1631 2754 inter
1652 2727 1806 2762 viridesque
1827 2727 1947 2761 lapillos,
1964 2733 2084 2753 tenerum
2105 2726 2139 2752 est
2152 2726 2256 2756 femur,
2275 2730 2318 2750 aut
2338 2731 2388 2750 crus

1356 2763 1462 2791 Ree‘lius
1477 2774 1482 2789 :
1552 2763 1644 2797 Longa
1656 2763 1730 2790 trabe
1746 2763 1846 2790 rectior
1866 2762 1947 2789 Ouid.
1963 2763 2026 2789 Met.
2038 2771 2061 2794 3,
2075 2767 2115 2797 ῖς.
2220 2761 2314 2794 Superi.
2339 2759 2388 2786 Cic.

1330 2812 1342 2838 3
1354 2800 1386 2825 de
1399 2799 1474 2825 Orat.
1488 2802 1510 2829 2,
1522 2806 1573 2824 205
1592 2800 1646 2833 Ego
1658 2798 1818 2830 mehercule,
1834 2799 1932 2833 inquit,
1952 2799 2069 2830 Antoni,
2086 2798 2187 2831 semper
2199 2796 2220 2822 is
2235 2795 2286 2826 fui,
2301 2796 2345 2829 qui
2359 2793 2387 2821 de

1358 2843 1383 2862 te
1410 2840 1518 2861 oratore
1540 2833 1572 2860 fic
1596 2835 1790 2868 praedicarem,
1808 2843 1890 2860 vnum
1912 2842 1938 2860 te
1956 2834 1985 2860 in
1998 2835 2108 2860 dicendo
2121 2832 2206 2859 videri
2221 2834 2261 2857 ret
2278 2832 2342 2858 imm
2354 2836 2392 2857 tm.

1407 2879 1419 2902 3
1455 2869 1580 2901 Rectum,
1607 2869 1732 2904 Substant.
1769 2871 1890 2897 Scribon.
1909 2877 1959 2904 227
1993 2870 2023 2895 ln
2045 2869 2146 2896 rectum
2168 2870 2300 2901 surgentes
2323 2865 2392 2893 tami.

1386 2905 1439 2932 uid.
1460 2907 1524 2932 Met.
1544 2914 1568 2937 2,
1590 2913 1634 2940 715
1658 2907 1765 2940 Iterque
1784 2907 1849 2932 Non
1863 2906 1915 2940 agit
1929 2906 1958 2931 in
1970 2905 2086 2936 reetuni,
2106 2905 2147 2930 sed
2163 2904 2189 2929 in
2203 2903 2295 2929 orbem
2309 2907 2393 2929 curuat

1358 2942 1479 2968 eundem.
1552 2943 1583 2967 Et
1591 2949 1639 2976 per
1652 2943 1850 2968 translationem.
1887 2942 1954 2968 Hor.
1969 2941 2047 2975 Epist.
2062 2950 2084 2973 2,
2097 2950 2119 2973 2,
2133 2949 2171 2974 44
2203 2939 2296 2965 Curuo
2307 2939 2392 2971 digno-

2162 2975 2196 3000 Ea
2210 2974 2324 3000 maxime
2338 2981 2393 2999 con-

1360 3013 1475 3045 ducunt,
1493 3021 1559 3048 quae
1572 3014 1630 3039 sunt
1642 3013 1780 3040 rec‘nffirna
1813 3014 1866 3040 Cic.
1882 3014 1952 3039 Fam.
1967 3021 1989 3045 ς,
2004 3021 2040 3045 19.
2145 3010 2242 3045 Neque
2257 3010 2283 3036 id
2297 3008 2393 3044 putabit

1360 3058 1505 3084 prauumne
1517 3057 1550 3075 an
1563 3049 1664 3075 reOum
1678 3049 1723 3075 siet
1743 3049 1810 3075 Ter.
1825 3050 1920 3075 Heaut.
1937 3057 1956 3080 3,
1971 3057 1991 3080 1,
2005 3055 2045 3082 75.
2129 3046 2185 3072 Cic.
2199 3047 2251 3072 Att.
2266 3048 2292 3077 6,
2306 3054 2322 3077 9
2340 3046 2393 3071 Sau-
2415 3046 2418 3056 '

1361 3085 1445 3111 t'eium
1469 3084 1522 3110 sine
1544 3085 1610 3110 meis
1633 3084 1718 3111 literis
1741 3084 1772 3110 ad
1796 3090 1821 3110 te
1838 3084 1932 3110 venire
1944 3083 1989 3109 vix
2002 3082 2103 3109 rec‘tum
2117 3088 2181 3108 erat.
2216 3085 2235 3108 ι’.
2258 3079 2392 3113 Honestum.

1357 3120 1466 3147 Rectius
1479 3119 1666 3154 pulchriusque
1680 3120 1725 3151 est,
1732 3128 1764 3145 ex
1773 3119 1958 3146 communibus
1971 3119 2077 3145 iniuriis
2091 3117 2205 3151 aliquem
2219 3117 2310 3148 oditl'e,
2318 3123 2392 3150 quam

1902 3155 1968 3180 Hor.
1982 3154 2061 3188 Epist.
2075 3162 2099 3185 2,
2109 3162 2129 3185 1,
2144 3156 2174 3185 63
2191 3152 2326 3178 Interdum
2341 3150 2393 3177 vul-

1359 3201 1407 3226 gus
1420 3191 1521 3218 rectum
1536 3191 1624 3222 videt,
1645 3191 1680 3217 est
1693 3191 1741 3217 vbi
1755 3196 1851 3225 peccat.
1920 3190 1977 3216 Cic.
1993 3190 2071 3216 Acad.
2085 3198 2105 3221 1,
2119 3191 2146 3214 16
2169 3188 2266 3215 Tertia
2280 3188 2311 3214 de
2326 3187 2394 3214 disse-
2414 3187 2417 3191 ’

1359 3227 1459 3258 rendo,
1478 3233 1504 3252 et
1529 3227 1593 3260 quid
1615 3236 1726 3259 verum,
1746 3233 1771 3253 et
1794 3226 1858 3261 quid
1881 3225 1991 3258 falsum,
2012 3225 2076 3260 quid
2098 3224 2200 3250 reftum
2219 3224 2247 3249 in
2265 3223 2393 3253 oratione,

1359 3271 1521 3297 prauumue,
1539 3261 1604 3296 quid
1624 3262 1805 3295 consentiens,
1824 3261 1888 3296 quid
1908 3268 2036 3295 repugnet
2058 3259 2207 3287 iudicando.
2314 3259 2393 3285 Amor
2415 3267 2417 3270 ⁴

1359 3299 1426 3325 reoli
1443 3298 1503 3324 Stat.
1516 3297 1578 3324 Silu.
1595 3306 1616 3331 5,
1629 3307 1652 3330 3,
1668 3305 1728 3331 243.
1832 3297 1942 3324 Conscia
1957 3306 2029 3323 mens
2042 3296 2108 3323 rceii
2128 3296 2200 3328 Virg.
2215 3295 2278 3320 Aen.
2294 3303 2303 3320 1
2313 3314 2321 3326 ‚
2338 3297 2391 3324 608.

1696 3334 1829 3367 Capeffere
1841 3332 1911 3359 reela
1930 3333 1998 3359 Hor.
2015 3333 2098 3359 Serm.
2113 3341 2135 3364 2,
2148 3339 2174 3365 7,
2187 3337 2212 3364 7.
2300 3330 2392 3356 Colere

1358 3370 1462 3397 reolum
1497 3369 1577 3395 Ouid.
1593 3370 1657 3395 Met.
1670 3377 1688 3399 1,
1702 3378 1745 3402 90.
1850 3367 2000 3394 Defendere
2024 3368 2140 3398 reatum,
2158 3365 2209 3391 vid-
2237 3367 2391 3393 DEFENDO·

1357 3405 1438 3432 Rei-'ta
1450 3410 1475 3431 et
1488 3413 1550 3431 vera
1563 3405 1686 3439 Loquere
1722 3404 1804 3430 Plaut.
1818 3404 1892 3438 Capt.
1906 3412 1935 3436 5,
1947 3412 1972 3435 2,
1986 3413 2012 3439 7.
2115 3403 2278 3435 Praeponere
2294 3401 2392 3427 rectum

1355 3441 1468 3468 vtilibus
1487 3440 1580 3466 Claud.
1595 3440 1622 3466 in
1636 3441 1713 3475 prim.
1728 3440 1804 3466 Cous.
1820 3440 1875 3466 Stil.
1890 3448 1974 3470 2,103.
2077 3438 2184 3464 Seruare
2197 3437 2277 3462 aninn
2293 3436 2390 3463 rec-“tum

1357 3478 1425 3503 Hor.
1439 3476 1520 3503 Serm.
1535 3485 1561 3508 2,
1575 3484 1598 3508 3,
1611 3484 1665 3502 201.
1756 3474 1861 3502 Trahat
1881 3484 1928 3501 nos
1943 3474 2042 3509 quidue
2055 3473 2085 3499 ad
2098 3473 2244 3505 amicitias,
2264 3473 2337 3504 vsus,
2353 3479 2390 3497 re·

925 3509 1074 3543 Scipionem
1087 3519 1117 3536 ea
1135 3510 1293 3537 anctoritate
1308 3522 1339 3549 95
1357 3511 1463 3539 &mnne
1477 3512 1543 3538 Hor.
1556 3511 1638 3538 Serm.
1651 3519 1674 3544 2,
1687 3513 1713 3543 6,
1746 3519 1767 3544 5.

1794 3545 1945 3572 Aduerbium
1962 3552 2041 3572 ortum
2061 3553 2090 3569 ex
2106 3543 2222 3570 Ablatiuo
2235 3543 2305 3570 ree‘ta
2317 3539 2388 3568 intell.

1480 3583 1547 3609 Ter.
1562 3582 1626 3608 Eun.
1643 3590 1663 3613 1,
1676 3590 1701 3613 2,
1715 3589 1732 3616 7
1751 3581 1806 3608 Cur
1820 3591 1873 3608 uon
1885 3582 1956 3608 reeta
1970 3579 2099 3607 introibas
2116 3580 2124 3605 ζ
2204 3579 2259 3605 Cic.
2273 3578 2304 3605 de
2312 3578 2390 3616 Fin.5

1360 3625 1425 3645 extr.
1454 3618 1501 3644 Sed
1516 3625 1618 3651 teinpus
1632 3617 1684 3649 est,
1702 3617 1718 3643 fl
1732 3618 1856 3649 videtur,
1873 3624 1897 3644 et
1911 3616 1982 3644 reeta
1996 3613 2102 3649 quidem
2116 3614 2147 3640 ad
2164 3623 2215 3641 me.
2321 3612 2390 3640 Idem

1357 3655 1432 3681 Verr.
1446 3661 1469 3685 ς,
1482 3661 1524 3686 159
1544 3653 1570 3678 Si
1584 3652 1655 3679 reeta
1668 3654 1719 3678 iter
1735 3654 1782 3679 esse
1793 3653 1920 3685 Romam,
1939 3651 2017 3678 Verri
2036 3651 2060 3675 se
2075 3651 2175 3684 praesto
2187 3648 2340 3677 aduenienti
2351 3647 2388 3676 fu-

1528 3689 1559 3714 Et
1572 3689 1625 3714 Att.
1640 3698 1667 3721 4,
1681 3696 1694 3721 ς
1725 3688 1773 3714 Τιι
1788 3688 1819 3714 de
1835 3690 1879 3715 via
1893 3687 1962 3715 πᾶα
1975 3687 2003 3712 in
2016 3685 2117 3712 hortos.
2213 3686 2232 3712 E
2245 3685 2309 3711 naui
2323 3682 2388 3712 reela

1354 3724 1386 3752 ad
1399 3732 1442 3750 me
1456 3724 1527 3749 venit
1547 3723 1602 3749 Cic.
1618 3725 1670 3750 Att.
1684 3726 1711 3755 6,
1724 3729 1746 3752 8.
1817 3725 1885 3752 Add.
1899 3722 1967 3750 Ibid.
1978 3729 1999 3754 ς,
2015 3729 2053 3753 14·

1393 3765 1491 3786 RECT
1502 3764 1531 3784 E.
1568 3758 1635 3786 Adu.
1674 3759 1782 3794 [0²59ss
1807 3760 1904 3792 καλῶς]
1940 3756 2046 3784 Eandem
2068 3755 2261 3792 fignificatianis
2286 3758 2387 3782 varieta-

1356 3801 1405 3821 tem
1420 3795 1500 3821 habet.
1536 3794 1593 3820 Cic.
1607 3793 1686 3820 Acad.
1700 3804 1722 3826 a,
1734 3801 1765 3827 95
1785 3795 1865 3822 Refie
1878 3792 2018 3823 conclusit,
2039 3798 2116 3818 teneo
2131 3803 2136 3818 :
2172 3792 2207 3817 lin
2221 3792 2331 3825 vitiose,
2342 3789 2387 3828 mi:

1355 3839 1416 3856 nam
1441 3830 1572 3863 Diogenes
1597 3829 1697 3856 reddet.
1792 3829 1932 3866 Auguraris
1951 3827 2022 3854 τρεῖς
2042 3826 2073 3853 de
2093 3837 2150 3859 tue,
2171 3827 2237 3853 benc
2257 3828 2326 3853 enim
2339 3824 2388 3851 tib!

1354 3865 1475 3901 cognitus
1489 3866 1545 3891 sum
1565 3865 1621 3891 Cic.
1635 3867 1688 3892 Att.
1705 3873 1730 3898 9,
1745 3874 1780 3899 19.
1887 3863 1968 3891 Reti'te
1979 3872 2013 3890 an
2025 3863 2112 3895 secuS,
2132 3862 2201 3889 nihil
2213 3862 2246 3890 ad
2258 3871 2305 3889 nos
2332 3860 2386 3921 (3ὶὶ

1379 3553 1496 3588 3RECT
1510 3554 1543 3573 A.
1579 3546 1657 3580 [ι’θι),
1679 3547 1759 3580 iustu]

1358 3592 1412 3610 Vla-

1744 1667 1800 1693 Cic.
1818 1669 1871 1692 Att.
1886 1676 1919 1699 ις,
1931 1675 1966 1693 20
1997 1666 2028 1692 In
2043 1664 2119 1690 omni.
2137 1664 2193 1689 vita
2204 1664 2248 1689 sua
2259 1672 2381 1698 quemque
2426 1684 2429 1694 ,
