2434 4156
33 116 88 158 ῃ,
416 78 452 136 R
537 92 571 133 E
661 61 709 132 F*

38 196 126 224 ditata
143 193 188 224 sit,
201 187 387 225 perhorrescas.
433 183 491 213 Iam
511 184 619 215 hilaris,
640 182 693 209 iam·
711 180 780 213 fibi,
800 179 854 207 iam
872 177 942 205 mihi
962 178 1073 219 reddita,

39 231 134 265 incipit
162 226 254 258 refici,
280 222 508 256 transmiffiimque
533 219 674 248 discrimen
704 215 908 256 conualescendo
942 221 1071 241 remetiri.

40 269 77 296 Ex
89 266 167 298 longo
179 261 274 289 morbo
291 259 364 286 refici
385 259 444 285 Seu.
457 256 536 293 Epist.
549 265 574 291 7.
641 253 848 293 Arte-Acmonia
861 249 976 278 rete-§Ius
989 250 1072 293 Tele.

39 301 119 338 phas,
138 297 243 325 Sanetus
267 296 327 323 Stat.
347 294 411 321 Siln.
430 303 455 325 1,
475 301 569 327 4,.112.
645 290 732 329 Furiis
752 286 845 314 refecti
864 285 991 326 ardebant
1017 295 1072 321 cqut

37 340 190 372 aegrotantes
203 333 279 367 Virg.
294 332 389 364 Georg.
405 338 426 362 3,
441 338 493 363 511,
512 327 574 362 quia
593 325 741 359 languentia
754 331 864 357 corpora
880 331 908 348 in
921 330 992 363 Vires
1005 330 1070 361 quo·
1092 328 1106 354 ς

37 369 178 398 dammodo
193 369 286 396 excitat
298 366 388 397 furor,
409 373 434 391 et
453 365 516 392 facit
535 371 563 389 ea
580 363 608 388 in
621 360 733 387 exitium
747 358 937 386 conualescere.
956 359 1072 384 Seruius.

35 408 139 434 Lueret.
153 414 173 438 1,
185 413 232 440 557
250 404 320 431 Nam
332 401 439 437 quiduis
449 400 527 429 citius
540 397 642 425 dissolui
658 395 727 431 poss'e
739 394 876 427 videmus,
913 395 1001 427 Qiam
1014 402 1071 420 rur-

37 443 78 469 sus
98 440 181 468 refici.

73 481 196 503 REFEC
208 476 300 507 '‘rvs,
319 482 348 504 a,
368 481 421 498 11111.
604 467 661 495 Cic.
677 468 730 494 Att.
749 468 786 498 16,
808 474 820 498 3
834 471 878 501 pr.
915 464 964 491 Sed
984 470 1072 492 tamen

458 469 549 499 Partic.

36 511 109 541 idem
126 511 258 544 σύνταγμα
278 509 336 536 misi
357 509 389 535 ad
408 514 433 535 te
450 502 611 534 retraetatius
625 523 633 536 ‚
657 509 683 529 et
702 502 811 536 quidem
831 502 965 536 ἆρχέτυπον
985 501 1071 535 ipsum
1086 516 1115 535 10

37 547 135 575 crebris
148 546 212 573 loeis
225 545 384 572 inculcatum
398 550 424 571 ct
438 541 569 571 refe-etum.
624 538 705 566 Ouid.
721 537 785 564 fast.
799 547 827 570 4,
841 540 887 563 610
907 536 985 576 Haud
1002 538 1071 563 secus

37 579 154 610 indoluit
173 597 218 602 —
237 581 315 616 longa
334 581 432 615 vixque
447 575 545 606 refe'ttta
563 583 638 602 mora
656 574 701 601 est.
753 609 758 614 ι
773 572 877 608 Opibus
893 581 1016 607 curisque
1033 582 1072 600 re-

37 618 121 646 fectus
136 617 215 644 amici
235 618 302 644 Hor.
315 616 394 651 Epist.
406 624 427 648 2,
441 622 462 644 2,
474 613 524 645 136.
597 611 654 638 Nec
672 616 718 637 aut
736 609 798 637 cibo
816 607 929 636 refectus
948 614 991 636 aut
1007 615 1071 644 potu

39 651 114 682 ΟΜ·
128 661 155 688 7,
170 662 192 687 5,
208 655 245 680 16.
281 653 355 688 Cous.
370 651 407 678 Id.
418 657 440 684 ς,
452 657 480 682 4,
495 655 532 679 23.

1547 87 1579 127 R
1663 85 1696 126 E
1783 89 1818 128 F
2126 103 2185 143 ¹18

1171 186 1191 207 R
1202 185 1220 206 Ε
1229 186 1245 207 F
1255 185 1271 206 L
1280 185 1333 206 ΑΝ
1342 184 1391 204 DV
1400 185 1429 210 S,
1444 186 1458 204 a
1467 197 1474 210 ‚
1494 186 1549 205 um.
1585 177 1667 204 Antra
1687 185 1735 211 per
1756 176 1837 211 palati
1853 179 1974 213 Crepulis
1991 183 2107 213 reflanda
2119 183 2182 216 huc·

1134 216 1172 243 cis
1186 216 1276 243 Gemit
1288 223 1350 242 aura
1365 213 1466 240 tibialis
1480 213 1570 240 Sidon.
1585 213 1629 247 Ep.
1643 222 1676 246 9,
1690 222 1713 245 ¹3
1732 211 1879 248 insubicflo
1892 218 2081 248 Amat-orrico.

1176 258 1248 279 REF
1261 253 1403 282 LETVS,
1424 247 1462 275 sis.
1496 258 1531 276 m.
1568 249 1728 283 [dirimam]
1764 249 1830 275 Plin.
1850 258 1875 283 9,
1896 253 1912 276 6
1953 254 2074 286 Ierum
2096 267 2181 287 vnum

1138 287 1223 321 mergi
1244 287 1360 314 vidimus
1379 285 1473 312 reflatu
1492 285 1585 311 beluae
1604 285 1738 319 expletum
1758 284 1836 311 vnda.
1888 286 1946 313 Cic.
1962 290 2014 314 Λα.
2030 299 2066 323 12,
2084 301 2099 319 2
2129 294 2184 321 Hie

1137 331 1230 349 rumor
1243 323 1278 348 est
1294 323 1333 350 T.
1346 322 1466 349 Marcum
1485 320 1589 354 periisse
1602 320 1742 354 naufragio
1751 340 1759 353 ,
1777 320 1896 349 Asinium
1909 321 2026 350 delatum
2045 327 2138 356 viuum
2152 331 2183 357 in

1136 366 1227 385 manus
1241 359 1374 389 militum3
1394 364 1411 384 L
1425 365 1502 382 naues
1515 355 1612 382 delatas
1627 357 1654 382 in
1668 357 1770 382 Vticam
1792 357 1885 383 reflatu
1900 357 1959 384 hoc.

1153 420 1158 421 .
1174 399 1219 420 RE
1230 400 1245 420 F
1256 400 1270 418 L
1282 401 1304 421 Α
1315 401 1336 420 T
1346 401 1355 419 1
1366 400 1402 425 ο,
1420 392 1487 418 onis.
1513 392 1533 417 f.
1570 392 1641 418 Cael.
1656 392 1746 420 Aurei.
1760 392 1856 420 Tard.*
1869 402 1888 426 1,
1902 402 1922 426 1,
1936 402 1963 420 12
1988 395 2025 421 Ex
2037 396 2093 424 alto
2106 400 2180 427 refla-

1136 430 1176 457 tio
1199 430 1328 464 quaedam
1354 429 1459 457 viarum
1481 427 1600 455 nuditate
1633 427 1808 463 permittitur.
1859 429 2093 466 Transisti-ationem
2112 435 2184 464 hodie

1134 472 1234 492 υΟίἩΠΙ.

1171 507 1215 527 RE
1226 506 1266 527 rt.
1277 506 1298 526 A
1309 507 1325 526 R
1336 499 1390 527 1“”1,1
1402 507 1414 527 s
1425 519 1433 532 ‚
1454 508 1477 526 e.
1503 498 1565 526 Adi.
1607 499 1657 531 Vt,
1678 497 1743 525 Cibi
1760 498 1838 525 facile
1854 499 1987 527 reflabiles
2005 502 2078 530 Cael.
2091 504 2184 533 Aurei.

1134 535 1220 563 Tard.
1235 545 1261 570 4,
1277 544 1298 567 1,
1313 538 1329 561 6
1354 540 1397 571 qui
1409 536 1570 573 digeruntur,
1584 541 1607 561 et
1620 534 1737 561 exhalant
1744 534 1835 570 facile.

1169 577 1213 598 RE
1227 577 1243 596 1³
1255 577 1271 596 L
1283 577 1372 597 ΑΒΜ
1396 571 1471 598 venti
1497 570 1575 605 Apul.
1594 571 1628 598 de
1647 569 1765 597 Mundo:
1788 570 1835 606 sed
1854 569 1926 597 valde
1947 571 2021 598 dubia
2038 571 2073 607 est
2091 573 2184 606 temo,-

1134 607 1188 635 vid.
1203 607 1312 633 Elmenh.
1331 607 1364 631 ad
1377 614 1404 642 p.
1426 611 1470 638 62,
1484 615 1520 634 20.

1173 649 1192 669 R
1203 649 1219 668 E
1231 648 1247 668 r
1260 648 1305 668 LA
1315 649 1336 668 'r
1347 648 1355 667 1
1365 649 1381 668 L
1391 650 1400 668 1
1410 650 1422 669 s
1432 663 1441 676 ‚
1460 651 1483 670 e.
1505 641 1564 669 Adi.
1601 642 1673 668 Zeno
1686 642 1787 669 Veron.
1801 640 1855 668 vid.
1869 641 1971 678 Salmas:
1986 643 2020 669 ad
2033 643 2101 678 Hm.
2114 646 2185 684 Aug.

75 696 119 716 RE
130 695 293 719 FECTVS‚
313 688 351 714 ᾖς,
378 695 411 713 m,
434 681 601 718 ,[αἷνᾰληψις]
638 678 831 720 Ῑρρῥνιζίέἒῖίο.
869 679 934 706 Plin.
949 685 983 712 18,
998 679 1075 715 7fiab
1089 684 1114 711 15
1130 685 1157 715 p.
1174 687 1225 713 ¹93·

30 723 82 762 fin.
119 725 213 751 Panem
235 733 267 750 ex
289 724 388 751 hordeo
409 718 524 753 antiquis
543 717 663 744 vsitatum
682 724 737 743 vtta
756 716 909 748 damnauit,
930 716 1075 751 quadrupe-

39 760 155 795 dumque
167 759 277 786 tradidit
291 756 439 787 refeaibuu.
475 755 518 783 Sic
530 756 605 781 etiam
620 754 731 780 Elzeuir.
759 752 807 780 sed
819 752 947 779 Hardum.
961 750 1074 786 quadru-

38 796 134 832 pedum
147 796 202 823 fere
217 796 291 822 cibus
303 795 347 822 est.
772 826 776 830 Ι
831 826 835 830 “
922 826 927 830 .
1070 825 1075 830 ¹

73 839 117 859 RE
129 837 145 858 F
156 838 172 858 Ε
182 838 227 858 CT
240 840 244 857 1
259 837 278 858 ο
293 851 302 864 ,
324 828 390 856 onis.
428 827 448 853 f.
489 824 656 860 [οἷνοέκτησις]
697 822 833 860 Rzficrendz
861 830 885 850 ct
915 820 1074 856 ufiaurandt

37 867 120 894 σθαι.

38 903 220 930 concinnanda
238 901 376 930 tradantur.
430 898 559 933 Capitolii
579 897 650 923 Suet.
661 897 732 923 Caes.
746 905 768 922 c.
783 903 816 929 13.
871 896 906 922 Ea
919 894 1074 928 compluuia

38 939 137 967 habent
150 939 178 965 in
192 936 378 966 refeflionibue
391 934 536 961 molestiam
550 942 672 967 magnam
689 932 794 959 Vitruu.
809 934 835 964 6,
847 940 869 963 3.
933 930 1073 970 anffll.

39 983 79 1006 10,
99 984 111 1007 3
141 975 277 1010 Tempora
293 972 324 999 ab
342 971 396 1006 ipsa
415 978 503 998 rerum
522 976 614 996 natura
633 969 665 995 ad
685 968 820 1003 quietem,
845 965 1076 999 refefflonenique

36 1011 118 1038 nobis
134 1010 208 1043 data,
223 1009 252 1036 in
270 1007 424 1035 acerrimum
444 1005 561 1033 laborem
576 1004 765 1031 conuertimus.
857 1002 923 1029 Plin.
938 1002 966 1028 in
981 1003 1074 1037 Paneg.

39 1056 62 1073 e.
76 1052 100 1077 81
137 1045 214 1080 Quod
234 1045 253 1071 fi
271 1041 372 1078 quando
391 1051 449 1069 cum
469 1041 641 1069 influentibus
654 1040 768 1076 negotiis
782 1038 854 1074 paria
869 1037 972 1070 fecisti,
993 1037 1074 1064 instar
1087 1045 1118 1073 25
1129 1037 1159 1074 fi
1172 1039 1265 1064 alueum
1279 1039 1411 1072 rcctfn'ens.

38 1081 195 1110 refectioni·
211 1079 338 1108 existimas
357 1078 533 1105 mutationem
552 1076 668 1104 laboris„
728 1076 825 1103 Valere
842 1073 986 1102 refeffloni
1009 1073 1076 1114 Cels.

41 1127 66 1151 3,
81 1127 114 1151 ¹5·
132 1120 150 1144 ι’.
164 1116 231 1151 satit
243 1118 334 1142 virium
350 1114 436 1141 hahere
448 1115 583 1150 reliquum,
596 1119 626 1139 vt
641 1110 715 1148 poffis
729 1111 806 1147 refici.
879 1110 952 1150 Idem
965 1118 994 1142 4,
1007 1112 1027 1149 6·
1049 1110 1077 1136 Si

41 1154 71 1179 in
82 1151 226 1180 refefflone
241 1159 347 1186 quoque
361 1150 484 1177 manserit
497 1149 580 1182 tuliis,
598 1148 775 1175 intermittere
787 1145 923 1181 oportebit
936 1154 989 1172 vno
1003 1145 1055 1171 die.

77 1194 121 1214 RE
130 1193 194 1214 FEC
204 1193 224 1212 'r
234 1193 252 1213 o
262 1193 296 1218 R,
315 1186 379 1214 oris.
406 1195 442 1212 m.
478 1185 584 1212 Sueton.
597 1183 626 1211 in
638 1184 742 1218 Vespas.
763 1192 784 1209 e.
801 1188 825 1213 ¹8
856 1182 923 1208 Item
936 1181 1023 1208 coloffi
1037 1190 1076 1208 re·

37 1222 166 1251 feaorem
179 1222 274 1257 insigni
287 1222 424 1257 congiario
437 1229 584 1256 magnaque
592 1219 712 1248 mercede
725 1218 846 1247 donauit.
868 1217 942 1254 Conf.
955 1217 1076 1252 inscript.
1089 1229 1122 1253 30

37 1258 106 1295 qud
117 1259 194 1293 Spon.
208 1258 280 1284 Misc.
295 1259 336 1285 Er.
347 1259 405 1286 Ant.
422 1267 445 1293 p.
460 1266 511 1290 231.

76 1293 246 1321 amntem
261 1313 269 1325 ,
293 1296 346 1321 ere.
383 1291 576 1328 [duaa-mudg‘w]
612 1291 758 1327 Antiquum.
795 1290 877 1317 Plaut.
896 1289 983 1316 Truc.
1002 1297 1031 1322 4,
1050 1296 1079 1329 {⁵¹⁵

38 1338 72 1363 24
102 1330 172 1357 Nam
190 1330 306 1357 rcfacere
325 1330 342 1356 li
356 1330 452 1360 velim,
466 1338 520 1356 non
537 1329 573 1354 est
593 1328 674 1353 locus.
716 1326 819 1354 Taubm.
839 1332 862 1352 et
883 1326 960 1352 Gron.
983 1324 1081 1359 dimfim

37 1375 68 1392 re
88 1365 182 1393 facere.
254 1365 389 1393 Noctibus
408 1364 449 1390 his
468 1364 546 1390 vacui
566 1363 720 1389 refaciamus
737 1363 789 1389 iter
804 1363 922 1396 Propert.
943 1368 966 1394 2,
983 1369 1029 1394 24,
1046 1369 1082 1387 221

38 1408 69 1428 vt
82 1402 166 1438 legunt
179 1401 271 1437 Scalig.
286 1408 309 1425 et
324 1398 446 1426 Brouclch.
466 1402 485 1425 i.
501 1398 625 1426 redeamus
639 1398 673 1424 ml
688 1397 893 1434 cousuetudinem.

79 1443 98 1462 R
113 1437 251 1466 131³iGo‚
275 1435 318 1466 xi,
338 1443 410 1468 xum,
430 1437 482 1461 ere.
520 1433 727 1467 [καταπῆγνυμι]
763 1434 811 1459 Pro
824 1430 1026 1468 figerefimplici
1038 1438 1082 1466 po-

36 1471 109 1508 suit,
120 1471 144 1505 Ji
164 1471 256 1498 Seruio
275 1470 408 1502 credimus,
429 1470 503 1504 Virg.
517 1470 615 1503 Georg.
635 1477 663 1502 4,
675 1478 724 1496 202.
751 1469 883 1503 Aulasque
903 1474 928 1494 et
947 1476 1022 1493 cerea
1043 1475 1083 1492 re-

42 1516 92 1541 gna
113 1506 234 1540 refigunt.
268 1507 352 1533 Burni.
366 1504 423 1542 post
443 1505 528 1541 Heius.
549 1505 689 1539 refingunt.
731 1505 821 1531 Vtrum
838 1505 949 1538 placcat,
968 1504 1084 1537 repetitio

42 1544 143 1568 videtur
156 1541 314 1578 signficari:
340 1541 422 1576 figunt
435 1542 461 1578 s.
479 1541 594 1576 tingunt,
607 1544 701 1575 quoties
709 1546 768 1574 opus
780 1536 821 1571 est.
858 1538 1000 1570 Colum.4‚
1019 1540 1053 1567 16,
1067 1544 1084 1562 2

37 1579 114 1612 plaut·
146 1578 193 1603 huc
224 1587 271 1603 non
292 1577 411 1612 pcrtin'et.
970 1607 985 1612 -.
1065 1606 1069 1610 Ι

42 1611 115 1646 Quod
125 1611 208 1647 fixum
224 1610 258 1644 ψ
277 1613 386 1647 aufferre.
442 1612 498 1639 Cic.
513 1610 626 1646 Philipp.
642 1620 674 1642 ¹3,
688 1618 702 1643 ς
714 1619 738 1637 c.
750 1618 763 1641 3
799 1608 864 1635 Aeta
877 1609 988 1633 Antonii
1006 1606 1084 1632 resci-

43 1647 131 1679 distis,
157 1646 225 1681 leges
244 1647 368 1674 retii-istiu
386 1657 434 1681 per
453 1648 517 1674 vim.
554 1648 587 1671 Le
606 1655 630 1671 rs
649 1648 713 1670 euim
735 1647 762 1670 in
781 1644 873 1670 tabulis
892 1645 975 1669 aencis
991 1640 1083 1676 intvssze

43 1689 129 1714 erant,
149 1689 173 1707 ct
183 1681 253 1717 fixae
267 1683 415 1718 parietibus.
452 1683 493 1709 Sic
506 1681 562 1708 Cic.
576 1682 647 1707 bam.
661 1687 692 1709 12,
708 1688 717 1705 1
745 1679 828 1705 Cuius
842 1686 901 1705 aera
915 1677 1025 1717 retigere
1040 1676 1085 1704 dc⁴

43 1718 184 1750 bebanius,
204 1717 259 1744 eius
281 1717 361 1744 etiam
380 1716 555 1750 chirographa
573 1715 749 1741 defendimus.
821 1715 889 1742 Hor.
909 1713 989 1747 Epist.
1012 1721 1032 1745 1,
1048 1717 1083 1745 18,

44 1756 77 1787 56
111 1753 163 1780 Sub
183 1753 262 1787 duce,
281 1754 327 1788 qui
348 1752 450 1787 templis
470 1750 627 1779 Parthorum
647 1750 715 1785 signa
738 1749 836 1777 refixit.

43 1790 102 1817 Sen.
123 1789 154 1816 de
168 1790 231 1816 Vita
247 1790 323 1817 Beata
341 1797 362 1816 c.
385 1797 422 1823 19.
513 1787 595 1824 Leges
614 1786 694 1824 figere
712 1791 738 1815 et
757 1786 870 1824 refigere
887 1786 975 1823 pretio
1007 1785 1082 1824 Virg.

45 1827 111 1852 Aen.
125 1828 151 1858 6,
165 1828 224 1853 622.

82 1867 269 1894 Rrr1xvs‚
289 1870 319 1895 a,
334 1870 386 1887 ιιιιι.
405 1861 473 1888 Part.

44 1904 67 1923 et
91 1897 156 1924 Hor.
171 1897 258 1924 Carm.
278 1906 304 1930 1,
323 1902 370 1929 28,
390 1906 418 1923 11.

514 1859 565 1893 Vt,
578 1860 686 1895 Clipeus
703 1859 800 1887 refixus
820 1860 896 1895 Virg.
910 1861 975 1888 Aen.
989 1866 1011 1894 ς,
1026 1862 1084 1893 360.

490 1896 580 1923 Sidera
599 1896 679 1923 refixa
699 1896 772 1923 caelo
795 1897 872 1931 Virg.
893 1898 957 1924 Aen.
978 1905 1007 1930 ς,
1029 1906 1083 1930 527.

44 1933 113 1959 Hor.
130 1933 209 1967 Epod.
225 1941 262 1967 17,
277 1942 289 1966 ς
325 1933 414 1959 Refixa
429 1932 503 1960 caelo
521 1932 652 1960 deuocare
666 1931 756 1959 tidera.
796 1934 890 1968 Nempe
900 1939 930 1959 vt
949 1933 1084 1964 deuorari,
1097 1943 1128 1969 50
1147 1934 1283 1961 amicitiae
1297 1934 1464 1968 (Catilinae)
1481 1929 1657 1958 reformidare
1677 1928 1750 1956 Idem
1763 1937 1812 1963 pro
1826 1929 1897 1956 Cael.
1913 1939 1942 1963 ¹4
1954 1940 1975 1957 c.
1989 1934 2014 1958 6.

43 1968 64 1994 i.
85 1968 170 1994 deduci
182 1971 246 1996 caelo
255 1968 345 2004 poffim
359 1971 455 2005 magica
472 1971 502 1995 vi
512 1967 612 2001 fidem,
635 1967 767 2002 religendis
778 1968 855 2004 sunt,
876 1970 927 1995 Ioco
940 1978 986 2005 quo
1000 1967 1084 2004 fixas

42 2004 204 2066 gefixraefmas
217 2005 293 2041 finit,
305 2008 430 2032 mouenda.
487 2002 561 2032 Reae
580 2007 660 2041 igitur
673 2005 799 2032 Bentleius
818 2012 847 2031 ex
861 2007 958 2040 primis
972 2004 1087 2031 editioni-

59 2050 102 2101 usn
116 2059 174 2102 2131
187 2075 267 2101 GVR
279 2081 315 2108 o,
337 2079 389 2102 are.
425 2075 579 2112 Reformare.
616 2075 696 2111 Vulg.
711 2076 823 2110 Interpr.
842 2076 957 2111 sapient.
977 2086 999 2104 c.
1016 2085 1054 2109 19,
1070 2078 1088 2103 6

46 2110 141 2137 Omnis
153 2116 269 2138 creatura
280 2111 311 2137 ad
331 2111 405 2138 suum
423 2121 502 2146 genus
517 2111 549 2138 ab
563 2111 641 2138 initio
654 2112 855 2147 refigurabatur.
1104 2126 1116 2151 ς

82 2151 259 2179 REI-'JNGO
273 2166 279 2176 ‚
306 2150 359 2174 ere.
397 2148 485 2175 Hilari
504 2148 577 2174 vultu
596 2147 736 2179 renidens,
755 2154 935 2182 quantumque
954 2153 1087 2182 poteram,

44 2180 183 2208 laetiorem
198 2191 239 2208 me
252 2182 380 2216 refingens
398 2184 474 2217 Apul.
490 2183 552 2209 Met.
566 2191 577 2215 3
592 2191 616 2217 p.
630 2192 682 2216 134,
696 2192 739 2216 24.

83 2223 99 2242 R
111 2223 126 2242 Ε
136 2224 196 2244 FIR
206 2224 230 2244 M
240 2224 259 2244 ο
276 2237 286 2249 ,
315 2223 365 2244 are.
409 2219 490 2253 Supra
516 2219 602 2253 ripam
627 2219 753 2252 Tigridis
777 2219 853 2244 limes
877 2218 914 2243 est
938 2216 1088 2242 refirmatus

44 2251 112 2278 Sext.
127 2253 188 2279 Rus.
202 2262 223 2279 c.
239 2262 277 2286 14.
297 2255 314 2279 i.
333 2253 408 2279 denuo
420 2252 576 2287 constitutus.

170 866 300 894 Columel.
312 873 343 896 12,
355 872 367 896 3
393 863 569 897 Castraque,
582 861 600 887 Ii
621 859 797 887 refeetionem
811 859 971 890 desiderant,
991 858 1074 884 fabris
1086 868 1122 886 20

909 1750 940 1775 Se
960 1748 1123 1787 crucibus45

1122 2125 1132 2132 ·
1149 2115 1251 2140 ferrum
1264 2112 1362 2139 medici
1377 2113 1450 2145 prius
1465 2117 1544 2142 quam
1557 2113 1664 2133 curetur
1677 2105 1803 2139 adspexit.

1175 721 1219 740 nr:
1231 713 1398 745 rthro,
1425 714 1470 744 ui,
1492 717 1546 741 ere.
1580 712 1722 747 [ἐξανθέω]
1747 711 1801 746 Jiue
1830 719 2103 749 REPRORxsco,
2131 718 2186 745 ere.

1138 751 1246 786 Rurficm
1258 749 1362 785 florere.
1400 748 1467 775 Plin.
1483 756 1516 782 ιε,
1533 751 1561 776 16
1586 750 1693 776 Set-atur
1712 748 1841 783 incipiens
1855 749 1967 781 florere,
1987 757 2012 777 et
2025 754 2131 785 quoties
2145 762 2188 781 re-

1139 786 1243 817 floruit,
1257 792 1301 811 etc.
1356 783 1429 810 Idem
1445 794 1480 817 19,
1494 791 1506 814 Β
1528 785 1609 812 Cuius
1622 791 1715 812 natura
1729 784 1758 811 in
1770 785 1898 811 carnariis
1907 786 2074 814 reflorescens
2084 789 2187 824 saepius

1138 821 1209 849 dicia
1223 821 1268 847 est.
1338 821 1449 846 quenta
1462 821 1645 849 reflorescente
1659 820 1713 848 ibat
1729 828 1810 847 ouans
1830 820 1875 846 Sil.
1889 828 1923 853 ις,
1937 828 1992 855 728-
2176 821 2179 826 '

1172 865 1192 884 R
1202 863 1217 883 Ε
1228 864 1243 883 Γ
1254 863 1270 882 1.
1280 863 1298 881 v
1309 862 1328 881 Ο
1338 876 1346 888 ,
1366 856 1410 888 tri,
1429 865 1492 881 xum
1502 876 1510 887 ,
1528 859 1580 883 erc.
1617 856 1761 893 [ἐναῤῥέω]
1797 856 1904 891 Rursum
1916 856 2006 892 fluere.
2043 859 2139 893 Plina,
2153 866 2188 897 87

1137 894 1195 920 Nec
1214 901 1331 926 vnquam
1348 891 1443 918 eodem
1463 897 1584 926 tempore
1604 902 1658 926 quo
1679 891 1765 927 pridie
1784 892 1883 918 refluit.
1955 893 2028 930 Virg.
2041 896 2105 922 Aen.
2119 906 2145 929 9,
2159 906 2188 930 3²

1137 928 1222 956 Vndis
1243 927 1418 955 refluentibus
1439 927 1532 953 stridet
1549 936 1623 954 marc
1652 928 1724 955 Idem
1738 929 1836 963 Georg.
1856 937 1883 961 4,
1905 930 1960 956 262.
2051 931 2187 968 Ambiguo

1136 965 1207 1001 lapsu
1229 965 1372 999 refluitque
1387 963 1500 997 Iluitque
1514 962 1650 990 Maeander
1664 964 1746 990 Ouid.
1760 964 1824 990 Met.
1838 969 1860 995 8,
1876 967 1928 997 163.

1174 1008 1217 1028 RE
1229 1006 1245 1027 F
1259 1007 1274 1026 L
1286 1007 1307 1026 v
1318 1007 1364 1027 EN
1376 1007 1405 1032 s,
1425 999 1503 1025 entis.
1522 999 1616 1026 Partic.
1653 1000 1752 1026 Tibris
1770 1000 1846 1034 Virg.
1864 1001 1928 1028 Aen.
1942 1006 1965 1034 8,
1982 1005 2014 1037 87
2034 1003 2188 1040 intrasuum

1175 1079 1194 1099 R
1204 1080 1220 1099 E
1230 1079 1246 1099 1:
1255 1079 1272 1098 L
1282 1079 1303 1098 V
1311 1079 1332 1099 v
1342 1079 1355 1098 S
1364 1091 1370 1103 ,
1391 1079 1404 1097 a
1412 1089 1421 1103 ‚
1441 1079 1498 1097 um.
1518 1069 1578 1096 Adi.
1616 1069 1791 1105 [παλιρρόθιος
1799 1090 1807 1101 ,
1827 1073 1971 1108 πωλίςίςὲοσς]
2013 1074 2189 1107 γῃιζςῆυῃῃι

1138 1117 1211 1136 mare
1224 1108 1290 1135 Plin.
1305 1117 1327 1140 2,
1342 1115 1386 1142 97.
1458 1106 1561 1141 Gurges
1574 1106 1674 1132 refluus
1692 1108 1755 1132 stat.
1769 1105 1833 1131 Silu.
1850 1114 1870 1138 ς,
1885 1116 1903 1139 1,
1917 1116 1954 1140 91.

1176 1152 1193 1171 R
1204 1152 1220 1172 E
1229 1151 1245 1171 F
1253 1151 1269 1171 1.
1279 1149 1300 1170 V
1308 1145 1328 1170 Ᾰ
1337 1150 1360 1170 Μ
1370 1150 1386 1169 E
1396 1149 1418 1169 N
1428 1161 1436 1174 ‚
1459 1142 1518 1168 inis.
1540 1151 1566 1169 n.
1603 1141 1741 1170 Fortunat.
1757 1149 1767 1167 1
1791 1142 1903 1169 Paruula
1917 1144 2111 1174 Grammaticae
2125 1148 2189 1176 lam.

1137 1181 1202 1208 bens
1214 1179 1371 1207 refluamina
1382 1184 1480 1213 guttae.

1174 1224 1193 1244 R
1204 1223 1220 1243 E
1230 1222 1245 1242 F
1256 1222 1272 1242 L
1284 1222 1304 1241 v
1316 1222 1333 1241 x
1342 1221 1362 1241 v
1372 1222 1383 1241 s
1394 1234 1402 1247 ‚
1423 1213 1461 1240 sis.
1491 1222 1527 1240 m.
1570 1213 1620 1244 Vt,
1640 1212 1766 1239 Defluxus
1779 1217 1805 1239 et
1817 1213 1931 1240 refluxus
1947 1216 2035 1244 maris.
2045 1218 2055 1221 ’

1177 1260 1196 1280 R
1206 1258 1221 1278 Ε
1234 1258 1251 1278 r
1263 1258 1283 1278 o
1294 1257 1310 1277 c
1320 1258 1329 1277 1
1341 1257 1358 1277 L
1368 1258 1411 1277 Lo
1421 1270 1429 1283 ,
1446 1254 1498 1276 are.
1526 1247 1685 1283 [ἱναφύχω]
1711 1250 1838 1276 Recreare.
1867 1250 1932 1277 Piin.
1947 1252 2026 1285 Epist.
2043 1263 2063 1285 3,
2079 1262 2109 1287 ¹4
2135 1255 2193 1290 Ipse

1141 1288 1229 1324 paucis
1244 1287 1338 1314 diebu·
1356 1295 1434 1321 aegre
1447 1285 1630 1317 refocillatuS,
1648 1293 1702 1311 non
1716 1285 1768 1311 tine
1785 1285 1894 1312 vltionis
1907 1286 2002 1314 solatio
2015 1288 2134 1323 deceffit,
2154 1292 2193 1318 ita

1141 1325 1222 1352 viuus
1243 1323 1408 1355 vindicatus,
1428 1328 1456 1349 vt
1474 1321 1552 1348 oct-isi
1574 1320 1668 1347 solent.
1739 1321 1819 1347 Arria
1845 1321 1994 1350 refocillata
2023 1325 2090 1351 Plin.
2111 1326 2192 1361 Epist.

1142 1370 1165 1394 3,
1179 1363 1216 1392 16,
1229 1369 1266 1386 12.
1336 1360 1483 1393 Lugentem
1496 1355 1646 1384 efficacibus
1659 1355 1785 1384 remediis
1799 1356 1951 1384 refocillare
1964 1359 2021 1386 Sen.
2036 1359 2068 1387 de
2077 1362 2192 1390 Benetie.

1097 1406 1125 1433 ἒς
1143 1405 1164 1428 3,
1178 1405 1204 1429 9·
1229 1394 1287 1421 Vid.
1311 1399 1504 1420 rochLo.

1181 1438 1199 1457 R
1212 1437 1229 1457 Β
1242 1436 1259 1456 1·
1270 1437 1289 1456 o
1300 1435 1335 1454 οι
1345 1436 1361 1455 L
1370 1437 1386 1455 L
1395 1434 1447 1455 AT
1458 1434 1480 1456 o
1490 1434 1507 1454 R
1520 1446 1529 1460 ,
1553 1427 1620 1454 oris.
1647 1435 1684 1453 m.
1719 1426 1835 1461 Apuleio
1860 1428 1991 1457 tribuitur.

1144 1466 1222 1493 Index
1248 1464 1353 1492 floridi.

1182 1508 1201 1527 R
1212 1507 1228 1526 r
1239 1507 1256 1526 r
1268 1502 1286 1527 6
1296 1506 1313 1525 n
1323 1507 1332 1524 1
1345 1505 1380 1530 o,
1401 1498 1460 1524 sodi
1470 1518 1477 1530 ,
1494 1497 1606 1528 fossum,
1624 1498 1677 1524 ere.
1716 1496 1897 1529 [ἐνασκαέπτω,
1916 1498 2053 1535 atrofiam]
2094 1502 2196 1530 Rodien.

1144 1536 1175 1562 do
1188 1544 1269 1561 cruere
1289 1542 1310 1560 et
1330 1537 1356 1559 in
1375 1535 1452 1559 altum
1466 1533 1595 1569 proferre.
1637 1532 1703 1558 Plin.
1719 1540 1754 1565 ις,
1768 1537 1793 1562 18
1817 1534 1892 1566 Qiae
1905 1536 2014 1563 mitiore
2029 1537 2102 1564 caelo
2114 1539 2198 1565 refos-

2036 1432 2096 1458 Non
2123 1432 2196 1460 habet

608 1574 628 1613 Ἴ
656 1584 672 1602 2
708 1574 850 1609 Refigere,
877 1572 1126 1606 [ἅπακαὲηλόω]4ο
1144 1572 1185 1596 sae
1209 1579 1268 1595 cum
1292 1568 1403 1599 arbore,
1428 1574 1508 1601 atque
1533 1568 1561 1593 in
1587 1567 1673 1594 lucem
1703 1568 1836 1600 remissae,
1857 1578 1941 1597 nouos
1962 1572 2027 1599 soles
2052 1574 2197 1609 recipiunt.

1144 1605 1217 1633 Idem
1232 1614 1257 1637 2,
1270 1607 1307 1637 632
1328 1604 1354 1631 Si
1368 1604 1416 1630 vlli
1438 1603 1516 1630 efl'ent
1530 1603 1626 1634 inseri,
1644 1603 1696 1629 iam
1712 1603 1833 1637 profecto
1848 1605 1910 1632 illos
1924 1608 2053 1635 auaritiae
2067 1615 2146 1645 atque
2159 1611 2198 1637 lu-

1145 1641 1239 1668 xuriae
1260 1639 1375 1667 cuniculi
1394 1638 1557 1666 refodissent.
1613 1639 1676 1665 Solo
1696 1648 1775 1673 quam
1795 1639 1915 1668 altissime
1929 1644 2025 1672 refoffo
2042 1645 2107 1672 Plin.
2122 1655 2160 1680 19,
2175 1654 2198 1680 ς.

1145 1677 1277 1705 Columel.
1292 1686 1320 1709 4,
1333 1684 1363 1708 32
1393 1675 1442 1702 Sed
1463 1675 1530 1701 illud
1552 1675 1583 1702 de
1597 1675 1702 1710 integro
1722 1674 1811 1702 refodi
1832 1676 1919 1706 debet.
1982 1680 2092 1708 Radices
2106 1691 2198 1710 omnes

1146 1713 1262 1741 refodiat
1279 1713 1353 1739 Idem
1369 1721 1391 1744 2,
1404 1720 1421 1738 2
1433 1718 1499 1738 exer.

1181 1756 1201 1777 R
1210 1756 1226 1776 E
1237 1755 1252 1775 F
1264 1755 1282 1775 Ο
1293 1755 1312 1775 R
1323 1755 1347 1775 Μ
1358 1748 1371 1774 f
1380 1754 1397 1773 D
1407 1754 1425 1774 o
1435 1767 1443 1780 ‚
1461 1752 1513 1774 are.
1549 1747 1562 1781 [
1569 1746 1729 1783 ιῖποπτῆσσω]
1768 1749 1831 1775 Prae
1841 1748 1983 1784 formidine
1996 1752 2119 1790 refugere.
2140 1755 2200 1782 Cic,

1146 1787 1178 1815 de
1191 1784 1280 1816 Finib,
1294 1794 1317 1821 3,
1333 1792 1350 1823 7
1364 1793 1384 1813 ς.
1399 1792 1415 1811 2
1441 1785 1549 1824 Qiippe
1563 1784 1611 1818 qui
1631 1793 1663 1824 ue
1679 1783 1910 1819 reprehensionem
1925 1787 2034 1820 quidem
2047 1789 2121 1824 vulgi
2143 1791 2200 1818 ina.

1146 1835 1208 1854 nem
1230 1823 1408 1853 reformidans
1424 1843 1433 1856 ,
1463 1821 1491 1849 iu
1516 1820 1571 1855 ipsa
1593 1829 1667 1847 curia
1693 1820 1788 1847 soleret
1811 1820 1899 1855 legere
1929 1824 2012 1857 saepe.
2047 1825 2076 1852 de
2100 1827 2200 1853 Catone.

1146 1862 1221 1890 Idem
1233 1871 1282 1897 pro
1297 1860 1405 1889 Caecin.
1419 1864 1453 1894 84
1486 1856 1567 1885 Istum
1588 1856 1677 1884 locum
1691 1855 1763 1891 fugis
1778 1863 1804 1883 et
1823 1857 1991 1886 reformidas.
2065 1861 2137 1888 Pacis
2151 1871 2199 1894 no-

1146 1899 1219 1925 mine
1239 1898 1343 1925 Bellum
1366 1897 1518 1924 inuolutum
1539 1892 1690 1921 reformido
1712 1893 1768 1919 Cic.
1789 1892 1904 1927 Philipp.
1919 1904 1933 1926 7
1954 1904 1975 1921 e.
1989 1898 2014 1922 6.
2087 1898 2199 1926 Crimen

2089 1934 2201 1961 Ferrum

1147 1970 1325 1998 reformidant
1339 1969 1448 1996 frondes
1468 1968 1544 2002 Virg.
1559 1967 1656 2002 Georg.
1672 1975 1693 1999 2,
1707 1969 1764 1999 369.
1838 1966 1961 1999 Qiorum
1977 1968 2141 1995 Mentionem
2157 1969 2202 1996 ad-

1148 2007 1200 2034 huc
1219 2005 1370 2033 reformido
1390 2006 1465 2032 Curt.
1479 2006 1504 2037 6,
1518 2012 1544 2037 9,
1558 2012 1578 2035 3.
1649 2002 1738 2028 Solem
1758 2000 1890 2027 insuetum
1907 2001 2008 2028 lumina
2022 2004 2201 2032 reformidant

1149 2042 1229 2070 Ouid.
1243 2051 1274 2068 ex
1288 2043 1363 2069 Pont.
1379 2050 1401 2075 3,
1415 2051 1436 2073 4,
1451 2049 1495 2073 49.
1569 2037 1688 2064 Taetum
1704 2035 1824 2073 membra
1836 2035 1921 2062 saucia
1935 2037 2112 2065 reformidant
2126 2040 2202 2067 Idem

1150 2078 1217 2105 ibid.
1233 2088 1255 2110 γ,
1272 2087 1303 2110 13.
1378 2075 1512 2109 (Quineiil.
1531 2083 1559 2107 4,
1578 2080 1600 2104 ς,
1616 2082 1627 2102 5
1666 2069 1835 2097 Reformidat
1857 2079 1911 2097 non
1931 2072 2027 2105 aliter,
2053 2083 2131 2108 quam
2152 2076 2201 2110 qui

1859 2106 1980 2142 Tempus
1994 2108 2061 2135 illud
2075 2119 2148 2137 mens
2160 2120 2202 2138 re.

1151 2148 1280 2174 formidat
1299 2146 1381 2172 Ouid.
1398 2144 1484 2170 Trist.
1505 2152 1526 2174 3,
1546 2145 1572 2176 6,
1591 2150 1630 2174 29.
1712 2142 1813 2168 Vulnus
1832 2140 1927 2169 humus
1948 2143 2105 2173 reformidat
2127 2147 2201 2175 Idem

1151 2182 1217 2208 Fast.
1232 2190 1251 2212 1,
1263 2183 1325 2206 666.
1396 2178 1590 2213 Speculatorem
1609 2176 1767 2203 reformidat
1786 2175 1924 2211 diligentia
1946 2188 2004 2206 mea
2025 2181 2081 2208 Cic,
2095 2182 2158 2209 Diu,
2172 2183 2202 2210 in

1150 2215 1250 2242 Caecil.
1265 2224 1288 2247 51
1302 2224 1323 2240 c.
1338 2216 1374 2241 16.
1393 2217 1412 2240 i.
1431 2217 1469 2240 ita
1485 2212 1594 2248 diligens
1603 2211 1676 2246 fian,
1696 2217 1726 2238 vt
1746 2211 1900 2247 speculatore
1913 2214 1976 2241 mihi
1994 2225 2042 2243 non
2055 2216 2093 2251 fi!
2105 2226 2165 2254 opus
2177 2225 2202 2246 et

1149 2249 1297 2287 ergodiofle.
1484 2244 1506 2284 q
1534 2255 1550 2272 2
1587 2246 1757 2273 Reformidat
1777 2246 1888 2274 biennio
1908 2249 1996 2284 planta
2015 2251 2130 2287 depofita
2148 2255 2201 2282 Co·

82 2295 100 2314 R
111 2294 150 2314 FF
161 2294 233 2316 LAG
246 2288 330 2319 i'ro,
354 2294 407 2315 Ere.
442 2288 594 2321 [ἄναιτίζω]
631 2289 722 2312 lin-um
735 2286 777 2320 fla
796 2288 868 2310 itare.
905 2284 1001 2310 Catull.
1014 2293 1055 2316 43,
1070 2286 1128 2312 660
1149 2285 1238 2312 lumel.
1253 2294 1276 2316 4,
1291 2291 1325 2315 33,
1341 2291 1368 2316 4.
1389 2285 1408 2309 ι’.
1429 2283 1556 2309 translata
1575 2291 1623 2307 non
1642 2282 1757 2317 coalescit
1776 2290 1800 2309 et
1819 2285 2018 2320 comprehendit,
2037 2296 2102 2316 certe
2119 2293 2201 2317 incre-

45 2324 232 2357 Pei-sequamur
251 2333 308 2351 cam
318 2344 326 2356 ‚
343 2331 369 2350 et
388 2324 574 2357 reflagitemus.
620 2322 651 2347 Et
665 2320 772 2346 Circum
787 2320 854 2346 istite
867 2328 924 2345 eam
943 2325 969 2345 et
983 2318 1086 2352 reflagi-

43 2367 97 2386 tate
114 2359 178 2386 ibid.
194 2369 218 2386 v.
234 2369 270 2385 10.

81 2401 260 2424 REFMCTO,
274 2393 315 2422 xi,
328 2399 406 2420 xum,
420 2392 472 2416 ere.
493 2389 688 2424 [οἶνοικαέμςτω]
708 2386 901 2423 RetrofleHere.
925 2387 992 2413 Plin.
1007 2395 1039 2418 11,
1054 2393 1086 2419 50

44 2431 148 2457 Car-uin
164 2430 304 2460 degeneres
319 2426 423 2453 caudam
435 2425 482 2451 sub
492 2424 581 2451 aluum
589 2424 738 2450 reiieaunt.
775 2424 866 2449 Aciem
881 2423 1018 2449 reflectere
1027 2422 1084 2449 Sen.

46 2467 128 2491 Herc.
144 2464 195 2489 sur.
210 2463 227 2489 s.
242 2467 264 2492 8.
288 2465 363 2487 aciem
375 2461 495 2486 oculorum
512 2460 640 2494 ''vitelligin

46 2500 106 2525 tuli·
121 2507 159 2532 43,
175 2507 210 2524 10.
261 2495 359 2522 Cei-uix
368 2495 465 2521 reflexa
474 2493 510 2520 est
517 2493 660 2527 Scrib.2,·5.
712 2493 790 2520 Colla
798 2494 892 2520 mollia
905 2495 930 2520 ei
944 2494 1086 2520 reflthunt

48 2535 124 2568 Virg.
134 2535 197 2559 Aen.
213 2539 243 2562 11,
257 2533 316 2556 622.
359 2529 456 2556 Oculos
468 2528 605 2556 reflectere
618 2529 699 2556 Ouid.
716 2530 780 2556 Met.
792 2537 820 2564 7,
833 2538 891 2563 342.
930 2530 1023 2556 Pedem
1046 2539 1085 2556 re-

46 2569 120 2596 flexit
134 2566 194 2594 inde
211 2566 306 2594 Catull.
320 2565 418 2599 Argon.
438 2567 480 2597 62,
500 2573 548 2592 112.
621 2565 698 2591 Visus
719 2566 854 2593 reticebere
875 2565 963 2592 Valer.
983 2567 1085 2600 Argon.

45 2614 67 2635 5,
85 2612 146 2637 454.
217 2602 280 2629 Auis
300 2601 446 2628 refleeiitur
464 2601 492 2627 in
512 2601 606 2635 longos
625 2610 726 2635 vngues
743 2601 826 2628 Ouid.
846 2602 912 2628 Met.
935 2609 958 2635 ς,
975 2609 1031 2634 547.
1057 2601 1086 2628 de

44 2638 183 2676 Ascalapho
202 2641 229 2664 in
249 2637 360 2664 bubonem
378 2636 456 2671 uersi).

47 2686 70 2703 e.
89 2678 116 2702 16
146 2675 213 2701 Fero
233 2681 282 2708 ego
302 2679 343 2704 te,
360 2673 502 2705 Torquate
515 2691 523 2705 ,
543 2673 596 2700 iam
616 2672 729 2704 dudum,
744 2672 816 2700 fero:
852 2679 879 2700 et
896 2682 1087 2708 nonnunquam

47 2711 173 2739 Animum
188 2709 323 2736 incitatum
337 2708 368 2735 ad
386 2708 558 2739 vlciscendam
571 2709 721 2736 orationem
735 2715 808 2736 tuam
825 2718 925 2737 reuoco
938 2710 993 2744 ipse
1007 2714 1033 2736 ct
1046 2708 1087 2736 re-'

48 2746 137 2773 flecto.
205 2744 360 2778 Reprimere
379 2750 457 2779 atque
475 2744 612 2771 reflectere
626 2745 694 2771 Ter.
711 2744 784 2772 Adel.
806 2754 827 2777 3,
847 2754 872 2778 2,
886 2754 911 2778 9.
983 2745 1039 2773 Cic.
1054 2745 1087 2771 de

49 2784 123 2809 Orat.
138 2789 158 2813 1,
172 2787 207 2814 53v
229 2781 305 2813 Qae
321 2779 368 2806 nisi
384 2779 430 2814 qui
449 2786 553 2807 naturas
567 2781 722 2813 hominum,
740 2781 850 2815 vimque
870 2789 977 2808 omnem
995 2781 1086 2808 huma-

681 2459 766 2491 Caput
780 2459 876 2484 leuiter
890 2458 1027 2484 refleohtns
1037 2459 1086 2484 Ca-
1098 2469 1116 2495 5

1146 2326 1229 2345 menta
1250 2328 1297 2344 non
1317 2321 1394 2353 capit.
1432 2318 1473 2345 Sic
1494 2321 1567 2344 etiam
1580 2327 1606 2351 4,
1619 2325 1645 2350 9,
1658 2326 1676 2344 1.
1696 2324 1720 2345 et
1734 2326 1819 2352 24,13.
1840 2319 1878 2346 Id.
1888 2321 1995 2349 Colum.
2005 2334 2033 2358 4,
2043 2332 2074 2356 11,
2090 2334 2100 2352 1
2126 2326 2201 2354 Nam

1148 2354 1221 2381 illam
1242 2360 1360 2380 veterem
1381 2352 1538 2387 opinionem
1559 2353 1695 2380 damnauit
1716 2355 1791 2387 rsus,
1819 2364 1874 2382 non
1893 2358 1941 2384 ess‘e
1961 2359 2035 2386 ferro
2055 2362 2200 2397 tangendos

1146 2389 1282 2416 anniculos
1302 2389 1455 2420 malleolos,
1478 2389 1551 2423 quod
1567 2389 1651 2415 aciem
1670 2389 1848 2418 reformident
1862 2398 1907 2420 etc.
1945 2395 2027 2422 Etiam
2044 2397 2087 2424 hit:
2100 2401 2202 2434 primae

1146 2426 1268 2452 editiones
1274 2423 1426 2460 simpliciter
1440 2434 1499 2452 cum
1514 2424 1703 2452 reformident.

1182 2468 1201 2488 R
1212 2468 1227 2488 Ε
1236 2468 1252 2487 r
1264 2466 1284 2487 ο
1296 2468 1315 2488 R
1324 2468 1347 2487 ai
1358 2469 1366 2487 1
1378 2467 1395 2487 D
1406 2468 1428 2488 A
1437 2467 1458 2487 T
1468 2468 1476 2487 1
1488 2467 1508 2488 ο
1518 2481 1527 2494 ,
1549 2461 1615 2488 onis.
1637 2461 1656 2488 f.
1694 2461 1862 2498 [ὖπόπτηξιε]
1900 2465 1955 2494 Cic.
1972 2467 2000 2494 in
2014 2468 2104 2496 Pax-tit.
2117 2478 2140 2496 11
2152 2479 2202 2506 c.4

1147 2498 1178 2525 [n
1190 2497 1306 2524 suafione
1321 2502 1409 2524 autem
1423 2502 1469 2523 aut
1483 2497 1553 2532 spem
1563 2518 1571 2530 ‚
1584 2503 1627 2523 aut
1641 2497 1892 2527 reformidationem
1906 2501 2086 2532 deliberantis.

1186 2539 1207 2560 R
1218 2540 1234 2559 E
1244 2540 1287 2559 FO
1298 2539 1316 2558 R
1326 2539 1378 2559 ΜΟ
1394 2552 1402 2565 ,
1422 2536 1475 2559 Ere.
1513 2533 1694 2566 [ἆναπ7.ιίττυ,
1709 2533 1854 2570 α’νσιτυπόω]
1893 2538 1924 2564 In
1941 2542 2052 2574 priorem
2067 2542 2108 2568 uel
2118 2543 2201 2569 melio-

1146 2579 1198 2596 rem
1212 2569 1326 2604 formam
1345 2568 1466 2604 redigere.
1504 2569 1552 2595 Sed
1573 2569 1635 2596 dum
1652 2569 1796 2596 resolubile
1815 2580 1910 2607 corpus
1923 2583 2048 2609 reuocas,
2062 2576 2149 2610 Deus,
2162 2582 2202 2604 at-

1148 2613 1201 2640 que
1213 2605 1342 2631 reformas
1356 2604 1479 2632 Prudent.
1495 2605 1593 2637 Hymn.
1609 2604 1641 2632 ad
1654 2605 1745 2640 Exseq.
1760 2616 1786 2633 v.
1801 2610 1851 2640 156.
1911 2610 1977 2637 Plin.
1991 2611 2018 2637 in
2033 2613 2126 2648 Paneg.
2142 2622 2163 2640 c.
2175 2621 2201 2646 53

535 2638 582 2664 Per
601 2639 790 2664 tramlationem
821 2638 879 2664 Cic.
900 2646 949 2672 pro
968 2638 1031 2664 Suu.
1050 2639 1128 2681 4670
1148 2641 1185 2667 Vt
1200 2640 1344 2673 ostendam,
1352 2649 1432 2676 quam
1445 2641 1523 2675 longa
1538 2641 1727 2669 consuetudine
1740 2650 1879 2678 corruptos
1894 2644 2201 2684 deprauatosquemores

1148 2677 1310 2711 principatus
1329 2685 1422 2711 parens
1440 2677 1529 2703 noster
1547 2677 1678 2704 reformet
1699 2683 1725 2704 et
1740 2679 1865 2714 corrigat.
1928 2682 2009 2710 Ouid.
2024 2685 2089 2712 Met.
2106 2694 2137 2716 11,
2150 2693 2201 2718 254

1148 2712 1197 2739 Sed
1213 2722 1318 2748 preme,
1331 2712 1462 2748 quidquid
1478 2713 1545 2745 erit,
1559 2713 1633 2746 dum,
1648 2713 1720 2748 quod
1735 2714 1787 2741 fuit
1799 2723 1875 2749 ante,
1891 2718 2034 2746 reformet.
2056 2723 2074 2747 i.
2094 2720 2150 2747 dum
2161 2730 2200 2748 re-

1141 2748 1227 2785 sumat
1239 2749 1355 2784 formam
1364 2751 1491 2784 priorem:
1515 2748 1641 2783 confilium
1655 2751 1724 2776 Peleo
1737 2750 1822 2777 datum
1834 2752 1862 2778 de
1881 2753 1994 2781 Thetide.
2065 2756 2200 2791 anfifil.

1149 2793 1185 2817 12,
1200 2787 1215 2811 6
1240 2784 1267 2810 de
1282 2785 1412 2817 Cicerone,
1432 2785 1488 2816 Qi
1508 2790 1595 2811 tamen
1616 2785 1764 2820 Apollonio
1778 2787 1992 2822 Moloni,quem
2012 2791 2113 2818 Romae
2134 2800 2201 2827 quo.

48 2817 153 2849 nimus,
171 2817 307 2849 causasque
320 2815 371 2848 ea's,
385 2815 482 2850 quibus
500 2821 598 2842 mentes
619 2822 663 2843 aut
686 2816 830 2843 incitantur
844 2823 888 2844 aut
904 2816 1087 2848 refleo’tuntun
1099 2832 1131 2860 75
1148 2829 1200 2882 que
1220 2820 1357 2853 audierat,
1377 2819 1467 2847 Rhodi
1485 2821 1575 2847 rursus
1595 2821 1796 2849 reformandum
1815 2832 1844 2849 ac
1864 2824 1937 2852 velut
1956 2827 2152 2861 recoquendum
2173 2828 2199 2854 se

51 2854 154 2888 penitus
168 2851 345 2887 perspexerit,
365 2851 477 2878 dicendo
491 2851 563 2887 quod
576 2853 664 2884 volet,
684 2851 809 2887 perficere
824 2862 878 2879 non
896 2854 1003 2887 poterit.
1042 2853 1089 2881 Sed

47 2890 107 2917 Nec
128 2889 200 2923 prius
225 2888 338 2914 amiffam
361 2887 477 2923 respexi,
502 2887 679 2922 Animumque
704 2888 812 2920 reflexi,
835 2891 991 2925 iscogitaui,
1011 2889 1086 2924 Virg.

50 2927 114 2953 Aen.
134 2933 158 2955 2,
177 2930 234 2958 741.

86 2965 300 2992 martinvs,
321 2967 350 2990 a,
368 2967 422 2986 um.
450 2959 542 2986 Partic.

11 3022 16 3032 ,
53 3004 86 3022 xa
103 2996 164 3023 Stat.
176 2994 270 3021 Achill.
285 3003 303 3026 1,
316 3000 366 3027 382.

54 3033 90 3062 16,
105 3039 145 3064 54.
215 3030 349 3057 Reflexum
364 3037 387 3056 et
401 3030 527 3064 Rectum,
541 3033 669 3058 contraria
683 3031 748 3058 Plin.
764 3040 796 3065 11,
810 3039 851 3067 37.

52 3070 172 3093 rationem
183 3065 240 3101 usus
253 3064 284 3098 est
305 3066 407 3093 Lucret.
420 3075 448 3099 4,
462 3075 519 3101 444
674 3084 677 3087 -

158 3101 230 3127 Nam
249 3109 414 3163 quaet-ungue
435 3103 509 3137 supra
529 3109 618 3128 rorem
639 3101 699 3128 salis
718 3101 787 3129 edita
804 3111 862 3137 pars
883 3102 920 3130 est

160 3136 319 3167 Remorum,
335 3145 362 3163 re
390 3146 404 3163 a
423 3138 475 3170 est,
495 3143 521 3164 et
539 3137 610 3164 reeta
631 3138 740 3172 superne
758 3137 892 3173 guberna:

162 3172 241 3209 Qiae.
257 3170 369 3199 demersa
388 3172 492 3208 liquore
510 3172 622 3205 obeunt,
643 3173 756 3200 rcfrafla
778 3173 905 3201 videntur

161 3207 261 3233 Omma
275 3208 407 3241 conuerti,
427 3209 579 3243 sursumque
599 3208 690 3244 supina
706 3210 820 3236 reuerti:

162 3243 195 3268 Et
214 3241 310 3268 reflexa
327 3251 405 3278 prope
423 3245 451 3271 in
470 3245 572 3271 summo
594 3245 695 3272 fluitare
714 3245 828 3280 liquore.

86 3285 133 3340 usn
143 3284 187 3319 F'L
199 3284 215 3304 E
226 3284 261 3303 xi
271 3284 308 3310 ο,
324 3279 390 3306 onis.
408 3279 428 3306 f.
465 3280 541 3315 Apul.
555 3279 586 3307 de
601 3280 696 3315 Syllog.
719 3282 809 3317 Categ.
830 3281 859 3309 in
881 3280 1003 3308 doeirina
1019 3280 1089 3307 Con-

51 3322 188 3344 νει-101115.

579 2958 790 2995 [ἀνακαμφθεὶς]
831 2961 882 2994 Vc,
901 2960 1001 2987 Ceruix
1013 2960 1090 2987 refle-

922 3031 966 3059 Ad
982 3034 1089 3068 apricam

91 3358 111 3377 R
122 3357 136 3376 ε
146 3355 238 3376 unx
249 3355 259 3374 1
270 3355 304 3375 M.
341 3347 408 3376 Adu.
446 3350 505 3378 Vice
520 3351 599 3389 verfiz.
636 3351 714 3386 Apul.
746 3351 780 3379 de
806 3352 867 3386 Syll.
894 3342 1017 3386 Categor.
1044 3358 1089 3378 etc.
1100 3367 1136 3393 90

52 3386 183 3414 Retiexiin
197 3385 306 3411 inferre.

52 3459 70 3485 fl
90 3428 134 3448 RE
145 3427 162 3447 F
173 3414 314 3464 LEvas,
341 3418 379 3446 sis.
407 3428 444 3447 m.
478 3422 554 3457 Apul.
568 3422 668 3450 Florid.
680 3432 690 3451 1
707 3433 733 3459 p.
749 3432 796 3458 ²4²
825 3425 910 3460 Prope
929 3423 1030 3451 Oceani
1049 3432 1092 3451 re-

73 3466 144 3484 exus.

90 3498 215 3520 RrrLo
229 3511 238 3524 ,
264 3494 317 3518 are.
354 3490 504 3526 [dn-mim]
538 3493 629 3521 Contra
641 3493 751 3531 spirare.
787 3496 844 3522 Cic.
863 3495 916 3522 Off.
940 3504 962 3528 2,
983 3504 1011 3527 19
1031 3504 1052 3521 c.
1074 3496 1092 3522 6

437 2994 539 3021 Telum
551 2996 677 3022 reflexum
692 2995 795 3023 rorabat
809 2995 924 3030 obliquo
942 2996 1026 3022 Marte
1041 2995 1087 3022 Sil.
1099 3008 1132 3036 30
1150 2999 1174 3036 9”,
1191 3001 1205 3025 6
1220 2999 1252 3025 de
1266 2999 1334 3034 past.

1169 2856 1232 2882 edit.
1269 2857 1373 2892 Legitur
1387 2856 1444 2883 fere
1452 2856 1551 2883 Rursus
1566 2857 1748 2885 formandum.
1805 2859 1904 2886 Rursus
1918 2861 1945 2887 in
1964 2862 2042 2890 facies
2057 2862 2200 2890 hominum

1149 2892 1298 2919 reformare
1310 2892 1387 2927 Apul.
1401 2893 1465 2919 Met.
1483 2901 1495 2925 3
1514 2902 1539 2928 p.
1555 2901 1595 2926 93,
1612 2900 1637 2926 ις
1657 2894 1725 2920 Flor.
1765 2894 1833 2922 Add.
1853 2904 1878 2929 p.
1894 2906 1937 2930 90,
1952 2900 1977 2924 6.
2050 2898 2138 2926 Senec.
2153 2900 2200 2934 Ep.

1149 2936 1186 2962 94
1205 2928 1307 2954 Deinde
1326 2927 1435 2955 iubetur
1451 2928 1555 2956 imitari
1577 2929 1724 2963 propofita,
1739 2936 1765 2956 et
1788 2930 1820 2957 ad
1842 2930 1888 2957 illa
1902 2933 2050 2960 reformare
2065 2934 2201 2970 chirogra-

1150 2963 1242 2998 phum.
1313 2964 1340 2990 Si
1357 2964 1419 2991 tolli
1438 2969 1494 2991 tota
1508 2974 1548 2991 res
1569 2965 1667 3000 potest,
1681 2974 1728 2992 cur
1745 2975 1800 2992 non
1811 2971 1838 2993 et
1852 2968 2012 2996 reformari?
2028 2971 2133 3006 leian.
2148 2971 2167 2997 l.
2181 2978 2200 3008 7

1406 3000 1652 3035 Hermogenianus‚
1671 3001 1702 3028 de
1720 3001 1870 3036 publicanis
1883 3011 1909 3031 et
1928 3005 2104 3040 vectigalibus
2118 3006 2135 3032 l.
2149 3007 2201 3032 Ve-

1150 3035 1274 3069 &igalia,
1294 3034 1442 3070 Vectigalia
1462 3036 1514 3062 sine
1533 3036 1726 3071 imperatorum
1739 3045 1895 3074 praecepto,
1914 3049 2000 3074 neque
2012 3041 2139 3075 praesidi,
2156 3051 2202 3068 ne-

1151 3079 1203 3106 que
1217 3072 1351 3103 curatori,
1373 3080 1458 3106 neque
1473 3072 1562 3099 curiae
1576 3072 1736 3100 constituere
1746 3093 1754 3105 ,
1774 3082 1861 3109 neque
1875 3075 2057 3110 praecedentia
2070 3077 2200 3106 reforma-

1152 3116 1198 3140 re,
1215 3113 1240 3133 et
1255 3106 1295 3133 his
1317 3107 1359 3133 vel
1375 3107 1471 3134 addere
1484 3108 1526 3134 vel
1545 3107 1695 3136 diminuere
1713 3108 1782 3135 licet.

1185 3147 1205 3168 R
1215 3149 1311 3170 eron
1320 3150 1344 3169 M
1356 3144 1474 3174 STvs,
1495 3152 1526 3178 a,
1543 3153 1598 3171 um.
1640 3144 1734 3172 Partic.
1771 3144 1853 3172 Ouid.
1869 3147 1934 3174 Met.
1956 3156 1983 3182 9,
1996 3157 2043 3182 399
2074 3148 2145 3182 Ora,
2159 3157 2200 3176 re-

1101 3189 1131 3219 83
1149 3178 1279 3205 formatus
1299 3179 1400 3213 primos
1412 3179 1500 3205 Iolaus
1520 3179 1548 3206 in
1561 3189 1652 3207 annos.

1186 3220 1425 3241 REFORMATI
1436 3221 1470 3247 ο,
1491 3216 1558 3242 onis.
1580 3215 1601 3242 f.
1637 3216 1716 3251 Apul.
1729 3216 1795 3244 Met.
1806 3225 1819 3249 3
1834 3226 1860 3252 p.
1874 3226 1915 3251 95,
1930 3224 1944 3248 8
1966 3219 2061 3246 florid.
2083 3219 2201 3249 Facilior

1149 3249 1228 3276 huius
1247 3250 1448 3277 reformationis
1464 3251 1566 3278 medela
1587 3252 1743 3286 suppeditat.

1186 3293 1206 3312 R
1215 3293 1232 3313 E
1242 3292 1259 3312 r
1271 3293 1290 3312 0
1300 3293 1318 3312 R
1327 3288 1384 3314 111.ιί
1397 3292 1418 3313 Τ
1429 3292 1450 3312 v
1459 3293 1472 3314 s
1481 3306 1491 3319 ,
1510 3286 1548 3314 us.
1572 3296 1608 3314 ιιι.
1645 3287 1765 3315 Tertull.
1778 3287 1838 3315 adu.
1852 3288 1957 3316 Valent.
1972 3298 1992 3316 c.
2010 3298 2034 3323 ¹3
2060 3290 2202 3320 Tutelarie

1149 3321 1319 3349 reformatus.

1188 3363 1208 3383 R
1220 3364 1260 3384 rr
1270 3365 1288 3383 0
1301 3363 1320 3384 R
1333 3363 1358 3384 M
1369 3359 1447 3385 ,a‘To
1459 3363 1479 3385 R
1491 3378 1498 3390 ,
1523 3359 1587 3386 oris.
1624 3368 1661 3385 m.
1698 3358 1878 3392 [αἰγαπλέςης]
1914 3359 1979 3386 Ptin.
2006 3360 2086 3395 Epist.
2116 3367 2145 3395 8,
2172 3371 2200 3390 η

1149 3393 1268 3428 Ipsarum
1282 3394 1397 3428 denique
1412 3393 1551 3421 literarum
1569 3395 1622 3421 iam
1636 3395 1825 3421 senescentium
1839 3393 1967 3424 reducior
1985 3405 2014 3423 ac
2029 3397 2200 3426 reformator.

1186 3435 1206 3455 R
1216 3435 1232 3455 Γ,
1242 3435 1259 3455 F
1271 3436 1289 3456 Ο
1299 3436 1318 3455 R
1328 3436 1350 3455 M
1360 3437 1382 3456 Α
1392 3435 1453 3456 1311.
1465 3437 1473 3455 1
1483 3436 1496 3456 S
1504 3450 1513 3462 ,
1533 3439 1555 3457 e.
1577 3429 1637 3457 Adi.
1681 3430 1751 3456 Vnde
1765 3429 1982 3458 irreformabilis.

1187 3471 1231 3491 RE
1244 3470 1259 3491 r
1271 3471 1381 3491 ORMA
1394 3466 1582 3497 ‘1·R1x,icis.
1609 3466 1628 3492 s.
1667 3465 1743 3492 Idem.
1778 3466 1833 3491 ICt.
1848 3465 1876 3491 in
1889 3466 1950 3502 Dig.

1185 3507 1231 3527 RE
1243 3506 1258 3526 F
1270 3500 1288 3527 ὁ
1298 3507 1344 3527 VE
1354 3506 1375 3527 0
1391 3521 1399 3533 ‚
1420 3502 1479 3528 foui
1493 3521 1500 3533 ,
1523 3502 1627 3532 fotum,
1655 3505 1707 3528 ere.
1751 3500 1927 3537 [οἰνωθοὲλπω]
1965 3503 2074 3540 Rursum
2097 3504 2198 3540 fouere,

55 3528 127 3554 Nam
141 3533 166 3553 et
180 3535 261 3562 quum
275 3527 401 3562 prospero
416 3526 478 3552 flatu
490 3527 546 3554 eius
553 3530 668 3563 vtimur‚
689 3530 720 3557 ad
734 3531 819 3557 exitus
833 3531 1005 3566 peruehimur
1018 3537 1091 3570 opta·
1101 3541 1134 3568 95
1143 3534 1200 3569 fiue
1218 3539 1326 3563 nutrire.
1363 3537 1497 3563 Columel.
1512 3546 1535 3570 2,
1550 3545 1559 3563 1
1590 3537 1664 3563 Licet
1685 3537 1757 3563 enim
1771 3536 1900 3564 maiorem
1919 3538 2037 3566 fr116ium
2051 3541 2197 3574 percipere,

56 3568 113 3589 tos:
146 3569 171 3588 ct
192 3571 272 3595 quum
291 3562 395 3603 resiauit
407 3582 415 3593 ‚
430 3562 577 3595 affligimur.
629 3565 701 3593 Idem
714 3568 767 3593 Att.
787 3569 812 3599 6,
826 3570 843 3593 6
879 3566 943 3594 Inde
957 3576 1089 3601 quampri-

56 3607 129 3624 mum
144 3597 271 3630 Athenas,
291 3599 336 3624 etti
353 3597 450 3624 Etesiae
465 3597 540 3624 valde
553 3601 678 3629 reflarint.
748 3603 846 3629 Amicis
864 3603 941 3629 folles
956 3612 1005 3637 pro
1018 3611 1088 3628 accu-

56 3633 120 3660 bitis
134 3632 275 3664 sternebat,
293 3642 390 3667 eosque
411 3633 519 3659 reflabat
538 3636 720 3668 prandentibus
739 3638 808 3670 illis,
828 3639 865 3665 ita
882 3645 911 3664 vt
931 3638 1098 3672 plerumque

56 3667 143 3695 subito
156 3668 201 3696 sub
215 3668 307 3695 menfis
319 3669 503 3695 inuenirentur
522 3669 668 3703 prandentes
682 3674 815 3708 Lamprid.
828 3674 856 3700 in
870 3674 1011 3708 Heliogab.
1026 3684 1046 3700 c.
1061 3680 1088 3706 23

57 3703 100 3729 vbi
119 3713 161 3729 con
179 3724 185 3729 .
198 3703 301 3730 Salmas.
401 3735 418 3739 ..

56 3737 164 3773 spiranti
183 3747 211 3765 us
225 3742 269 3766 aer
304 3739 488 3777 Verberat-‚hic
504 3739 574 3766 idem
589 3749 668 3774 quum
682 3744 803 3778 ducitur,
816 3752 894 3780 atque
907 3746 1024 3772 reflatur-

95 3778 142 3814 ΚΕ
151 3780 166 3800 F
175 3781 221 3814 1332.
230 3782 248 3799 N
259 3782 271 3802 s
280 3795 289 3807 ,
308 3776 383 3803 antis.
419 3777 511 3803 Partic.
549 3776 605 3802 Cic.
619 3777 697 3805 Ture.
711 3789 730 3813 1,
744 3789 785 3813 119
798 3790 820 3806 c.
830 3790 866 3813 49
890 3780 917 3807 Si
930 3781 1085 3808 reflantibus

54 3815 142 3836 ventis
155 3810 299 3850 relicimur.
369 3811 545 3838 Medicamina
559 3812 678 3840 restantia
695 3816 765 3842 Cael.
782 3817 845 3842 Aur.
860 3816 944 3843 Tard.
959 3825 980 3849 3,
994 3823 1016 3847 8.

92 3851 110 3870 R
120 3851 136 3871 E
147 3850 163 3869 r
174 3850 190 3870 L
199 3851 246 3871 AT
256 3852 276 3869 v
285 3853 298 3873 s
307 3866 316 3879 ‚
340 3855 370 3880 a,
397 3856 452 3874 u..-
482 3847 574 3874 Panic.
617 3848 667 3882 Vt,
678 3849 776 3881 Ressata
787 3851 922 3880 succositas
933 3852 1006 3879 Cael.
1021 3852 1086 3877 Aur.

54 3880 130 3908 Acut.
144 3888 168 3914 2,
181 3887 222 3915 29,
236 3888 282 3914 151.
301 3885 320 3908 i.
339 3882 473 3919 exficcata,
491 3889 633 3921 exaperata.
831 3900 834 3903 ·

372 3704 462 3736 Pallia.
482 3705 586 3730 Lucret.
601 3713 626 3739 9,
637 3711 684 3740 936
709 3709 868 3736 Interiorem
886 3710 966 3736 etiam
985 3716 1086 3745 partem
1094 3721 1138 3740 100
1149 3713 1217 3741 Plin.
1230 3720 1253 3748 8,
1267 3723 1307 3749 37.

1150 3571 1168 3597 fi
1187 3572 1337 3607 frequenti,
1357 3578 1382 3598 et
1396 3573 1551 3606 tempestiua
1572 3578 1597 3598 et
1616 3572 1721 3598 modica
1741 3572 1930 3600 stercoratione
1949 3580 2018 3602 terra
2032 3576 2196 3602 refoueatur.

1151 3607 1229 3634 Artus
1243 3608 1349 3635 refouet
1368 3608 1551 3643 complexibus
1572 3608 1668 3634 Lucan.
1683 3613 1707 3639 8,
1720 3609 1763 3640 67.
1834 3609 1938 3642 Corpus
1958 3611 2136 3642 resonentque
2155 3610 2196 3638 fo-

1148 3649 1267 3677 ventque
1291 3643 1372 3670 Ouid.
1394 3645 1460 3670 Met.
1482 3649 1505 3676 8,
1526 3645 1579 3676 536.
1652 3641 1838 3670 Lassitudinem
1859 3643 1961 3676 poculis
1985 3644 2062 3678 Apul.
2083 3644 2149 3671 Met.
2170 3655 2196 3673 2.

1147 3678 1270 3706 Membra
1285 3680 1410 3706 refouere
1423 3679 1513 3715 quiete
1533 3678 1581 3705 Sil.
1595 3685 1615 3709 3,
1628 3679 1686 3711 637.

1359 3715 1434 3741 Vites
1448 3715 1579 3741 absumtas
1592 3713 1715 3739 refouere
1731 3711 1846 3738 stercore
1861 3713 1992 3740 Columel.
2007 3723 2032 3746 2,
2049 3724 2085 3748 14.

1147 3757 1189 3776 ree
1202 3750 1245 3776 dat
1259 3750 1419 3785 resonetque
1433 3750 1495 3776 deus
1507 3751 1568 3776 Stat.
1584 3747 1678 3774 Theb.
1692 3750 1719 3779 6,
1731 3756 1782 3780 521.

1148 3793 1176 3819 2,
1195 3793 1240 3817 113,
1255 3795 1280 3812 2.
1355 3789 1402 3813 Per
1413 3787 1604 3812 trmzslan'onem
1620 3784 1685 3806 Ptin.
1699 3782 1727 3806 in
1744 3783 1837 3816 Paneg.
1851 3786 1885 3815 69
1904 3784 1930 3810 Si
1944 3785 2009 3819 quid
2023 3787 2197 3821 vsquamstir-

1149 3820 1189 3852 pis
1208 3822 1346 3850 antiquae,
1362 3822 1378 3844 si
1394 3821 1459 3850 qnid
1478 3817 1596 3842 fffidlffle
1615 3815 1757 3848 Clarssaffi,
1779 3817 1829 3844 hoc
1839 3820 2023 3853 amplexatur,
2040 3829 2066 3848 et
2081 3824 2196 3857 resonet,

1148 3857 1175 3878 et
1187 3852 1215 3878 in
1228 3852 1426 3887 vsumReipub.
1440 3852 1548 3886 promit.
1603 3850 1671 3878 Ibid.
1686 3858 1710 3882 18
1727 3853 1815 3886 Quam
1828 3855 1973 3888 speciosum
1987 3857 2023 3883 est
2035 3858 2196 3893 enim,quod

1759 3676 1859 3703 Oculos
1878 3677 2006 3712 inungere
2024 3687 2055 3705 ac
2074 3681 2198 3708 refouere

2149 3717 2196 3742 Vi-

1854 3748 1930 3775 Vires
1944 3758 1975 3775 ex
1992 3750 2088 3777 itinere
2100 3752 2197 3779 Vellei.

1091 3894 1138 3924 ιος
1148 3886 1317 3923 disciplinam
1329 3888 1481 3916 castrorum
1501 3887 1598 3922 lapsam
1609 3887 1817 3924 exstinetamque
1836 3890 1977 3926 refouisti,
1996 3893 2104 3929 depulso
2123 3894 2195 3928 prio-

1341 3924 1360 3953 1²
1387 3932 1403 3950 2
2157 3930 2195 3958 ria
