2434 4156
286 126 345 167 315
651 107 679 149 S
787 108 822 148 C
930 109 967 146 A
1756 97 1782 137 S
1888 98 1923 138 C
2034 100 2075 140 A
2358 114 2376 151 3

286 202 343 229 bus,
357 202 382 223 et
393 194 503 230 gallinae
515 195 635 231 pedibus.
739 196 806 223 Plin.
820 205 850 229 9,
866 203 900 229 45
926 192 1070 220 Contadtos
1081 193 1161 227 pisces
1180 189 1327 224 attrituque
1386 187 1540 225 filiu5,quod
1551 198 1635 216 nomen
1650 191 1672 214 ci
1680 193 1753 224 pater
1761 184 1856 213 Heffor
1868 185 2091 223 impofi<erat‚t2ste
2100 187 2205 213 Homero
2218 186 2235 213 1.
2244 196 2260 221 5
2278 187 2374 220 Iliados,

305 241 373 260 etrae
391 232 529 267 scalpentes
547 233 695 266 pruritum,
710 231 822 258 inuadit.
929 230 1015 263 Caput
1034 229 1146 262 scalpere
1165 234 1220 252 vno
1240 225 1326 258 digito
1394 229 1484 252 caeteri
1492 224 1644 257 Astyanacta
1652 226 1739 250 uocari
1745 224 1894 253 maluerunt,
1907 223 1971 257 quod
1976 224 2046 258 solus
2053 222 2197 257 illiuspater
2204 222 2285 248 vrbem
2294 220 2382 250 tutare}

284 245 376 296 fuum.
391 268 442 294 Sat.
457 277 483 301 9,
499 276 547 300 133.
567 268 661 294 mollius
674 274 832 295 ornatorum,
849 268 892 301 qui
904 271 1031 295 metuunt,
1052 274 1087 289 me
1099 271 1179 289 comas
1192 264 1219 287 in
1233 260 1327 296 gradus
1428 268 1440 287 s
1450 267 1467 287 c
1480 268 1499 287 A
1510 267 1533 286 M
1544 267 1560 287 Β
1570 267 1590 286 ν
1600 266 1624 290 s,
1644 259 1662 285 i.
1700 268 1735 284 m.
1771 256 1922 291 [σκαμβός,
1941 258 2062 293 scaurus,
2082 259 2187 292 valgus,
2208 265 2318 288 curuus,
2339 265 2378 286 vat

283 310 307 329 et
319 306 448 330 cincinnos
452 302 567 336 struHas
575 302 709 340 scalpendo
724 301 831 328 turbent.
934 300 1052 326 Terram
1067 299 1179 332 scalpere
1192 295 1326 330 vnguibus
1389 296 1448 322 Vet.
1463 296 1559 329 Gloffi]
1596 297 1647 330 Qui
1659 304 1733 321 crura
1745 293 1880 328 deprauata
1893 292 1963 319 habet
1977 303 2106 329 curuoque.
2163 293 2232 319 Suet.
2246 293 2274 318 in
2287 292 2382 321 Othon.

284 340 352 366 Hor.
367 339 448 365 Serm.
462 348 482 372 ι,
496 345 519 371 8,
532 341 574 366 26.
667 336 784 370 Scalpere
795 335 885 361 morsu
905 335 1036 361 Columel.
1051 342 1077 368 7,
1093 342 1113 363 ς.
1230 332 1285 357 Cic.
1294 331 1326 357 de
1347 337 1362 363 5
1386 331 1434 357 vlt.
1472 331 1565 362 Fuisse,
1578 331 1679 364 inquit,
1691 329 1804 356 traditur
1817 334 1841 354 et
1853 327 1974 354 modicae
1985 329 2106 361 staturae,
2114 334 2140 355 et
2153 328 2221 355 male
2234 327 2339 361 pedatus
2347 330 2391 356 sca.

283 374 349 401 Nat.
365 374 444 401 Dcor.
457 384 477 405 2,
494 382 537 407 150
549 383 570 400 c.
585 375 620 399 60
645 373 738 405 Itaque
750 371 781 397 ad
795 369 966 405 pingendum,
982 369 1149 404 fingendum,
1168 366 1200 393 ad
1213 367 1326 401 scalpen-
1385 366 1497 400 busque.
1533 368 1612 401 Quam
1628 364 1755 391 leffiomm
1763 371 1826 400 prae
1839 365 1920 389 altera
1934 363 2073 399 caluusque
2085 370 2186 391 tuentur
2199 366 2252 389 viri
2263 362 2330 390 doeh·
2341 364 2394 392 αάιι

282 409 355 441 dum,
369 410 400 436 ad
414 418 559 436 neruorum
572 407 716 435 eliciendos
730 407 805 432 sonos
818 415 847 432 ac
860 405 1001 438 tibiarum,
1011 411 1070 439 apta
1083 412 1176 430 manus
1189 402 1224 429 est
1235 402 1326 428 admo·
1387 401 1494 428 Nonius
1509 410 1527 433 ι,
1544 411 1587 434 ¹09
1618 401 1759 427 Strabones
1778 401 1851 430 sunt,
1871 407 1936 432 quos
1949 399 2070 427 Scambos
2084 409 2152 427 nunc
2165 399 2287 426 dicimus.
2353 400 2381 432 M

282 445 356 472 tione
371 445 526 480 digitorum.
619 441 739 469 Phidiam
753 441 860 468 tradunt
873 441 995 476 scalpsisse
1008 447 1141 466 marmora
1168 438 1234 464 Plin.
1247 440 1288 470 36,
1301 447 1323 468 5.
1385 446 1436 463 cer.
1455 447 1480 471 p.
1496 444 1529 471 27
1549 436 1673 463 Strambi.

283 481 340 508 Cic.
357 481 434 507 Acad.
450 491 477 514 4,
494 488 540 505 ιοο
553 488 574 504 c.
589 486 612 510 3ι
646 478 710 504 Non
724 478 796 503 enim
810 477 846 502 est
857 485 871 502 e
883 478 945 503 saxo
958 477 1068 510 scalptus
1080 480 1125 501 aut
1138 483 1152 500 e
1164 474 1262 501 robore
1279 473 1325 500 do-
1421 479 1433 498 S
1443 479 1459 500 C
1468 480 1490 500 A
1500 478 1525 498 M
1535 479 1551 499 Β
1561 478 1580 498 Ο
1589 479 1602 499 s
1611 479 1631 498 V
1641 479 1664 504 S,
1678 481 1702 504 a,
1716 480 1770 498 um.
1788 469 1849 496 Adi.
1887 470 1976 503 Veget.
1991 470 2138 498 Mulomed.
2392 477 2407 498 ι.

283 516 350 543 latus
363 528 369 542 :
390 516 467 542 habet
480 522 583 547 corpus,
597 512 676 539 habet
689 513 816 543 animum,
829 519 953 539 mouetur
968 516 1063 538 mente.
1098 511 1180 536 Vetus
1194 509 1276 536 codex
1290 508 1325 534 le·
1342 519 1372 537 ιο
1419 514 1458 534 sc
1467 514 1521 534 AM
1531 515 1596 540 MA,
1615 508 1671 534 atis.
1713 516 1739 533 n.
1775 505 1913 539 [andrasum
1928 505 2040 538 Foss‘um,
2053 507 2132 533 Gloss‘.
2145 507 2190 533 Gr.
2204 505 2284 538 Lat.]
2317 504 2402 540 Spatia·v

281 553 321 587 git
342 552 458 585 Sculptus
475 561 480 576 ε
515 555 540 575 ct
563 548 596 575 fic
618 548 720 583 optima
741 548 911 582 exemplaria.
1006 547 1072 572 Hor.
1092 546 1180 572 Carm.
1201 554 1225 578 3,
1246 553 1278 576 ιι,
1292 553 1323 578 50
1384 542 1511 578 definitum
1524 546 1670 575 certamini,
1690 549 1713 568 et
1719 541 1790 578 f⁰ffi³
1802 541 2024 576 circumscriptum.
2079 542 2192 569 Hieron.
2207 540 2287 575 Epist.
2300 542 2338 571 61,
2350 547 2363 573 5
2382 542 2413 573 lo

281 589 295 614 Ι
308 587 421 614 secundo
458 585 571 617 Omine,
597 589 623 610 et
647 583 729 609 nostri
750 592 895 610 memorem
916 581 1034 615 sepulcro
1069 581 1157 616 Scalpe
1179 581 1322 615 querelam.
1386 578 1523 605 scammate
1540 579 1648 613 egredi,
1667 578 1703 604 est
1723 579 1742 604 E
1755 576 1891 612 proposito
1903 576 2034 611 diuagari.
2126 577 2201 613 Conf.
2218 575 2337 603 Ambros.
2349 571 2397 603 Ofll'

281 623 391 650 Infabre
411 621 551 654 scalptum,
570 625 615 645 aut
633 619 719 645 fusum
740 618 832 645 durius
852 620 919 645 Hor.
933 618 1013 644 Serm.
1028 625 1050 648 2,
1062 625 1084 649 3,
1097 625 1135 649 23.
1231 616 1322 650 Scalpo
1386 621 1406 644 ι,
1420 616 1457 640 16.
1494 621 1518 639 et
1547 614 1579 640 de
1608 614 1688 640 Helia
1722 619 1747 639 et
1770 614 1855 639 Ieiun.
1877 612 1960 638 Serm.
1978 621 1999 638 c.
2014 620 2046 644 ι3.
2152 614 2206 640 Pet.
2224 612 2301 638 Faber
2313 606 2412 650 Agonqniq

274 659 373 695 semper
397 656 526 683 dicendum
550 653 608 688 este,
628 664 676 680 non
699 654 808 689 Sculpo,
829 656 884 680 vult
904 652 1046 679 Diomedes
1066 661 1076 679 1
1096 662 1120 687 p.
1134 660 1184 687 374
1193 650 1250 687 pcst
1261 651 1323 678 med.
1384 647 1475 675 OH'au.
1491 650 1615 676 Falconcr.
1630 652 1657 675 in
1673 648 1805 684 Inscriptt.
1820 648 1917 675 Athlet.
2018 648 2145 674 Interdum
2164 647 2198 680 lic
2211 647 2289 682 ipfitm
2302 647 2371 673 Certa

281 694 339 722 Nec
357 693 441 720 solum
461 690 678 724 Coniugationes,
696 698 789 716 verum
804 690 883 716 etiam
898 689 980 723 ipsam
998 688 1156 722 politionem
1175 687 1323 714 verborum
1341 691 1366 718 15
1382 684 1525 710 athleticum
1537 686 1617 710 intelli
1635 688 1697 711 itur.
1741 684 1861 711 Tertull.
1874 682 1905 709 ad
1921 683 2033 716 Martyr.
2047 691 2059 715 3
2086 683 2211 717 Epistates
2223 682 2309 709 vester
2320 682 2388 708 voss
2408 675 2411 686 s

281 728 439 763 compositio
453 732 553 758 mutat,
572 731 600 751 vt
613 726 679 751 calco
694 725 758 751 facit
772 727 866 751 inculco
875 744 882 755 ,
899 725 1020 755 conculco,
1038 733 1092 750 non
1106 724 1200 750 incalco
1213 724 1255 749 vel
1268 732 1325 749 con-
1383 720 1439 746 ritu
1451 720 1545 752 vnxit,
1564 726 1589 746 et
1603 694 1634 746 ag
1648 719 1699 746 hoc
1711 721 1822 747 scamma
1834 718 1978 754 produxit,
1997 722 2026 745 in
2039 727 2085 754 quo
2097 726 2179 755 nempe
2190 719 2328 745 decertetis.
2366 715 2394 746 W

279 767 346 792 calco
360 775 369 794 ;
404 769 430 789 et
448 763 525 788 calcio
544 760 676 796 disculcio,
689 760 777 796 fialpo
796 760 907 796 insculpo
921 769 929 785 .·
966 768 1046 794 quare
1065 768 1159 796 gemma
1172 759 1273 795 scalpta
1285 758 1326 784 di·
1386 755 1463 782 faber
1475 756 1492 781 Ι.
1504 765 1524 781 c.
1542 765 1567 788 2,
1578 764 1625 791 51³.
1639 759 1692 782 126.
2396 772 2400 792 ι

279 800 390 827 cendum
402 797 447 829 est,
466 805 519 822 non
527 795 639 831 sculpta,
656 795 759 823 adiecta
773 796 845 822 enim
860 795 1053 829 Praepofitione
1066 795 1129 821 facit
1136 794 1245 830 sculpta.
1276 793 1325 821 Sed
1419 798 1431 817 s
1440 797 1487 818 CA
1496 797 1520 817 M
1530 797 1554 817 M
1563 797 1582 817 ο
1594 797 1616 817 Ν
1626 797 1636 816 1
1645 798 1666 818 A
1676 811 1685 823 ‚
1714 791 1757 817 vel
1778 797 1790 817 s
1801 796 1818 817 c
1829 797 1882 818 AM
1891 798 1916 817 M
1927 796 1947 817 ο
1958 797 1980 816 N
1990 795 2007 816 ιε
2017 797 2050 822 A,
2064 797 2102 815 ae.
2124 789 2144 815 f.
2181 789 2222 816 uel
2242 795 2255 814 s
2266 793 2283 815 c
2295 794 2399 817 ΑΜινιι

284 834 390 868 νοζῖἱιιηι
401 836 486 868 potius
498 831 615 864 audiero,
634 834 677 867 qui
691 838 720 858 vt
735 831 824 864 γλύφω
844 838 867 857 et
885 830 992 865 γλάφω,
1009 834 1048 858 ita
1067 832 1168 857 Latinis
1186 830 1325 856 deriuatum
1384 833 1406 852 N
1417 833 1425 851 ι
1438 834 1456 852 v
1467 833 1502 859 M,
1516 827 1535 852 i.
1551 835 1577 853 n.
1615 825 1807 861 [σκαμμάνιον]
1845 827 1929 853 Herba
1946 829 1973 852 in
1993 828 2173 852 transmarinis
2187 823 2342 860 regionibus,
2354 830 2409 858 pram

276 871 335 898 inde
348 868 437 903 sculpo
450 874 473 894 et
487 867 574 901 scalpo
587 867 667 893 eadem
673 866 858 903 significatione
868 865 1002 902 placuiffe‚
1017 867 1167 893 arbitratur.
1222 865 1263 892 Ab
1278 865 1323 891 hac
1329 874 1364 893 20
1375 862 1511 898 sertimque
1530 861 1592 895 Afia
1609 865 1638 887 in
1656 863 1802 902 Colophonio
1814 871 1875 899 agro
1889 861 2009 898 crescens,
2022 864 2092 887 cuius
2099 860 2194 896 succus
2207 860 2276 886 valet
2287 859 2321 885 ad
2331 868 2366 885 me
2385 862 2389 867 “

277 907 501 933 Grammaticorum
514 903 681 938 obseruatione
694 905 795 928 interim
807 902 905 929 videtur
917 903 963 928 illa
975 905 1087 929 varietas
1096 902 1215 928 librorum
1228 906 1323 935 expor-
1382 907 1436 924 nas.
1475 897 1583 933 Qidam
1602 897 1809 928 Scammoniam,
1831 899 1895 924 Fem.
1915 907 1970 934 gen.
1978 905 2027 932 pro
2043 898 2125 923 Herba
2137 906 2145 921 .·
2181 894 2395 922 Scammoniumi

275 947 300 968 te
314 939 466 971 deriuanda‚
483 947 531 974 qua
549 940 577 965 A
593 945 617 964 et
635 938 661 964 V
678 941 705 963 in
717 938 762 964 hoc
775 939 847 964 verbo
867 944 890 964 et
904 937 1041 973 compositis
1054 941 1092 964 ita
1098 937 1172 973 saepe
1180 943 1323 972 permutavi·
1380 940 1429 960 tem
1445 935 1551 965 Neutro,
1561 940 1610 968 pro
1623 934 1696 959 Succo
1708 933 1804 959 radicis
1814 940 1921 968 ponunt.
1978 932 2143 959 Scammonia
2165 930 2285 958 Scribon.
2301 938 2355 963 140.
2367 938 2390 963 ι,

275 983 328 1004 tur.
364 975 438 1012 Conf.
451 976 569 1010 inprimis
585 973 688 1009 Salmas:
698 973 733 999 ad
744 973 833 1001 lustin.
850 981 885 1006 15,
899 983 927 1006 4,
941 982 968 1006 4.
1382 969 1447 995 Plin.
1463 978 1508 1002 24,
1524 977 1548 1001 ις
1581 968 1630 995 Sed
1649 969 1744 995 Graeci
1762 969 1912 996 clematidas
1932 974 1958 995 et
1979 969 2041 995 alias
2061 967 2175 999 habent,
2194 975 2273 993 vnam
2292 974 2370 1000 quam
2379 974 2397 993 ει

310 1018 324 1038 s
335 1017 352 1038 t:
363 1018 410 1038 AL
421 1017 437 1037 Ρ
447 1018 463 1037 E
474 1016 494 1035 Ν
504 1017 528 1042 s,
541 1009 616 1036 entis.
635 1009 703 1035 Part.
738 1008 857 1043 Scalpens
872 1017 986 1043 gemmas
1007 1008 1073 1035 Plin.
1088 1015 1129 1042 37,
1144 1016 1165 1037 5.
1382 1005 1429 1038 qui
1445 1004 1559 1031 echitcm
1573 1010 1678 1037 vocant,
1690 1005 1738 1031 alii
1749 1004 1879 1037 laginem,
1898 1005 2022 1031 nonnulli
2037 1011 2143 1030 tenuem
2157 1001 2346 1028 scammoniam
2360 1011 2366 1027 z

311 1053 324 1073 s
333 1054 350 1074 c
359 1054 381 1073 A
391 1054 406 1073 L
415 1053 430 1072 Ρ
440 1053 462 1073 T
473 1052 494 1071 V
503 1052 527 1077 s,
541 1054 565 1078 a,
579 1053 633 1070 um.
653 1045 720 1071 Part.
758 1045 846 1071 Flores
861 1050 886 1071 et
899 1043 1004 1071 acanthi
1017 1045 1149 1079 eleganter
1164 1042 1254 1076 scalpti
1271 1041 1322 1068 Vi-
1336 1050 1368 1077 25
1382 1040 1486 1074 pedales
1495 1060 1503 1072 ,
1528 1040 1657 1072 foliosos,
1677 1049 1731 1067 non
1745 1039 1876 1066 diffimiles
1889 1041 2065 1067 scammoniae
2079 1047 2166 1066 ramos
2181 1037 2277 1070 habet,
2295 1035 2342 1063 nifi
2356 1044 2398 1071 qu·

275 1090 346 1110 truu.
359 1091 385 1114 2,
398 1089 423 1117 7.
461 1080 535 1116 Conf-
544 1080 625 1117 ficpra
637 1090 646 1105 .-
681 1087 704 1106 et
719 1080 842 1107 Diomed.
858 1090 883 1115 p.
897 1087 956 1115 374.
1382 1076 1520 1109 nigriora,
1540 1077 1699 1110 minoraque
1711 1076 1768 1102 sunt
1781 1076 1857 1102 folia.
1973 1076 2030 1102 Cic.
2046 1075 2077 1101 de
2091 1075 2182 1101 Diuin.
2198 1082 2216 1105 1,
2231 1076 2256 1100 16
2271 1082 2293 1099 c.
2308 1081 2335 1098 ιο
2354 1072 2397 1107 Q

312 1125 325 1145 s
335 1123 383 1145 CA
394 1124 410 1144 L
422 1123 467 1143 PT
477 1123 496 1143 Ο
511 1122 541 1147 R,
563 1116 626 1142 oris.
665 1125 702 1143 m.
739 1115 883 1150 [γλύπτης]
920 1117 971 1151 Qi
979 1114 1084 1151 scalpit.
1122 1114 1186 1140 Plin.
1202 1120 1242 1147 37,
1255 1122 1274 1146 4
1294 1111 1323 1138 de
1382 1112 1561 1138 scammoneae
1574 1111 1649 1139 radix
1663 1112 1696 1138 ad
1709 1112 1883 1146 purgandum,
1898 1110 1963 1145 quid
1977 1111 2147 1138 aristolochia
2160 1109 2192 1136 ad
2205 1109 2308 1135 morsus
2328 1108 2398 1142 serpet

272 1153 463 1185 adamantibus,
483 1152 648 1186 Expetuntur
664 1160 679 1178 a
699 1151 890 1185 scalptoribus,
908 1151 1037 1185 ferroque
1059 1150 1245 1179 includuntur,
1264 1148 1324 1173 nul·
1381 1152 1439 1172 tum
1453 1147 1534 1182 poffit.
1611 1147 1684 1174 Adde
1697 1148 1791 1174 Caton.
1806 1147 1838 1173 de
1853 1148 1885 1173 R.
1900 1147 1931 1173 R.
1947 1154 1997 1180 157,
2013 1156 2046 1173 12.
2126 1145 2194 1173 Cels.
2207 1154 2229 1178 3,
2242 1153 2285 1177 24.
2332 1149 2356 1170 et
2367 1141 2404 1177 5,st

275 1190 328 1217 lam
342 1198 397 1216 non
409 1187 537 1215 duritiem
550 1197 581 1214 ex
596 1187 670 1213 facili
684 1193 813 1214 canantes.
921 1186 988 1213 Plin.
1000 1186 1078 1220 Epist.
1091 1194 1114 1218 3,
1129 1194 1156 1212 10
1174 1183 1222 1211 Sed
1234 1190 1323 1210 tamen
1382 1182 1448 1208 Plin.
1463 1185 1503 1215 26,
1517 1188 1539 1212 8.
1575 1191 1619 1217 27,
1632 1192 1658 1216 9.
1725 1182 1818 1210 Ifidor.
1831 1190 1902 1218 17,9.
2369 1190 2374 1196 ·

274 1232 304 1253 vt
318 1226 488 1260 scalptorem‚
509 1229 537 1249 vt
558 1222 688 1257 pi&orem
697 1243 705 1256 ,
726 1223 773 1258 qui
792 1222 844 1249 filii
864 1221 945 1249 vestri
967 1222 1110 1257 imaginem
1124 1222 1222 1247 faceret
1233 1219 1324 1246 admo·
1336 1227 1369 1252 3ο
1421 1224 1435 1244 s
1446 1225 1462 1245 C
1471 1224 1490 1243 A
1499 1225 1558 1244 MM
1568 1225 1588 1244 ο
1598 1226 1619 1244 N
1630 1227 1639 1245 1
1652 1225 1672 1244 T
1683 1224 1700 1245 Ε
1711 1226 1735 1251 s,
1748 1228 1787 1245 ae.
1805 1228 1841 1245 m.
1879 1217 1946 1245 Idem
1954 1217 2165 1253 cum-scammonia
2178 1223 2219 1252 ap.
2232 1214 2390 1249 Plin.14,16.

273 1261 383 1293 ncretis,
396 1267 442 1286 etc.
479 1258 548 1286 Add.
558 1259 624 1286 Plin.
632 1261 672 1290 36,
680 1261 704 1285 6.
741 1268 781 1289 20,
796 1267 827 1290 ¹3-
864 1266 920 1291 7,9.
957 1257 1065 1285 Solinc
1075 1265 1111 1290 53.
1148 1256 1215 1283 Vell.
1226 1264 1288 1288 1,17,
1295 1263 1321 1287 4.
1419 1259 1521 1280 SCAM
1534 1259 1557 1279 N
1569 1260 1639 1286 VM,
1659 1254 1677 1280 i.
1705 1263 1732 1280 n.
1768 1254 1883 1289 [βάθρον
1895 1254 1975 1280 Gloff.
1988 1254 2044 1279 Lat.
2059 1253 2125 1286 Gn]
2160 1251 2233 1287 ⁴Quod
2258 1249 2320 1278 lei-‘lo
2351 1250 2399 1277 vela

309 1304 323 1323 s
332 1303 349 1324 c
360 1303 382 1323 A
393 1302 408 1321 L
418 1302 433 1321 Ρ
442 1301 463 1321 Τ
472 1301 491 1321 0
500 1301 536 1320 Rl
546 1301 566 1319 v
576 1301 618 1326 Μ,
643 1295 661 1320 i.
690 1303 716 1320 n.
754 1293 962 1326 Instrumentum,
978 1302 1023 1329 quo
1042 1293 1161 1329 scapulae
1178 1294 1325 1328 prurientes
1382 1288 1474 1350 {rodus
1491 1291 1643 1323 opponitur,
1662 1295 1691 1314 vt
1700 1297 1747 1324 per
1761 1290 1789 1315 id
1801 1293 1828 1315 in
1841 1288 1930 1315 leHum
1938 1289 2048 1324 facilius
2061 1288 2217 1324 ostendatur.
2252 1288 2340 1313 Varro
2352 1284 2399 1314 ἀει

266 1331 413 1369 fricantur.
451 1329 566 1356 Martial.
582 1337 621 1362 14,
635 1334 662 1360 83
679 1329 751 1355 habet
763 1331 864 1356 titulum
871 1329 895 1365 fi
908 1330 1001 1360 lemma,
1409 1344 1414 1349 .
1428 1333 1456 1357 4,
1470 1331 1497 1356 33
1512 1333 1536 1358 p.
1550 1332 1597 1356 40,
1606 1331 1630 1356 15
1653 1325 1724 1357 Quia
1736 1324 1846 1358 simplici
1861 1324 1992 1350 scansione
2006 1324 2036 1351 in
2048 1324 2148 1350 leffium
2161 1332 2215 1349 non
2230 1323 2314 1349 altum
2328 1321 2384 1347 scau

644 1364 829 1397 Scalptorium.
1383 1359 1464 1392 bant,
1484 1359 1639 1390 scabellum,
1658 1360 1687 1385 in
1706 1359 1845 1390 altiorem,
1864 1360 2005 1385 scamnum.
2114 1359 2195 1385 Ouid.
2213 1358 2246 1384 de
2259 1359 2320 1384 Arte
2336 1358 2357 1383 A

427 1398 560 1439 Defendet
574 1407 667 1425 manus
681 1399 743 1439 haec
758 1399 870 1438 scapulas
884 1398 1022 1439 mordente
1036 1397 1148 1425 molesto
1338 1402 1367 1429 35
1384 1398 1429 1422 162.
1448 1396 1478 1421 Et
1492 1404 1555 1421 caua
1567 1394 1615 1421 sub
1627 1401 1748 1420 tenerum
1763 1395 1863 1421 scamna
1875 1393 1972 1420 dedisse
1986 1393 2086 1428 pedem.
2194 1393 2300 1420 Mobilia
2313 1361 2401 1456 suffia

470 1435 559 1462 Pulice
568 1454 577 1467 ‚
596 1435 640 1460 vel
654 1433 672 1460 fi
687 1434 752 1468 quid
765 1435 853 1469 pulice
866 1433 1008 1460 sordidius.
1382 1431 1514 1466 versatilia
1527 1437 1571 1457 aut
1582 1429 1690 1457 duHilla
1703 1430 1808 1456 Scamna
1821 1428 1954 1455 leEAEorum
1968 1429 2037 1455 docet
2052 1428 2090 1454 Id.
2104 1428 2161 1454 Art.
2176 1437 2202 1461 2,
2215 1437 2258 1455 ιιι
2286 1429 2342 1454 Nec
2355 1428 2386 1454 du

310 1479 323 1500 S
332 1477 350 1499 C
361 1478 383 1498 A
392 1477 408 1497 L
418 1477 433 1496 P
442 1478 463 1498 Τ
472 1471 493 1496 V
504 1477 523 1497 R
535 1477 566 1501 A,
579 1479 618 1496 ae.
644 1469 663 1496 f.
702 1470 826 1504 [γλυφὴ]
863 1469 994 1504 scalpendi
1007 1467 1074 1495 aflio
1089 1468 1132 1494 vel
1144 1469 1220 1494 ratio.
1258 1464 1326 1492 Plin.
1383 1472 1410 1492 ta
1422 1466 1499 1492 tereti
1515 1467 1686 1501 (puluinato)
1705 1467 1839 1492 scamnum
1853 1465 1999 1499 producere
2012 1464 2097 1494 ledio,
2113 1473 2167 1489 cnm
2180 1465 2236 1490 vult
2247 1463 2374 1499 ascendere
2387 1473 2390 1478 ·

272 1515 315 1543 37,
329 1515 346 1542 7
372 1507 472 1534 Omnia
493 1512 581 1533 autem
601 1505 664 1532 haec
681 1514 794 1540 genera,
819 1504 965 1539 scalpturae
986 1503 1178 1530 contumaciter
1195 1499 1326 1530 resistunt,
1383 1501 1547 1536 descendere)
1568 1502 1598 1527 Et
1613 1508 1706 1529 tenero
1720 1502 1818 1528 soleam
1834 1501 1910 1527 deme
1942 1500 1984 1534 (fi
1996 1499 2124 1536 oscendere
2136 1500 2199 1526 velit
2200 1500 2227 1539 )·
2241 1500 2285 1525 vel
2301 1499 2364 1525 adde
2385 1509 2390 1529 ι
2404 1513 2408 1527 ι

272 1550 427 1578 partemque
443 1551 517 1568 cerae
529 1543 558 1568 in
571 1541 642 1575 signo
655 1547 753 1568 tenent.
825 1540 895 1567 Add.
916 1540 990 1567 Idem
1004 1542 1043 1572 36,
1060 1544 1082 1570 8.
1155 1539 1299 1571 Vitruu.4‚
1309 1544 1330 1563 1.
1380 1536 1546 1572 descendere)
1566 1537 1637 1570 pedi.
1834 1533 1884 1599 22
1922 1537 1981 1563 Plin
2003 1543 2039 1568 ¹8,
2055 1544 2084 1567 19
2100 1535 2207 1569 Scamna
2220 1542 2291 1561 mter
2302 1534 2366 1562 duos
2377 1531 2406 1560 Γπ(

272 1586 297 1606 et
311 1588 334 1611 3,
346 1587 369 1610 3.
439 1577 523 1604 Solin.
538 1587 559 1604 c.
574 1586 610 1609 33.
681 1576 778 1603 Pallad.
793 1577 867 1603 Nou.
882 1582 901 1602 t.
916 1584 950 1608 ις.
1336 1583 1375 1608 40
1383 1581 1426 1599 cos
1439 1572 1519 1599 cruda
1532 1581 1565 1598 ne
1579 1572 1780 1607 relinquantur,
1801 1572 1841 1606 gie
1863 1581 1892 1598 ae
1905 1580 1938 1598 ne
1951 1572 2090 1598 exfiiltent.
2195 1570 2386 1602 Columel.2,2,
2399 1580 2407 1599 ι’

308 1621 321 1641 s
330 1621 347 1641 c
357 1621 379 1640 A
388 1620 404 1639 L
416 1619 432 1639 P
444 1620 521 1640 'rVR
532 1619 555 1640 A
564 1620 583 1640 R
594 1619 643 1645 1A,
665 1621 703 1639 ae.
734 1613 755 1639 f.
797 1614 851 1639 Ars
869 1610 1010 1648 scalpendi.
1051 1609 1129 1646 Apud
1148 1609 1326 1636 Fortunatum
1382 1607 1430 1634 Sed
1445 1608 1482 1634 ita
1502 1607 1599 1634 necubi
1618 1607 1729 1635 crudum
1742 1608 1827 1634 solum
1841 1614 1867 1634 et
1880 1608 2024 1635 immotum
2037 1607 2187 1641 relinquat,
2206 1605 2280 1641 quod
2299 1599 2407 1642 agricola*

274 1652 334 1686 legit
347 1648 480 1682 Reinefius.
1381 1644 1543 1670 scammnum
1555 1650 1662 1670 vocant.
1738 1643 1796 1671 Vid.
1811 1643 1886 1670 Idem
1898 1652 1924 1676 2,
1935 1653 1962 1676 4,
1978 1652 2000 1676 3.
2038 1653 2059 1676 3,
2073 1651 2107 1675 13,
2122 1651 2134 1668 2
2149 1649 2172 1668 et
2182 1651 2221 1669 10.

309 1693 321 1713 S
333 1691 350 1711 c
361 1692 382 1711 A
392 1692 408 1710 L
417 1691 432 1711 Ρ
444 1691 465 1710 T
475 1685 520 1710 VR
531 1690 549 1711 ο
558 1703 567 1716 ,
597 1686 650 1711 ὅτε.
688 1682 814 1717 [γλύφω]
850 1683 920 1709 Certe
933 1681 1025 1718 forma
1047 1682 1185 1716 Participii
1194 1699 1203 1712 ,
1228 1678 1258 1705 ab
1278 1678 1324 1704 hoc
1381 1679 1519 1706 Scamnum
1528 1699 1536 1710 ,
1553 1686 1602 1714 pro
1616 1679 1750 1714 Subselliis.
1841 1680 1924 1706 Ouid.
1938 1679 2004 1706 Fast.
2019 1681 2045 1711 6,
2058 1687 2102 1711 303
2131 1680 2198 1704 Ante
2211 1678 2287 1705 focos
2299 1678 2364 1705 olim
2384 1687 2390 1703 t

271 1721 345 1749 verbo
357 1718 443 1752 ducti,
466 1720 524 1745 Plin
545 1721 590 1751 36,
605 1726 632 1752 25
658 1719 811 1745 Pauimenta
828 1718 907 1745 credo
928 1717 1046 1752 primum
1064 1716 1149 1748 facita,
1170 1723 1238 1749 quae
1253 1723 1322 1740 nunc
1381 1715 1450 1741 mnis
1464 1714 1597 1741 confidere
1610 1715 1697 1749 longis
1732 1716 1792 1742 Mos
1805 1721 1862 1742 erat
1975 1716 2043 1741 Hinc
2057 1714 2156 1740 Ennius
2170 1714 2236 1749 apud
2264 1714 2318 1741 Cic.
2337 1713 2390 1740 det
2406 1719 2415 1739 ’;

272 1763 428 1784 reuocamus
443 1755 596 1785 barbarica,
617 1761 663 1780 etc.
702 1755 802 1780 Romae
821 1755 1009 1788 scalpturatum
1032 1753 1060 1779 in
1082 1753 1155 1779 Iouis
1177 1748 1325 1785 Capitolini
1334 1762 1368 1788 45
1382 1752 1436 1777 vin.
1452 1759 1471 1782 ι,
1487 1756 1530 1780 108
1544 1760 1564 1777 c.
1579 1757 1612 1783 48
1633 1750 1757 1784 Auspicio
1771 1751 1847 1785 regni
1860 1750 1976 1777 stabilita
1990 1750 2091 1777 scamna
2106 1749 2254 1784 solumque.
2363 1746 2403 1786 fl

272 1792 336 1819 aede
353 1791 469 1825 primum
484 1789 583 1816 saCtum
599 1789 634 1815 est
648 1789 704 1823 post
719 1790 829 1815 tertium
842 1789 970 1816 Punicum
982 1789 1086 1816 bellum
1104 1789 1210 1814 initum.
1267 1786 1323 1812 Hoc
1381 1787 1490 1812 Scamna
1502 1789 1530 1812 in
1543 1787 1672 1812 arboribus
1685 1787 1818 1819 dicuntur,
1839 1788 1914 1813 Rami
1927 1794 1950 1812 et
1957 1787 2068 1818 brachia,
2079 1792 2126 1820 per
2141 1794 2201 1820 quae
2213 1789 2278 1811 vites
2288 1783 2390 1820 afiendm

273 1826 316 1862 esi,
324 1830 407 1854 uariis
415 1827 558 1862 scalpturis
571 1832 685 1852 ornatum
698 1826 860 1851 etexcultum.
1381 1822 1448 1848 Plin.
1473 1830 1510 1854 12,
1530 1831 1539 1848 ι
1573 1822 1651 1848 Aliud
1671 1822 1821 1855 exemplum
1840 1823 1901 1848 Caii
1920 1822 2049 1856 principis
2069 1821 2097 1847 in
2110 1821 2249 1847 Veliterno
2264 1829 2323 1847 rure
2334 1820 2390 1847 miri

309 1869 349 1890 SC
362 1870 382 1889 A
392 1869 431 1889 LP
441 1869 489 1888 VR
499 1869 507 1887 1
518 1868 546 1892 Ο,
561 1864 607 1888 ire.
645 1860 713 1887 Idem
730 1860 795 1895 quod
812 1860 947 1894 Scalpere,
962 1861 1068 1894 proprie
1091 1856 1125 1890 est
1138 1858 1204 1893 galli
1215 1857 1325 1893 gallina·
1381 1857 1500 1892 plantani
1526 1857 1605 1883 vnius
1626 1856 1759 1890 tabulata,
1776 1857 1897 1891 laxisque
1917 1866 2055 1884 ramorum
2075 1856 2194 1883 trabibus
2216 1857 2313 1883 scamna
2326 1855 2390 1890 patul

272 1902 324 1931 cei,
343 1907 415 1934 quum
428 1904 521 1924 terram
535 1896 707 1932 frequentibus
719 1895 812 1922 diibus
821 1898 943 1931 percutit.
981 1894 1061 1923 Plaut,
1076 1893 1136 1919 Aul.
1151 1901 1173 1926 3,
1190 1903 1217 1926 4,
1231 1897 1244 1922 8
1264 1890 1321 1918 Vbi
1379 1893 1449 1920 Add.
1464 1892 1538 1918 Idem
1554 1900 1592 1927 17,
1605 1901 1644 1924 23.
1843 1892 1863 1927 ἢ
1886 1902 1900 1923 5
1936 1894 1967 1919 In
1982 1892 2116 1928 disciplina
2128 1892 2325 1928 agrimensorum,
2337 1890 2390 1924 Qi.

273 1941 330 1962 erat
355 1933 419 1960 haec
444 1933 556 1965 defossa,
581 1932 702 1966 occoepit
718 1931 759 1958 ibi
779 1931 920 1966 scalpurire
941 1930 1045 1965 vngulis
1070 1929 1250 1957 circumcirca.
1287 1927 1321 1954 al.
1333 1937 1367 1963 50
1380 1927 1446 1963 quid
1462 1929 1490 1954 in
1505 1928 1700 1962 longitudinem
1715 1927 1750 1954 est
1764 1927 1942 1955 delimitatum
1956 1937 2002 1962 per
2015 1928 2104 1962 strigas
2116 1927 2277 1962 appellatur,
2293 1926 2390 1961 quidqui

274 1970 423 2004 Scalpurire
434 1970 496 2005 legit
509 1969 616 1994 Mercer.
631 1975 670 2002 ap.
686 1967 759 1994 Non.
774 1976 795 1999 2,
809 1973 864 1999 789,
1381 1973 1428 1998 per
1443 1964 1612 1990 altitudinem
1622 1984 1629 1996 ,
1648 1973 1694 1998 per
1706 1964 1816 1990 scamna.
1927 1965 1994 1991 Haec
2006 1964 2080 1990 verba
2093 1964 2217 1991 Frontini
2230 1967 2266 1990 ita
2274 1965 2390 1996 interpreti

309 2012 321 2032 s
330 2012 346 2031 C
356 2012 377 2032 A
386 2010 427 2031 LP
437 2010 452 2030 Ε
463 2011 491 2034 R,
505 2004 556 2039 pri.
581 2012 617 2029 ιιι.
654 2002 803 2036 [ἓγκοπειὶς]
841 2000 1031 2035 [ystrumentum
1043 2006 1182 2031 cuneatum,
1195 2007 1240 2034 quo
1261 1998 1321 2024 mal·
1380 2007 1423 2026 tur
1437 2001 1557 2034 Aggenus
1570 2009 1594 2033 p.
1609 2001 1646 2033 46
1661 1999 1728 2034 Goff
1764 2000 1891 2033 Strigatus
1905 2008 1976 2035 ager,
1989 1999 2026 2026 est
2039 1999 2085 2034 qui
2100 2008 2114 2026 a
2128 1998 2295 2033 septentrione
2308 1995 2335 2023 in
2351 1996 2391 2022 lon

273 2043 309 2069 leo
328 2039 417 2067 adacio
435 2039 496 2075 quid
507 2038 640 2065 exciditur.
676 2038 744 2064 Cels.
758 2043 782 2070 8,
796 2046 807 2070 3
829 2038 910 2076 Tunc
923 2037 1068 2063 excisorius
1082 2036 1179 2069 scalper
1187 2034 1220 2061 ab
1235 2033 1319 2060 altero
1380 2035 1529 2070 gitudinern
1543 2035 1572 2060 in
1584 2034 1763 2061 meridianum
1778 2035 1904 2062 decurrit,
1942 2035 2091 2061 Scamnatus
2104 2041 2205 2066 autem,
2222 2033 2263 2069 qui
2280 2039 2311 2058 eo
2327 2029 2391 2057 mod(

274 2075 409 2105 foramine
427 2075 460 2101 ad
480 2075 593 2102 alterum
610 2073 736 2101 malleolo
753 2072 875 2104 ᾶᾶὃᾶἶυὸ,
896 2073 923 2099 ld
943 2072 1015 2108 quod
1028 2073 1098 2098 intel·
1111 2077 1253 2104 vtrumque
1267 2077 1320 2094 me·
1380 2071 1414 2098 ab
1426 2071 1563 2097 occidente
1579 2071 1607 2096 in
1623 2071 1755 2097 orientem
1769 2071 1877 2104 crescit,
1898 2077 1924 2098 et
1937 2071 2106 2098 altitudinem
2118 2071 2185 2098 hanc
2195 2067 2323 2097 secundum
2340 2066 2391 2092 idio

274 2113 350 2140 dium
362 2111 409 2144 est,
422 2110 530 2137 excidit.
638 2108 707 2137 Ibid.
721 2118 740 2143 4
766 2109 807 2134 Ab
820 2118 905 2142 eoque
918 2109 1017 2143 scalper
1029 2107 1130 2134 duabus
1144 2107 1222 2131 lineis
1234 2104 1266 2131 ad
1284 2105 1319 2130 ri·
1340 2111 1368 2138 55
1380 2116 1422 2133 ma
1437 2106 1501 2132 artis
1515 2106 1602 2133 voluit
1617 2107 1760 2134 Frontinus
1776 2107 1806 2134 in
1820 2107 1962 2135 Orientem
1974 2107 2098 2142 intelligi.
2186 2103 2252 2134 Adel.
2270 2101 2363 2136 Hygia.
2377 2099 2391 2125 d

274 2157 346 2176 mam
358 2147 482 2182 agendus.
525 2145 594 2173 Vnde
614 2144 682 2180 apud
699 2143 797 2171 eundem
813 2143 953 2179 Scalpellus
963 2150 1010 2179 pro
1027 2144 1185 2170 Ferramento
1198 2141 1322 2177 venisecae
1379 2141 1490 2169 limitib.
1505 2151 1529 2176 p.
1547 2146 1598 2174 ¹98·
2318 2164 2321 2167 ,

274 2183 409 2212 identidem
423 2184 548 2217 accipitur
568 2190 591 2214 2,
604 2190 630 2216 9.
1415 2185 1429 2204 s
1438 2185 1454 2205 c
1462 2185 1484 2204 A
1492 2184 1517 2203 M
1527 2183 1549 2203 N
1558 2184 1579 2203 A
1589 2183 1610 2202 'r
1620 2185 1641 2203 v
1652 2184 1666 2204 s
1686 2186 1750 2212 ager
1769 2180 1812 2213 qui
1833 2176 1889 2210 effic
1907 2178 2134 2214 agrimenfhribus,
2149 2175 2218 2204 modo
2236 2169 2326 2201 ditium
2335 2169 2391 2197 verb

311 2227 324 2247 s
334 2226 351 2247 C
361 2225 383 2245 A
395 2225 411 2244 L
421 2226 436 2245 P
446 2224 539 2250 RVM,
554 2217 572 2243 i.
593 2226 619 2243 n.
644 2216 760 2250 [σμίλῃ]
800 2216 982 2242 Ferramentum
989 2213 1125 2250 sutorium.
1162 2212 1229 2238 Hor.
1237 2211 1320 2237 Serm.
1381 2213 1482 2247 Aggeni
1492 2233 1500 2245 ‚
1520 2216 1547 2239 in
1566 2219 1729 2240 SCAMNVM
1755 2222 1780 2239 n.
1796 2220 1816 2243 ς,

276 2265 301 2289 2,
314 2264 336 2288 3,
351 2257 396 2281 106
417 2253 443 2280 Si
457 2253 554 2287 scalpra
565 2257 591 2278 et
603 2252 702 2278 formas
714 2259 768 2276 non
783 2252 862 2277 sutor.
932 2252 963 2277 ln
994 2250 1061 2277 falce
1086 2247 1218 2275 vinitoria
1238 2246 1319 2273 Colu-
1418 2255 1431 2274 s
1440 2255 1457 2275 c
1466 2254 1521 2274 AM
1531 2255 1539 2272 1
1549 2255 1565 2273 L
1577 2254 1593 2273 L
1605 2255 1626 2273 v
1636 2255 1661 2274 M
1671 2268 1680 2279 ,
1698 2248 1739 2273 vel
1760 2246 1824 2282 quod
1845 2246 1975 2281 prisciano
1995 2248 2078 2279 placet
2105 2254 2118 2272 s
2127 2253 2144 2273 c
2153 2253 2233 2273 AME
2242 2252 2258 2271 L
2267 2250 2312 2271 LV
2322 2247 2364 2273 M,
2380 2249 2393 2267 L

276 2291 371 2320 mellae
383 2299 412 2323 4,
427 2296 463 2323 23,
475 2297 492 2315 2
506 2296 568 2323 pam*
581 2288 641 2317 illd,
670 2294 738 2321 quae
751 2295 765 2312 a
786 2287 855 2312 flexu
878 2286 1026 2320 procurrit,
1045 2288 1112 2311 inter
1128 2284 1211 2318 finum
1234 2289 1258 2308 et
1282 2290 1322 2308 ro·
1338 2286 1374 2311 60
1417 2289 1430 2309 S
1441 2288 1520 2308 (ΞΛΜ
1530 2288 1578 2308 NE
1591 2288 1607 2307 L
1618 2289 1664 2308 LV
1675 2289 1698 2307 M
1716 2283 1785 2314 adeo,
1805 2282 1822 2307 i.
1847 2291 1873 2308 n.
1910 2281 2011 2307 Diiuin.
2040 2281 2293 2315 Paruumfiamnum.
2319 2276 2393 2304 Prisci

269 2326 371 2362 strum,
389 2334 437 2360 qua
450 2327 534 2351 vritur
546 2326 658 2353 vinitor,
678 2331 738 2348 cum
749 2321 863 2348 alleuare
876 2321 978 2354 aliquid
993 2321 1060 2352 vult,
1068 2328 1170 2346 vocatur
1183 2318 1321 2352 scalprum.
1383 2326 1432 2344 nus
1447 2326 1459 2350 3
1476 2327 1501 2352 p.
1515 2320 1558 2348 615
1570 2323 1635 2342 extr.
1672 2316 1732 2342 Alia
1755 2316 1853 2342 habent
1871 2317 1889 2341 E
1909 2317 1938 2342 in
1950 2316 2096 2350 penultima
2131 2330 2176 2334 —
2212 2320 2241 2341 vt
2254 2314 2354 2340 bonum
2369 2311 2394 2338 bn
2408 2325 2419 2343 ι,

282 2361 440 2397 Vid.figura
452 2358 548 2392 nostroe
563 2358 689 2384 editionis.
797 2357 863 2383 Cato
880 2355 911 2381 de
925 2357 956 2381 R·
971 2356 1002 2381 R.
1017 2364 1047 2384 ⁴2
1072 2356 1149 2380 Ficos
1163 2361 1188 2380 et
1200 2355 1272 2379 oleas
1286 2353 1322 2378 al·
1385 2354 1439 2380 lum
1451 2373 1459 2385 ‚
1480 2353 1617 2387 geminum
1636 2351 1796 2384 gemellum,
1817 2351 1950 2376 scamnum
1976 2350 2162 2376 scammellum.
2233 2348 2328 2376 Deinde
2341 2349 2394 2374 lanc

275 2405 336 2426 tero
349 2395 441 2423 modo.
476 2394 556 2428 Quod
570 2402 651 2427 genus
664 2399 708 2419 aut
722 2392 818 2425 ficum,
836 2397 880 2418 aut
893 2390 978 2417 oleam
994 2390 1042 2415 effe
1053 2389 1135 2418 voles,
1146 2388 1207 2413 inde
1221 2388 1321 2413 librum
1382 2389 1526 2421 Apuleium
1547 2389 1575 2413 in
1593 2397 1601 2413 1
1615 2388 1740 2420 Hermag.
1776 2387 1876 2411 Verum
1896 2384 2003 2411 infirma
2024 2385 2231 2410 scammellorum
2249 2384 2326 2410 obice
2346 2383 2394 2409 fult
2408 2382 2410 2393 ¹

276 2434 378 2468 scalpro
391 2429 510 2458 eximito.
619 2429 730 2454 Vermes
742 2428 812 2454 circa
825 2427 950 2454 arborem
963 2430 1044 2452 aureo
1059 2424 1157 2458 scalpro
1173 2422 1249 2448 semel
1265 2421 1323 2454 rafi,
1384 2422 1465 2448 sores.
1535 2424 1669 2457 Negotium
1690 2425 1755 2447 viris
1769 2419 1851 2447 dofris
1861 2420 1982 2456 fecerunt
2003 2419 2121 2446 Scamilli
2135 2419 2248 2452 impares
2263 2418 2395 2445 Vitruuiai
2410 2438 2411 2441 ,

277 2479 333 2498 non
351 2468 421 2494 vltra
439 2467 578 2493 nascentur
602 2462 697 2489 Pallad.
711 2463 789 2489 Febr.
802 2468 821 2489 t.
836 2469 872 2494 ες.
978 2461 1046 2487 Tac.
1060 2461 1128 2485 Ann.
1141 2464 1163 2491 ς,
1175 2464 1197 2490 8,
1212 2466 1223 2490 3
1244 2457 1321 2490 Spem
1336 2459 1367 2490 65
1384 2457 1413 2483 de
1425 2457 1512 2492 quibus
1527 2459 1563 2482 ita
1581 2466 1605 2488 3,
1617 2465 1632 2487 3
1643 2463 1672 2490 p.
1685 2467 1714 2489 55
1740 2456 1903 2487 Stylobatam
1923 2456 1960 2481 ita
1980 2460 2086 2489 oportet
2104 2453 2261 2489 exaequari,
2277 2454 2317 2480 vti
2335 2452 2410 2480 habe·

278 2515 307 2533 ac
322 2510 423 2532 metum
436 2502 511 2529 iuxta
525 2505 647 2536 grauatus
661 2498 796 2529 Vitellius,
809 2497 894 2531 petito
908 2504 956 2530 per
975 2495 1088 2529 speciem
1101 2495 1248 2520 studiorum
1262 2492 1323 2518 scal·
1384 2501 1430 2526 per
1448 2492 1566 2518 medium
1585 2491 1764 2517 adietfflonem
1786 2500 1832 2525 per
1847 2491 1977 2517 stamiuos
1992 2492 2113 2524 impares.
2185 2489 2211 2515 Si
2224 2489 2295 2515 enim
2308 2489 2338 2516 ad
2351 2489 2396 2516 libe
2409 2519 2410 2522 Ἴ

280 2549 340 2578 pro,
353 2541 440 2566 leuem
462 2538 547 2564 ictum
569 2535 645 2562 venis
666 2534 773 2565 intulit,
793 2534 930 2565 vitamque
949 2530 1116 2565 aegritudine
1130 2529 1212 2554 animi
1225 2527 1324 2553 finiuit.
1385 2528 1436 2554 lam
1461 2528 1607 2561 dirigetur,
1625 2527 1770 2553 alueolatus
1797 2526 1876 2552 oculo
1901 2525 2047 2552 videbitur.
2145 2525 2176 2551 Et
2203 2532 2227 2557 5,
2247 2533 2264 2557 9
2283 2534 2304 2559 p.
2316 2533 2344 2558 93
2357 2531 2396 2551 ext

279 2580 318 2606 De
331 2576 411 2602 eodem
424 2575 493 2600 Suet.
507 2573 536 2599 in
548 2571 669 2599 Vitell.c.
681 2579 697 2596 2
713 2571 749 2596 Ac
763 2568 819 2603 post
833 2569 971 2594 Praeturae
988 2566 1119 2592 honorem
1144 2565 1214 2590 inter
1236 2561 1324 2588 Seiani
1386 2563 1581 2596 Stylobatisque
1592 2562 1723 2592 adiectio,
1744 2570 1811 2595 quae
1825 2561 1854 2587 fir
1867 2570 1913 2595 per
1927 2561 2056 2587 scamillos
2072 2560 2184 2595 impares
2199 2569 2231 2586 ex
2245 2560 2396 2594 description·

281 2612 399 2639 conscios
411 2615 546 2644 arreptus,
566 2613 590 2633 et
603 2607 631 2633 in
650 2604 797 2631 custodiam
819 2603 898 2631 fratri
911 2603 993 2635 datus,
1003 2602 1103 2635 scalpro
1117 2599 1231 2626 librario
1245 2606 1324 2624 venas
1385 2607 1453 2633 quae
1468 2599 1543 2632 supra
1556 2598 1650 2630 scripta
1665 2597 1701 2622 est
1714 2597 1742 2623 in
1753 2597 1826 2623 libro
1845 2596 1934 2627 tertio,
1948 2597 2073 2622 sumatur.
2169 2597 2251 2622 Periit
2269 2593 2313 2628 ista
2330 2594 2357 2621 de
2367 2604 2396 2621 cr.

281 2648 329 2675 fibi
343 2644 446 2674 incidit.
481 2643 555 2678 Conf.
570 2641 671 2677 Casaub.
688 2641 721 2667 ad
732 2641 757 2667 h.
771 2641 788 2666 l.
894 2638 1030 2672 Scalprum
1045 2636 1157 2668 fabrile,
1175 2644 1229 2670 quo
1243 2634 1325 2668 magi·
1338 2637 1446 2672 70pti0.
1484 2633 1605 2666 Artifices
1617 2632 1767 2658 uehementer
1785 2630 1938 2665 dissentiunt.
1975 2633 2005 2658 In
2018 2631 2123 2658 editione
2136 2632 2207 2657 Laeta
2221 2632 2379 2662 Elzeuiriana,

282 2684 329 2711 stri
350 2681 502 2716 elephantos
524 2677 714 2706 interimebant
742 2676 803 2703 Liu.
817 2682 858 2709 27,
873 2683 917 2708 49.
1022 2671 1182 2699 Medicinale
1197 2670 1325 2704 scalprum
1380 2674 1478 2705 pagina
1493 2669 1550 2694 inde
1561 2679 1621 2703 145,
1640 2666 1673 2701 est
1693 2666 1757 2700 nesta
1778 2668 1852 2694 Rern.
1868 2667 1945 2694 Baldi
1957 2666 2110 2700 dsffiirtatiffi
2129 2666 2163 2692 ad
2174 2664 2363 2702 quamfludiosos
2378 2674 2397 2691 r«

281 2718 446 2750 Scribon.33.
550 2715 684 2747 Scalprum
697 2716 764 2738 inter
777 2710 951 2738 Instrumenta
963 2708 1113 2743 chirurgica
1126 2711 1199 2734 etiam
1213 2711 1326 2732 numerat
1384 2708 1508 2731 mittimus
1518 2724 1526 2736 ,
1539 2704 1565 2736 fi
1578 2706 1640 2739 plus
1659 2704 1716 2729 inde
1731 2704 1854 2739 sapiant,
1878 2712 1948 2738 quam
1963 2704 2025 2729 mihi
2036 2705 2158 2738 contigit,
2176 2702 2210 2728 ad
2228 2703 2333 2729 Vitruuii
2346 2699 2398 2726 uere

282 2754 425 2783 Cornelius
433 2751 521 2779 Celsus
529 2755 552 2783 8,
561 2759 580 2783 4
597 2749 675 2777 Tum
689 2748 796 2774 demum
804 2747 835 2773 ad
849 2754 955 2772 manum
969 2744 1150 2779 scalprumque
1165 2741 1326 2769 veniendum
1385 2739 1554 2776 intelligenda.
1628 2739 1796 2765 Pulcherrima
1804 2740 1881 2773 sunt,
1894 2747 1953 2773 quae
1966 2738 2006 2764 hic
2020 2737 2087 2764 dedit
2101 2739 2245 2769 Perraltus,
2263 2734 2386 2774 graphidis

282 2791 328 2819 est.
395 2788 441 2816 Sed
454 2784 585 2821 hiclpotcst
598 2784 640 2818 effe
659 2794 675 2811 a
694 2786 822 2810 Nominat.
843 2782 962 2815 Scalper,
981 2790 1025 2816 quo
1039 2781 1108 2806 illum
1122 2782 1161 2805 uti
1174 2777 1290 2804 vidimus.
1385 2776 1632 2811 ingeiziijpecimina.
1671 2773 1717 2800 Sed
1728 2783 1814 2799 vereor
1826 2781 1855 2799 vt
1872 2775 2014 2799 Vitruuium
2033 2777 2125 2800 iuuent.
2196 2774 2223 2800 Si
2234 2775 2292 2800 licet
2304 2772 2344 2799 hic
2355 2772 2398 2797 etin

317 2833 331 2853 s
342 2831 359 2853 c
370 2832 393 2852 A
402 2831 417 2850 L
428 2830 442 2849 l>
455 2829 474 2848 v
486 2830 505 2849 R
516 2824 556 2848 IG
565 2828 593 2852 O,
609 2821 667 2847 inis.
686 2820 706 2846 f.
744 2821 860 2853 Prurigo.
897 2817 1004 2843 Solinus
1017 2825 1038 2841 c.
1051 2824 1082 2849 45
1097 2817 1161 2846 (3²)
1181 2815 1218 2840 Os
1234 2813 1326 2839 beluae
1343 2818 1374 2846 75
1387 2810 1494 2844 nostram
1508 2811 1695 2837 hariolationem
1708 2812 1877 2844 interponere,
1892 2809 2038 2844 putabamus
2046 2808 2182 2836 Scamillos
2197 2809 2307 2842 impares
2319 2805 2398 2841 ellepr
2415 2818 2417 2823 ·

283 2862 392 2889 huiusce
406 2858 544 2895 paullatim
556 2857 661 2891 scalpit,
681 2861 707 2881 et
721 2854 812 2881 sentim
825 2853 999 2887 scalpurigine
1014 2850 1166 2878 blandiente
1186 2849 1285 2876 aditum
1298 2848 1327 2875 fi·
1387 2847 1554 2874 tuberationes
1586 2844 1686 2871 uasdam
1699 2847 1725 2870 in
1736 2847 1822 2879 planis
1837 2845 1948 2880 alioquin
1956 2843 2097 2879 stylobatae
2105 2844 2258 2879 parietibus,
2277 2848 2306 2867 vt
2319 2842 2358 2867 illi
2377 2844 2398 2867 ia
2410 2842 2411 2848 ¹

281 2898 312 2928 bi
325 2898 354 2924 in
367 2905 451 2931 vsque
465 2895 552 2921 fauces
564 2893 635 2919 facit.
669 2891 724 2917 oid.
739 2889 841 2925 Salmas
855 2897 881 2924 p.
892 2892 947 2920 316.
982 2889 1026 2914 At.
1041 2885 1234 2920 scalpturiginc.
1388 2894 1436 2909 non
1453 2882 1487 2909 ad
1508 2855 1609 2908 ltbellcqzm
1629 2880 1807 2915 respondeant,
1821 2881 1869 2916 sed
1886 2884 1971 2907 curuis
1992 2883 2144 2915 aliquantum
2161 2880 2234 2905 lineis
2246 2880 2399 2903 contineant„
2413 2895 2416 2898 ,

319 2941 331 2960 s
341 2940 358 2960 c
367 2940 389 2959 A
398 2939 414 2958 L
423 2939 437 2958 P
446 2938 465 2957 R
474 2931 490 2956 Ᾰ
499 2937 521 2956 Τ
531 2935 551 2954 V
561 2935 583 2960 S,
596 2937 619 2960 a,
631 2936 687 2954 um.
705 2926 766 2952 Adi.
802 2921 1023 2958 [κολαπτηροειδῆς]
1057 2923 1256 2948 Ferramentum
1268 2919 1329 2946 scal-
1388 2928 1448 2954 quae
1461 2925 1505 2952 per
1518 2920 1612 2952 opticus
1627 2924 1737 2942 rattones
1750 2915 1834 2942 reciae
1850 2916 2023 2942 contuentibus
2035 2915 2174 2941 videantur.
2216 2913 2290 2938 Ratio
2304 2913 2397 2948 appella

283 2976 387 3005 pratum
403 2965 534 2994 Columel.
543 2973 567 2997 9,
576 2971 611 2997 ις,
620 2972 635 2996 9
656 2962 690 2989 ad
694 2961 883 2995 firnilitudinem
890 2960 988 2996 scalpri
996 2960 1147 2994 formatum,
1160 2966 1205 2993 quo
1218 2960 1256 2983 ait
1271 2963 1330 2990 opus
1389 2955 1418 2981 di
1431 2965 1446 2980 a
1461 2952 1567 2980 scamnis
1581 2952 1713 2978 latentibus
1725 2961 1852 2988 agrorum.
1893 2950 2063 2984 Adiefflostc
2070 2952 2175 2985 ponitur
2185 2957 2208 2980 3,
2220 2957 2235 2974 2
2248 2955 2313 2974 extr.

283 3004 327 3039 effi³
348 3003 382 3030 ad
404 3000 548 3035 caJlrandos
572 3007 643 3034 apum
666 3000 746 3024 alueos
762 3008 768 3022 :
803 3006 856 3023 cum
879 3006 894 3022 a
915 2996 1002 3021 cultro
1023 2993 1170 3029 distinguat,
1184 2999 1207 3018 et
1222 2992 1330 3017 aduersa
1345 2993 1377 3018 80
1427 2997 1440 3017 s
1451 2997 1466 3016 c
1476 2996 1521 3016 AB
1531 2995 1569 3015 EL
1580 2994 1623 3012 LV
1635 2993 1657 3012 Μ
1669 3008 1677 3019 ,
1704 2989 1745 3013 vel
1763 2995 1776 3014 s
1787 2994 1802 3014 C
1815 2994 1835 3014 A
1846 2994 1862 3013 Β
1873 2993 1930 3013 iLL
1940 2993 2012 3018 VM,
2038 2985 2057 3011 i.
2085 2994 2110 3011 n.
2140 2983 2243 3010 Dimin.
2277 2983 2406 3015 scabillum,

284 3042 374 3068 fronte
390 3037 510 3073 imprimi
525 3035 607 3068 velit,
620 3032 809 3068 similitudinem
823 3031 895 3058 habet
907 3032 992 3062 illius,
1006 3033 1048 3065 qui
1060 3030 1163 3063 Scalper
1176 3028 1253 3055 Celso
1268 3027 1330 3053 dici.
1389 3025 1510 3052 ὑποπόδιον
1522 3025 1579 3050 Vet.
1594 3023 1672 3049 Gloss'.
1710 3024 1767 3050 Nec
1780 3022 1893 3049 miretur
1906 3030 1988 3056 puer,
2005 3030 2051 3047 cur
2064 3029 2095 3047 ex
2110 3021 2214 3047 scamno
2227 3019 2272 3045 fiat
2289 3018 2412 3050 scabellum,

283 3084 334 3107 tur,
349 3078 391 3111 qui
406 3074 514 3099 malleolo
521 3072 586 3107 fhlet
598 3070 682 3106 adigi,
700 3072 744 3105 qui
751 3068 825 3104 forte
837 3077 851 3093 a
864 3066 945 3093 Caelo
957 3066 1024 3092 nihil
1036 3064 1134 3098 differt.
1391 3061 1521 3095 Quinctil.
1537 3068 1556 3091 1,
1569 3068 1595 3098 43
1611 3068 1644 3084 η.
1722 3059 1790 3084 Vnde
1810 3065 1930 3094 apparet,
1948 3057 2045 3083 eandem
2057 3066 2107 3083 rem
2119 3055 2163 3090 effe
2175 3054 2330 3081 scamellum
2344 3061 2366 3095 et
2378 3055 2411 3081 scv

321 3119 333 3137 S
345 3118 362 3138 c
375 3118 396 3137 A
406 3117 421 3136 L
430 3116 446 3135 P
456 3116 471 3135 E
480 3116 495 3135 L
504 3115 520 3134 L
531 3115 550 3133 v
561 3113 583 3138 S,
598 3106 616 3132 i.
637 3114 673 3132 m.
710 3106 750 3131 vel
767 3112 779 3131 s
790 3110 806 3130 C
818 3110 839 3131 A
851 3109 867 3129 1.
878 3109 892 3128 P
903 3109 918 3129 Ε
930 3109 944 3127 L
954 3110 970 3129 L
979 3109 1000 3128 V
1010 3107 1048 3133 M,
1057 3101 1108 3127 i.n.
1118 3099 1219 3126 Dimin.
1257 3099 1332 3130 [σμί-
1392 3097 1503 3129 bellum,
1516 3094 1661 3122 scamillum
1675 3101 1698 3120 et
1711 3094 1856 3121 scabillum.
1929 3093 1997 3120 cato
2011 3092 2042 3118 de
2057 3093 2088 3119 R.
2102 3093 2131 3119 R.
2147 3101 2175 3118 ιο
2195 3091 2333 3117 Scamnum
2346 3098 2374 3116 m
2384 3098 2405 3117 cll

284 3152 342 3177 λων,
357 3148 419 3172 Vct.
434 3145 512 3170 Gloff.
528 3141 703 3176 φλεβότομον]
740 3140 796 3166 Cic.
817 3147 864 3173 pro
881 3139 949 3165 Sext.
964 3145 1003 3170 135
1018 3146 1039 3163 c.
1054 3139 1085 3170 65
1105 3136 1170 3163 Non
1184 3144 1213 3161 ea
1227 3134 1262 3159 est
1279 3143 1333 3160 me-
1392 3133 1484 3159 biculo
1515 3139 1613 3162 vnum,
1644 3130 1750 3156 scabilla
1770 3130 1830 3161 tria,
1851 3129 1924 3155 sellas
1945 3134 2066 3163 quatuor.
2102 3129 2135 3153 al.
2154 3126 2283 3158 Scabilia‚
2294 3124 2341 3162 sed
2357 3128 2405 3152 mall

286 3184 481 3214 dicina‚'quum
491 3180 563 3205 sanae
571 3176 767 3211 particorporis
782 3175 929 3209 scalpellum
943 3173 1094 3204 adhibetur,
1113 3178 1191 3205 atque
1205 3171 1332 3204 integrae.
1348 3170 1377 3199 83
1394 3167 1414 3206 fl
1437 3178 1449 3194 2
1485 3165 1524 3201 Est
1543 3163 1701 3198 instrumenti
1713 3166 1830 3200 sonantis
1847 3175 1937 3201 genus,
1957 3173 2003 3199 quo
2022 3167 2049 3190 in
2057 3163 2133 3199 scena
2145 3169 2167 3189 et
2180 3161 2367 3198 adsaltationes
2376 3166 2405 3193 vt<

286 3216 461 3245 Manubriolo
470 3211 872 3248 scalpellideducendaChalazia
882 3210 949 3235 Cels.
957 3217 1011 3243 7,7,
1020 3218 1046 3241 4.
1082 3207 1150 3233 Add.
1161 3213 1240 3240 7‚7,;
1257 3215 1332 3231 1ncu-
1392 3206 1492 3231 bantur.
1526 3201 1581 3229 Cic.
1595 3210 1643 3235 pro
1656 3201 1726 3227 Cael.
1742 3204 1771 3231 63
1786 3210 1806 3226 c.
1820 3209 1855 3235 27
1878 3200 1958 3227 Mimi
1972 3209 2035 3234 ergo
2049 3199 2084 3226 est
2099 3199 2151 3225 iam
2166 3198 2264 3228 exitus,
2282 3206 2335 3224 non
2354 3195 2393 3223 fab

285 3264 316 3280 ra
328 3253 423 3287 vnguis
435 3250 593 3281 oculorum,
613 3248 642 3273 de
654 3256 700 3282 quo
715 3250 752 3272 ita
767 3257 774 3271 :
811 3246 874 3272 Non
894 3245 1008 3271 nimium
1030 3242 1145 3269 adduc'to
1158 3250 1260 3274 vngue,
1274 3240 1335 3266 scal-
1394 3241 1434 3266 lae
1452 3249 1458 3264 :
1494 3237 1521 3265 in
1541 3246 1595 3271 quo
1616 3247 1675 3263 cum
1693 3236 1806 3262 clausula
1825 3244 1879 3261 non
1898 3236 2049 3267 inuenitur,
2069 3235 2139 3269 fugit
2157 3233 2254 3269 aliquis
2269 3243 2283 3259 e
2296 3233 2365 3259 mani

286 3290 367 3324 penus
391 3285 556 3314 adhibendus
578 3283 631 3315 est,
644 3281 740 3309 deiude
755 3281 787 3307 fic
801 3280 944 3307 excidenda
957 3278 1140 3307 membranula
1157 3277 1239 3311 (haec
1251 3283 1333 3311 nempe
1394 3275 1488 3302 deinde
1506 3273 1610 3300 scabilla
1623 3278 1795 3306 concrepant,
1814 3271 1935 3297 aulaeum
1952 3271 2064 3297 tollitur.
2181 3270 2287 3296 Sueton.
2302 3268 2383 3303 Caliga
2410 3278 2413 3299 3

287 3326 340 3360 ipsa
354 3324 449 3357 vnguis
462 3320 516 3356 effi)
535 3329 568 3346 ne
582 3318 646 3353 quid
661 3327 691 3344 cx
703 3317 800 3350 angulo
815 3316 941 3343 laedatur.
1059 3314 1128 3340 Ibid.
1138 3322 1157 3338 c.
1169 3321 1196 3344 19
1217 3312 1265 3338 Sed
1279 3313 1333 3346 pri·
1393 3310 1506 3338 Saltabat
1519 3317 1708 3342 nonnunquam
1723 3307 1803 3333 etiam
1817 3306 1912 3332 nodiu:
1935 3312 1961 3332 et
1974 3305 2107 3341 quondam
2120 3310 2172 3332 tres
2184 3304 2329 3331 consulares
2342 3305 2392 3330 secl!

288 3370 333 3386 mo
347 3359 431 3385 reclus
445 3356 578 3392 scalpellus
592 3363 669 3389 quam
684 3352 808 3379 leuissima
822 3361 900 3378 manu
913 3351 998 3378 teneri
1012 3349 1099 3379 debet,
1118 3348 1202 3374 donec
1215 3349 1330 3374 scrotum
1342 3354 1378 3379 90
1395 3348 1427 3373 da
1444 3345 1535 3380 vigilia
1554 3344 1582 3371 in
1604 3344 1728 3378 palatium
1749 3342 1845 3368 accitos
1885 3356 1926 3361 -—
1962 3343 2036 3375 super
2050 3341 2180 3375 pulpitum
2193 3340 2334 3366 collocauit
2348 3350 2354 3366 ι
2383 3336 2402 3375 tl¹

288 3395 374 3429 ipsum
389 3394 503 3419 diducat.
597 3389 731 3418 Columel.
747 3396 768 3421 5,
786 3397 806 3414 ιι
834 3388 955 3414 Medium
970 3392 1091 3412 truncum
1112 3390 1189 3410 acuto
1211 3382 1333 3417 scalpello
1395 3381 1457 3409 inde
1476 3387 1581 3414 repente
1599 3388 1695 3413 magno
1708 3377 1834 3404 tibiarum
1849 3382 1874 3402 et
1888 3376 2062 3403 scabellorum
2074 3376 2190 3411 crepitu,
2209 3384 2269 3401 cum
2284 3375 2370 3409 pallat

288 3429 439 3464 permodice
452 3428 556 3454 findito.
628 3426 753 3452 Resecare
767 3424 884 3457 linguam
900 3422 1023 3456 scalpello
1043 3420 1099 3446 Cic.
1110 3419 1142 3444 de
1158 3419 1333 3450 Diuin.2,96.
1395 3426 1476 3452 caque
1495 3416 1571 3442 talari
1591 3415 1725 3450 protiluit‚
1745 3422 1773 3439 ac
1787 3412 1912 3439 desaltato
1925 3413 2027 3439 cantico
2039 3412 2114 3439 abiit.
2216 3411 2318 3437 Arnob.
2332 3419 2347 3437 2
2359 3410 2406 3443 p.7l

288 3464 439 3498 scalpellus,
450 3465 691 3497 Ferramentmmquo
700 3461 815 3495 chirurgi
823 3468 897 3484 venas
905 3457 1029 3483 incidunt.
1075 3454 1141 3481 Cels.
1150 3463 1175 3487 z,
1186 3464 1211 3480 ιο
1231 3455 1264 3480 At
1274 3453 1290 3480 si
1301 3454 1333 3480 ti·
1389 3462 1433 3489 pr.
1469 3451 1571 3479 Idcirco
1579 3451 1677 3477 animas
1685 3449 1769 3481 mifit,
1804 3463 1849 3468 —
1885 3448 2052 3475 cautionibus
2067 3453 2094 3475 vt
2108 3446 2237 3482 praeirent
2249 3445 2393 3480 obscenism

288 3500 360 3527 mide
380 3499 513 3533 scalpellus
536 3498 702 3528 demittitur,
722 3496 850 3523 summam
871 3499 958 3519 cutem
978 3492 1094 3518 lacerat:
1131 3499 1218 3524 neque
1237 3498 1333 3516 venam
1394 3488 1510 3516 merosos
1530 3487 1656 3526 iterarent
1670 3484 1839 3525 scabillorum
1858 3484 2106 3519 concrepationibus
2123 3483 2246 3521 sonores,
2267 3481 2361 3516 quibus
2371 3477 2407 3578 Ἤ

288 3535 392 3563 incidit.
464 3533 530 3560 ΑΜ.
544 3534 615 3559 Idem
628 3535 654 3566 6,
669 3534 693 3559 6.
760 3532 817 3558 Seu.
831 3530 876 3564 Ep.
890 3538 932 3555 20.
969 3528 1000 3554 Et
1014 3526 1046 3552 de
1059 3527 1101 3552 Ira
1116 3534 1136 3558 3,
1151 3535 1190 3559 39.
1263 3526 1334 3552 Ter·
1347 3530 1378 3556 95¹
1393 3532 1494 3551 marum
1502 3522 1697 3549 aualascnnens
1710 3519 2046 3554 multitudoincompositos
2056 3526 2197 3552 corporum
2212 3517 2411 3543 diss'oluereturl«

289 3572 346 3599 tull.
363 3569 422 3596 adu.
438 3568 528 3595 Gnost.
550 3578 570 3593 c.
586 3578 606 3600 ς.
1395 3566 1499 3590 motus,
1518 3558 1643 3585 saltitaret
1655 3562 1680 3582 et
1695 3562 1817 3583 cantaret.
1890 3557 1971 3582 Etiam
1984 3560 2010 3582 in
2022 3555 2110 3581 bonore
2122 3552 2219 3578 deorum
2232 3552 2342 3579 adhibita
2353 3547 2383 3583 osl

324 3613 393 3634 sCA
406 3611 421 3630 L
434 3610 454 3630 T
466 3610 483 3629 V
494 3611 517 3634 s,
534 3603 551 3628 i.
568 3613 602 3630 m.
638 3606 656 3629 i.
673 3604 793 3638 Impetigo
808 3607 849 3636 ap.
865 3599 982 3633 Papiam.
1395 3596 1434 3622 dit
1447 3593 1547 3620 Arnob.
1563 3603 1574 3626 7
1589 3602 1613 3626 p.
1628 3601 1666 3623 ²37
1676 3592 1743 3631 med.
1763 3589 1842 3631 Quid·
1853 3590 1971 3631 efficiunt
1989 3591 2101 3630 crepitus
2119 3587 2303 3620 scabillorum,
2323 3592 2351 3614 vt
2366 3594 2378 3612 e

325 3650 338 3669 s
348 3648 364 3667 c
374 3649 395 3667 A
405 3647 420 3667 ι.
431 3646 453 3666 Τ
464 3646 472 3664 1
482 3645 527 3665 cv
539 3644 659 3670 S‚a‚um.
681 3639 741 3665 Adi.
769 3638 919 3673 Impetigine
930 3634 1055 3661 laborans.
1093 3631 1201 3659 Theod.
1210 3630 1335 3658 Priscian.
1395 3640 1440 3658 eos
1458 3629 1591 3656 audierint
1609 3635 1732 3657 nununa,
1748 3627 1894 3653 honorifice
1912 3628 1997 3653 secum
2012 3625 2161 3652 existiment
2172 3623 2261 3664 adium
2275 3625 2284 3650 3
2316 3657 2322 3663 ·
2372 3591 2406 3682 ΑΞ

290 3677 322 3703 de
336 3677 430 3703 Diaeta
444 3684 464 3701 c.
479 3683 503 3706 9.
1393 3665 1487 3701 gustin.
1501 3664 1534 3691 de
1547 3662 1643 3690 Musica
1655 3672 1674 3695 4
1691 3664 1799 3696 Qiaero
1812 3663 1856 3689 abs
1875 3669 1910 3695 te,
1929 3670 2017 3689 vtrum
2037 3659 2127 3694 possint
2148 3659 2263 3694 copulati
2276 3657 2324 3685 fibi
2343 3653 2387 3691 ped

327 3719 339 3739 s
349 3719 365 3739 c
375 3720 395 3738 A
406 3719 429 3737 M
440 3717 490 3737 AN
499 3715 516 3735 D
526 3715 542 3735 E
551 3715 579 3739 R,
599 3707 649 3734 dri.
694 3718 729 3734 m.
764 3704 960 3742 [Σκάμανδρος]
1000 3704 1103 3731 Fluuius
1126 3703 1217 3729 Troiae
1237 3712 1266 3728 ex
1286 3701 1388 3729 Ida¹00
1396 3710 1462 3736 quos
1475 3698 1592 3734 copulari
1606 3704 1712 3732 oportet
1725 3698 1774 3732 (de
1786 3699 1886 3733 pedibus
1900 3698 2058 3733 rhythmicis,
2072 3694 2131 3721 dab?
2150 3696 2172 3721 lo
2181 3715 2189 3727 ,
2201 3689 2405 3733 spondeo-eraso}

290 3756 369 3774 monte
382 3745 542 3782 descendens,
561 3753 630 3779 quem
647 3743 761 3772 Hefiodus
773 3743 835 3770 θὲῐυν
849 3738 1022 3775 Σκάμανδρον,
1043 3738 1071 3765 id
1084 3735 1134 3771 est,
1154 3739 1277 3764 diuinum
1291 3745 1334 3772 ap·
1394 3746 1432 3764 mo
1445 3734 1500 3769 est)
1521 3740 1676 3774 perpetuum
1692 3734 1820 3768 quendam
1835 3742 1974 3760 numerum
1988 3739 2092 3763 creare,
2110 3740 2126 3757 v
2148 3730 2158 3756 i
2173 3731 2259 3756 nullus
2273 3728 2330 3769 finis
2344 3730 2404 3764 cern!

284 3782 399 3818 peHauit.
435 3780 531 3808 Catull.
548 3783 585 3810 (η,
600 3786 645 3812 3ς7
663 3779 752 3804 Testis
766 3780 816 3805 erit
830 3778 930 3812 magnis
944 3775 1089 3803 virtutibus
1125 3774 1201 3799 Vnda
1214 3774 1334 3800 Scaman-
1393 3775 1514 3806 appareat
1529 3780 1535 3796 :
1571 3769 1657 3795 veluti
1670 3778 1729 3796 cum
1743 3769 1923 3805 symphoniaci
1936 3766 2046 3794 scabella
2060 3772 2085 3792 et
2097 3765 2216 3798 cymbala
2237 3763 2344 3799 pedibus
2361 3760 2404 3788 fer!

291 3818 342 3845 dri.
447 3816 522 3842 Parui
538 3813 687 3841 Scamandri
701 3814 797 3847 frigida
813 3815 922 3840 flumina
940 3814 1009 3839 Hor.
1024 3809 1106 3844 Epod.
1123 3817 1158 3841 ¹3,
1173 3817 1212 3843 ¹4·
1392 3813 1484 3837 antur,
1503 3805 1582 3832 certis
1596 3804 1703 3839 quidem
1717 3807 1850 3836 numeris,
1867 3803 1954 3835 ethis,
1968 3801 2014 3836 qui
2028 3801 2076 3827 sibi
2096 3811 2155 3827 cum
2174 3801 2278 3827 aurium
2295 3798 2403 3837 voluplat

327 3860 341 3880 s
350 3859 366 3879 c
376 3858 395 3877 A
407 3859 430 3877 M
441 3859 462 3877 A
473 3858 493 3876 N
510 3857 529 3877 D
542 3858 557 3876 R
569 3857 576 3875 1
588 3857 621 3881 A,
635 3857 673 3875 ae.
695 3849 714 3874 f.
752 3847 942 3886 [Σκαμάνδρια]
983 3846 1048 3875 Vrbs
1056 3852 1148 3882 parua,
1168 3854 1183 3870 a
1192 3850 1271 3880 portu
1286 3845 1333 3871 Ili·
1392 3844 1538 3876 iunguntur
1547 3860 1555 3873 ‚
1574 3840 1617 3867 sed
1629 3846 1718 3867 tamen
1730 3848 1822 3868 tenore
1833 3844 1959 3875 perpetuo
1969 3857 1985 3879 ,⁵
1996 3838 2032 3863 ita
2046 3843 2073 3863 vt
2089 3837 2106 3862 fi
2119 3836 2200 3863 tibias
2212 3844 2266 3862 non
2278 3833 2362 3861 audias
2377 3843 2402 3850 -

289 3888 338 3924 aust
345 3895 436 3924 parum
448 3893 548 3913 remota.
587 3885 651 3911 Plin.
665 3893 698 3917 4,
716 3892 755 3915 30.
1339 3880 1456 3916 ιοςΕν-ςο
1477 3885 1591 3906 numeros
1607 3882 1706 3904 tantum
1723 3884 1747 3904 et
1763 3877 1895 3913 rhythmos
1913 3879 2048 3910 exprimere
2061 3871 2163 3908 poffimt
2174 3872 2219 3901 illa
2231 3869 2357 3899 Scabella,
2373 3872 2400 3891 ²10

326 3931 339 3952 s
349 3929 366 3950 c
377 3929 431 3950 AM
442 3929 492 3949 AN
503 3928 520 3948 υ
531 3927 549 3948 R
559 3927 578 3947 v
589 3927 614 3953 S,
628 3921 647 3947 i.
668 3928 703 3947 m.
741 3917 937 3954 [Σκάμινδρος]
972 3915 1092 3944 Hel-'loris
1113 3922 1136 3942 et
1148 3914 1335 3944 Andromaches
2346 3901 2402 3930 melo-
