2434 4156
0 1349 9 1734 ⁴,‚=..-‹„=.2.t=-=15r.2r-.....2.<-.·..<..
0 1332 2 1337 ἡ
0 1299 7 1322 ι.
1 1255 8 1274 a.
5 1233 7 1236 .
0 1195 7 1219 -.
6 1157 8 1162 .

361 140 432 182 895
758 133 802 174 T
890 133 928 173 V
1006 132 1039 173 R
1831 129 1875 169 T
1952 131 2102 174 V‘R
2374 148 2421 206 395

367 220 448 256 petris
461 218 632 252 stabulentur,
647 219 762 248 saxatiles
774 223 839 249 dicii
855 224 920 253 sunt,
936 227 964 249 vt
978 220 1102 251 merulae,
1115 218 1247 252 turdique,
1253 228 1300 246 nec
1312 218 1399 246 minu·
1460 222 1485 252 6,
1503 221 1559 255 276.
1672 218 1770 245 Fabula
1783 218 1868 252 turpis
1885 219 1968 246 relatu
1976 221 2066 249 Claud.
2079 222 2108 249 in
2122 222 2230 257 Eutrop.
2244 230 2270 258 ι,
2281 229 2338 258 349.
2374 237 2378 266 Ι

368 256 507 282 melanuri.
609 255 678 283 Add.
695 262 719 290 Β,
732 265 769 291 ι7,
782 263 804 288 8.
897 257 1010 288 Plin.32,
1024 264 1045 281 ιι
1069 254 1180 281 Turdus
1194 254 1263 282 inter
1279 255 1398 281 saxatiles
1461 255 1539 283 bebat
1558 254 1663 289 quidam
1684 254 1765 280 filiam
1779 253 1963 289 turpiffimam
1989 256 2112 291 Idemque
2136 258 2229 292 insigni
2250 264 2274 284 et
2293 259 2378 293 pulch*
2402 260 2428 291 ,²

367 291 474 318 nobilis.
517 289 575 317 Vid.
595 291 725 324 Quinetil.
739 298 762 325 8,
779 302 799 319 2.
893 294 979 319 Varro
992 292 1023 316 de
1037 290 1065 315 L.
1082 290 1112 315 L.
1128 297 1154 322 4,
1168 298 1201 315 ιε.
1293 290 1397 317 Colum.
1461 289 1545 317 filium
1559 289 1664 316 Phaedr.
1679 298 1700 322 3,
1714 299 1739 322 9,
1753 297 1775 315 2.
1845 289 1971 316 Formido
1985 293 2066 326 turpia
2076 293 2150 326 Virg.
2164 295 2226 319 Aen.
2241 302 2265 323 2,
2284 303 2343 327 400.
2375 306 2379 314 =
2396 306 2408 320 r,

367 336 405 359 10,
413 335 446 358 53.
551 326 628 360 Apul.
642 327 718 363 Apol.
733 337 754 362 p.
771 336 829 360 299.
1464 334 1495 360 ga
1507 326 1598 360 turpis,
1615 324 1743 358 Inhonesta
1751 324 1806 350 Cic.
1821 323 1852 351 de
1868 325 1954 351 Finib.
1968 333 1992 358 2,
2005 334 2034 358 97
2045 336 2066 353 c.
2080 336 2111 359 3ο
2128 329 2328 363 Trecentosque
2347 338 2367 357 et
2407 339 2416 359 ,·

354 386 355 389 ,
401 366 657 396 TVRDARIVM,
669 364 687 390 i.
703 373 728 391 n.
767 365 850 389 Varro
863 361 895 387 de
908 361 937 387 L.
952 361 981 387 L.
996 369 1018 392 5,
1032 369 1042 386 1
1081 360 1165 387 Locus
1196 360 1225 387 in
1247 369 1301 395 quo
1324 360 1398 388 turdi
1425 363 1439 390 5
1462 361 1584 387 eduxerat
1603 361 1707 394 Sparta,
1730 368 1810 394 quum
1824 361 1882 387 essct
1901 360 2032 394 propcfita
2049 368 2091 388 aut
2109 364 2170 397 fuga
2189 364 2289 398 turpis,
2308 367 2350 391 aut
2366 387 2368 390 ,
2399 365 2411 394 s

365 397 522 431 saginantur.
1462 404 1543 428 mora,
1556 395 1677 430 opposuit
1691 395 1817 422 hostibus.
1930 396 2021 422 Homo
2044 399 2197 430 turpiffimun
2222 405 2247 424 et
2271 399 2369 427 inhorret
2379 385 2412 428 ss'

404 438 427 458 'r
438 433 604 463 VRDELA,
616 440 654 457 ae.
673 431 692 457 s.
727 434 822 458 Pae-uus
835 430 933 456 turdus.
968 429 1073 461 Ifidnz,
1087 437 1113 464 7.
1463 431 1519 457 Cic.
1536 439 1582 465 pro
1601 432 1674 458 Rosc.
1690 435 1776 457 Amer.
1798 437 1837 462 50.
1965 431 2100 458 Lacrimae
2118 439 2202 467 turpes
2221 434 2282 460 Stat.
2299 430 2407 464 Theistf

402 473 506 493 ‘rvRD
516 474 525 493 1
535 473 576 493 Lx.
590 472 609 491 v
622 473 645 500 s,
660 467 678 493 i.
704 476 739 493 m.
794 465 875 494 Aliud
906 465 1006 491 Dimin.
1060 465 1117 491 Sen.
1146 465 1223 500 Epist.
1255 468 1298 500 96.
1353 466 1401 495 Sed
1462 466 1559 493 Macies
1572 467 1653 500 turpis
1670 467 1737 493 Hor.
1752 466 1838 492 Carm.
1852 474 1875 498 3,
1886 474 1927 498 27,
1941 474 1976 498 53.
2083 467 2246 502 Mor-§turpis
2264 469 2363 496 Luci-et.
2379 462 2408 499 Ψ

364 503 444 530 var-iti
454 501 486 534 est
505 500 585 528 Ιεέὶὶο.
1462 501 1642 536 Opprobrium
1655 507 1731 536 turpe
1742 502 1807 527 Hor.
1826 502 1908 528 Serm.
1923 510 1944 534 1,
1957 504 1982 534 6,
1997 508 2034 532 84.
2141 503 2293 538 Praeceptor
2307 506 2375 540 turpi
2399 507 2403 539 ,’

402 544 423 563 T
437 543 456 562 v
469 544 488 563 R
500 543 516 564 ε
529 544 549 562 v
558 543 570 562 s
580 555 587 567 ‚
607 536 659 561 vid.
680 541 700 561 'r
710 540 729 560 Η
740 541 760 559 ν
770 540 792 559 S.
1413 543 1443 563 ιο
1463 537 1610 573 flagitiosus
1633 536 1761 570 Qun-Stil.
1777 545 1795 567 1,
1808 545 1832 563 2.
1914 536 2014 564 Praelia
2027 537 2113 571 turpia
2126 538 2242 572 Propert.
2255 555 2276 572 s,
2293 546 2315 572 ς,
2327 547 2362 571 25.
2397 545 2400 555 ἰ

402 580 424 600 T
435 580 480 599 VR
490 580 509 599 G
519 580 534 599 E
544 579 573 603 0,
588 570 616 602 fi,
629 575 681 596 ere.
717 567 835 603 [vituium
848 567 999 604 σι’δίσκομαι]
1034 570 1171 607 Cognatum,
1199 572 1298 599 verbum
1322 572 1400 598 alteri
1461 572 1510 598 dor
1523 572 1605 606 turpis
1618 573 1696 599 Ouid.
1711 573 1773 599 Met.
1787 580 1818 604 ιι,
1834 576 1890 601 180.
2002 572 2072 599 Rana
2092 573 2159 599 Hor.
2179 573 2257 607 Epod.
2275 583 2297 606 5,
2311 582 2344 606 ¹9·

366 609 486 636 Tumcre
504 619 508 633 :
544 606 590 638 nist
604 605 667 640 quod
680 605 803 638 Turgere
816 605 915 631 videtur
925 609 1029 640 proprie
1042 606 1069 632 de
1082 607 1122 632 bis
1131 606 1190 639 dici,
1205 617 1308 644 quorum
1325 616 1398 633 cana-
1461 616 1517 635 rem
1531 613 1633 641 turpem
1646 615 1670 634 et
1681 609 1802 634 miseram
1814 607 1870 633 Cic.
1885 607 1937 633 Att.
1955 613 1979 640 8,
1995 611 2017 637 8.
2132 609 2219 635 Rebus
2239 609 2267 635 in
2278 610 2368 643 turpiss'
2386 609 2394 622 *⁵

366 645 452 671 liculos
465 650 487 668 pt
500 640 634 673 interstitia
645 642 729 666 humor
746 641 848 674 tmplem
861 642 944 665 molem
956 648 979 666 et
991 645 1097 676 rigorem
1110 650 1190 678 auget.
1241 643 1346 670 Accedit
1360 642 1399 668 de·-
1461 642 1524 670 bere
1535 643 1606 669 Caes.
1624 643 1688 670 Bell.
1704 643 1769 670 Gall.
1784 644 1807 673 6,
1826 650 1860 669 ει.
1985 642 2088 669 Scabies
2102 644 2185 678 turpis
2199 644 2274 678 Virg.
2288 642 2389 705 Georgk

365 679 423 705 inde
439 678 591 711 Mcmphom.
664 676 735 708 Virg.
750 675 802 700 hcl.
816 682 841 708 7,
856 680 883 705 μ8
902 676 955 701 lam
971 675 1039 703 laeto
1051 684 1154 710 turgent
1168 679 1196 704 in
1210 679 1318 713 palmite
1330 687 1400 712 gem·
1459 677 1565 704 SeneEta
1576 678 1658 712 turpis
1671 678 1742 705 Idem
1755 679 1849 711 Georg.
1863 685 1885 710 3,
1899 678 1941 710 96.
2069 678 2155 705 Vestes
2175 679 2243 706 Ter.
2261 679 2360 707 Phorm.

366 723 434 742 mae.
527 713 666 744 imponunt
678 717 702 736 ct
718 711 836 736 mammis
853 712 1016 744 turgentibus
1030 712 1161 739 decoctam
1176 720 1270 747 rutam,
1280 722 1304 740 et
1319 714 1399 748 pitui-
1418 721 1442 747 ις
1462 712 1534 746 Qud
1556 713 1591 739 est
1610 715 1720 749 nequius
1743 720 1787 740 aut
1813 714 1915 747 turpius
1941 712 2091 740 effeminato
2114 714 2200 740 Viro?
2222 715 2277 741 cic.
2296 712 2390 742 Ture&

367 756 407 776 tae
419 746 600 781 eruptionibus
616 754 673 771 cum
688 754 743 771 cera
758 746 821 771 Plin.
836 754 878 777 20,
893 755 923 774 ις.
1028 748 1169 775 Frumenta
1181 749 1209 775 in
1223 750 1305 776 viridi
1320 750 1398 783 stipu-
1460 749 1547 782 Vngui
1561 749 1664 783 turpior
1671 757 1725 776 vno
1740 750 1808 775 Hor.
1823 749 1910 774 Carm.
1923 757 1947 778 2,
1962 753 1984 780 8,
1998 758 2018 779 3.
2122 750 2184 777 Vita
2203 750 2286 784 turpis
2297 749 2362 778 Taci
2382 746 2391 773 i

365 785 391 811 la
405 782 526 809 latientia
539 788 642 815 turgent
657 781 730 814 Virg.
746 782 841 814 Georg.
865 789 884 812 1,
896 789 944 813 315.
1069 784 1164 810 Oratio
1183 794 1249 819 quae
1270 791 1355 819 turget
1369 790 1395 810 et
1459 790 1485 811 ta
1500 784 1587 817 Agric.
1602 792 1635 815 33-
1704 785 1767 811 Vita
1780 784 1863 818 turpis
1875 790 1901 810 et
1915 783 2021 810 infamis
2034 784 2088 811 Cic.
2104 793 2152 819 pro
2166 786 2242 813 Font.
2255 793 2290 818 24
2307 794 2328 812 c.
2342 780 2390 830 ¹¹¹'l

366 819 452 846 inflata
466 817 501 843 est
514 816 615 842 Λῑῑᾶἶῡῑ·
631 816 663 842 ³⁶1
681 817 780 842 Hereu-
796 825 824 848 4,
841 820 865 841 ÷6
875 825 896 841 c.
912 825 948 844 10.
1074 819 1199 854 Turgere
1212 820 1303 853 alicui,
1316 819 1397 855 Irasci
1457 820 1494 846 tia
1506 819 1592 854 turpia
1605 819 1738 854 decipiunt
1750 828 1853 846 caecum
1873 820 1938 846 Hor.
1951 820 2032 846 Serm.
2048 828 2068 851 ι,
2080 827 2103 851 3,
2117 828 2156 852 39.
2293 820 2364 848 Celar
2384 831 2389 833 ·

362 855 546 887 inaliqucm‚et
555 855 697 878 commoneri
709 852 788 878 Plaut.
803 851 919 884 Catina„
935 860 958 885 ς,
973 859 1044 887 17.et
1052 854 1159 888 Most.3,
1174 865 1197 885 z,
1215 865 1250 882 10.
1350 856 1396 883 Ve-
1458 854 1533 881 Idem
1574 854 1655 881 Serm.
1696 863 1722 887 1,
1757 864 1784 886 2,
1815 860 1852 888 ες.
2021 855 2152 887 Qinffil.
2182 863 2209 888 1,
2243 864 2259 882 2
2312 856 2385 884 Tur

363 896 428 916 teres
439 892 465 913 in
478 891 554 914 tertia
568 888 636 913 Coni.
650 887 733 912 cim-ere
748 887 883 921 Turgere.
939 889 989 920 sic,
1003 889 1061 916 Vet.
1075 890 1154 917 Gloff.
1169 891 1280 924 Turgit.
1412 892 1443 910 ²0
1458 896 1500 916 cet
1513 890 1604 916 tedere
1616 890 1683 924 pari,
1695 889 1833 923 pulchrum
1853 890 1977 923 superasse
1999 891 2121 916 maiores.
2153 890 2182 917 de
2192 894 2286 927 pueris.
2370 888 2389 896 “

400 930 420 948 Τ
430 929 449 947 v
460 930 478 949 R
488 929 508 949 G
519 929 535 949 E
546 929 565 948 N
579 928 607 954 S,
627 923 702 949 entis.
720 923 813 949 Par-nc.
833 921 960 957 [οἰδαίνων]
985 925 1028 956 Vt,
1050 926 1159 951 Lumina
1174 927 1304 960 turgentia
1315 926 1398 960 gerni·
1460 925 1511 952 hoc
1519 925 1631 959 turpius,
1645 924 1708 960 quid
1716 925 1835 951 foedius?
1855 926 1910 952 Cic.
1919 925 2014 959 Philip.
2022 934 2045 955 2,
2053 928 2093 953 86.
2359 936 2370 953 2

363 964 392 986 tu
407 959 522 992 Propert.
538 967 558 990 ι,
573 966 606 990 21,
621 967 639 988 3.
768 957 898 983 Mammae
915 966 1046 993 turgentes
1065 961 1130 988 Plin.
1144 970 1184 993 20,
1199 970 1230 993 ¹3·
1342 962 1397 988 Ora
1459 961 1509 996 pis,
1522 962 1643 1001 Magum,
1655 968 1677 986 et
1690 969 1720 986 ox
1731 962 1790 987 mole
1802 961 1851 996 βα
1867 963 2022 996 aliquantum
2042 961 2172 988 terribilis.
2225 961 2300 995 Virg.
2313 962 2374 988 Gen

362 994 494 1028 turgentia
508 995 585 1021 Sileni
595 993 626 1020 ab
637 992 722 1027 apibus
732 992 823 1026 pnnfli
841 994 922 1020 Ouid.
937 995 1001 1021 Fast.
1016 1005 1034 1027 3.
1048 1003 1106 1031 757.
1457 1011 1503 1016 —-
1522 1003 1623 1030 optima
1637 1002 1728 1022 toruae
1842 997 1936 1023 Forma
1951 997 2036 1027 bouis,
2055 996 2098 1023 cui
2112 1002 2186 1031 turpe
2205 1004 2278 1030 cap-,ut
2288 1017 2296 1030 ,
2313 997 2361 1024 eui*
2375 1020 2377 1022 .

397 1035 418 1055 T
429 1036 447 1055 R
458 1037 477 1055 v
488 1034 508 1055 G
518 1036 533 1055 Ε
545 1035 557 1054 s
569 1035 586 1055 c
596 1034 628 1060 o,
644 1032 695 1054 ere.
733 1028 896 1063 [ἐξογκὶμαι]
934 1030 1000 1057 Pers.
1021 1032 1069 1057 Sat.
1093 1040 1115 1063 ς,
1129 1039 1157 1062 ι9
1193 1031 1256 1057 Non
1271 1030 1395 1065 equidem
1458 1031 1559 1058 ceruix.
1615 1030 1689 1057 Idem
1702 1032 1798 1064 Georg.
1812 1039 1840 1063 4,
1853 1039 1898 1064 393
1931 1046 1977 1051 —-
1994 1033 2024 1058 Et
2038 1038 2125 1065 turpes
2144 1033 2221 1066 pascit
2236 1032 2282 1058 sub
2302 1041 2334 1066 gu
2363 1033 2370 1039 ‘

361 1064 412 1091 hoc
427 1064 532 1095 studeo,
551 1063 658 1090 bullam
671 1070 699 1089 vt
714 1064 781 1089 mihi
796 1065 871 1098 nugis
996 1066 1089 1100 Pagina
1104 1066 1240 1100 turgescat,
1258 1066 1319 1093 dare
1333 1075 1395 1100 pon·
1409 1071 1441 1097 25
1457 1076 1509 1094 cas.
1602 1063 1717 1100 Turpis,
1731 1065 1865 1093 Crudelis:
1879 1066 2002 1103 frequens
2025 1068 2091 1103 apud
2112 1067 2260 1094 Sallustium
2272 1067 2324 1102 (Ue,
2338 1068 2380 1096 bi

359 1099 407 1126 dus
421 1100 515 1126 idonea
524 1099 608 1125 fumo.
644 1099 699 1126 Cic.
707 1099 789 1125 Tusc.
812 1109 833 1131 3,
848 1109 872 1133 ¹9
885 1109 907 1126 c.
920 1109 937 1133 9
956 1101 1062 1135 Corque
1081 1111 1169 1128 meum
1183 1102 1287 1140 penitus
1307 1108 1394 1136 turge-
1455 1105 1568 1128 notauit:
1584 1102 1663 1138 nescio
1676 1111 1747 1137 quam
1754 1107 1822 1128 certa
1829 1101 1888 1135 fide.
1988 1103 2085 1137 Turpe
2103 1103 2286 1130 aduerbmmer.
2309 1103 2355 1135 Cat
2369 1120 2371 1127 ι
2402 1132 2404 1135 ,

358 1136 406 1163 scit
421 1135 539 1162 tristibus
558 1135 614 1162 iris.
648 1144 676 1160 ex
691 1135 774 1161 Porta.
811 1137 842 1161 Et
855 1145 919 1168 mox,
938 1136 1058 1171 sapientis
1069 1138 1172 1164 animus
1190 1146 1324 1171 nunquam
1338 1143 1393 1164 tur·
1453 1138 1551 1172 Turpe
1563 1137 1693 1164 incedere.
1788 1137 1886 1171 Turpe
1898 1145 2002 1172 gemens
2015 1138 2076 1165 Stat.
2090 1138 2213 1172 Theb.3‚
2228 1147 2276 1173 335.
2311 1139 2342 1165 Co
2365 1168 2367 1174 A
2406 1157 2407 1160 ι

358 1171 449 1207 gestit,
466 1179 601 1205 nunquam
615 1175 698 1196 tumet
711 1171 796 1197 Varro
803 1170 833 1198 de
848 1171 878 1197 R.
893 1172 923 1197 R.
939 1180 962 1203 3,
976 1182 998 1205 9.
1121 1173 1212 1199 Semen
1227 1173 1351 1206 turgescit
1363 1173 1394 1200 in
1453 1173 1482 1200 in
1496 1174 1603 1207 Eutrop.
1616 1182 1640 1207 2,
1652 1175 1714 1206 446.
2377 1199 2379 1202 ⁴

358 1206 428 1241 agris
443 1205 524 1233 Ouid.
537 1206 628 1232 Amor.
642 1215 661 1237 3,
675 1214 713 1238 10,
727 1215 755 1231 n.
895 1207 990 1233 Ramus
1008 1207 1138 1241 turgescit,
1156 1208 1184 1234 in
1202 1207 1297 1235 arbore
1317 1208 1392 1235 Idem
1490 1215 1540 1235 'rv
1551 1214 1636 1235 Rric
1646 1208 1691 1234 xiL
1703 1214 1723 1233 v
1734 1214 1757 1240 s,
1770 1216 1794 1239 a,
1808 1215 1863 1233 um.
1883 1206 1984 1234 Dimin.
2020 1207 2090 1242 [ῦπαι
2118 1211 2164 1242 ρος]
2195 1208 2250 1235 Cic.
2264 1208 2296 1234 de
2311 1209 2336 1235 0
2366 1214 2371 1231 ῦ
2413 1215 2415 1218 ’

358 1242 446 1269 Trist.
460 1251 483 1274 3,
497 1250 532 1273 12,
549 1249 583 1274 ις.
691 1240 812 1274 Virgulta
826 1242 996 1276 turgescentia
1011 1243 1076 1269 Plin.
1091 1247 1114 1275 8,
1128 1252 1167 1276 50.
1407 1248 1441 1272 30
1454 1254 1476 1271 c.
1492 1245 1520 1270 61
1540 1244 1660 1270 Tantum
1672 1243 1795 1274 intera-st,
1816 1242 1887 1277 quod
1899 1243 2013 1277 grauitas
2031 1219 2144 1271 bunditi-
2164 1243 2191 1269 in
2206 1243 2282 1270 rebus
2295 1238 2383 1276 seuaj:

395 1283 416 1303 T
428 1283 448 1303 V
461 1284 479 1304 R
490 1283 510 1304 G
520 1277 557 1304 in
568 1284 588 1303 ν
599 1282 624 1307 S,
636 1284 658 1306 a,
667 1285 720 1302 um.
740 1277 798 1302 Adi.
836 1277 952 1311 [ἴξογκσς]
985 1278 1101 1314 Inflatus,
1110 1285 1211 1306 tumens.
1246 1278 1393 1306 Cic.Tusc.
1454 1280 1483 1306 in
1502 1279 1640 1312 turpiculis
1651 1286 1677 1305 et
1692 1278 1760 1313 quasi
1774 1278 1940 1305 deformibus
1959 1279 2074 1313 ponitur.
2110 1280 2181 1306 Idem
2195 1279 2249 1306 Att.
2261 1288 2290 1312 4,
2303 1287 2317 1312 ς
2341 1277 2371 1310 ΦῘΞἼ

357 1321 380 1345 3,
401 1321 428 1345 ι9
448 1321 469 1339 c.
485 1321 501 1345 9
520 1313 594 1339 Num
617 1310 724 1345 aliquod
743 1311 877 1345 quippiam
895 1313 1044 1340 membrum
1062 1314 1196 1341 tumidum
1208 1322 1237 1340 ae
1256 1314 1393 1348 turgidum
1453 1315 1507 1342 iam
1521 1314 1698 1349 subturpicula
1711 1313 1778 1341 mihi
1786 1314 1927 1340 videbatur
1941 1312 2078 1347 παλινῳδία.
2133 1315 2217 1342 Nasus
2230 1311 2370 1349 turpia-uhi

356 1356 410 1373 non
423 1348 518 1374 vitiose
534 1348 559 1373 se
573 1345 667 1373 habet?
692 1346 808 1373 Martial.
817 1349 840 1378 6,
856 1356 886 1380 39
905 1348 1038 1383 Turgidis
1053 1349 1142 1376 labris.
1232 1349 1323 1376 Fluuii
1338 1356 1391 1376 tur-
1453 1351 1485 1378 de
1500 1351 1579 1377 Acme
1593 1359 1636 1383 42,
1649 1358 1671 1382 3.
1774 1349 1842 1375 Add.
1864 1350 1950 1376 Varro
1966 1349 1997 1376 L.
2010 1350 2040 1376 L.
2054 1352 2079 1380 6,
2092 1357 2113 1383 ς.
2356 1354 2371 1379 Β

356 1383 412 1417 gidi
427 1383 494 1409 Hor.
508 1383 596 1409 earm.
610 1392 637 1415 4,
651 1390 684 1412 12,
697 1391 724 1414 4.
847 1383 930 1409 Frons
948 1385 1050 1419 turgida
1067 1385 1192 1412 cornibus
1213 1384 1287 1411 Idem
1301 1385 1390 1412 Carni.
1490 1392 1511 1412 T
1523 1392 1543 1411 ν
1554 1393 1573 1412 R
1584 1391 1599 1411 Ρ
1608 1386 1619 1412 i
1629 1392 1649 1410 T
1659 1392 1675 1412 Ε
1684 1391 1713 1411 R.
1734 1383 1801 1410 Adu.
1819 1384 1940 1421 [αἰχρῶς]
1961 1384 2096 1419 Ιηζ-οηςβε,
2108 1385 2227 1413 indecore.
2261 1385 2330 1412 Ter.
2341 1385 2366 1413 E'
2378 1414 2381 1425 Δ

354 1428 377 1451 3,
392 1427 423 1450 13,
437 1427 463 1450 4,
570 1418 643 1443 Mare
658 1416 791 1450 turgidum
804 1417 877 1444 Idem
892 1419 979 1446 Carxn.
1003 1426 1025 1451 1,
1041 1429 1062 1453 3,
1076 1430 1110 1453 ¹9-
1219 1421 1391 1454 PudicaQOra-
1411 1422 1442 1450 35
1452 1430 1489 1454 24
1508 1421 1610 1448 Mirum
1622 1420 1650 1446 ni
1664 1429 1714 1454 ego
1727 1428 1769 1445 me
1782 1420 1895 1453 turpiter
1913 1419 1993 1447 hodie
2006 1419 2049 1447 hic
2063 1420 2132 1447 dabo
2145 1430 2203 1448 cum
2216 1429 2276 1447 meo
2291 1420 2371 1448 decre

353 1454 393 1481 tio
413 1463 466 1480 non
486 1452 522 1479 est
541 1452 645 1487 turgida
671 1453 774 1479 Petron.
793 1461 813 1479 c.
833 1461 859 1480 2.
983 1455 1048 1482 Vela
1073 1456 1178 1492 turgida
1205 1457 1274 1483 Hor.
1300 1457 1389 1483 Carm.
1450 1456 1582 1483 eunucho.
1620 1456 1676 1483 Cic.
1689 1456 1721 1482 de
1733 1454 1821 1482 Finib.
1840 1464 1863 1488 2,
1880 1464 1910 1484 25
1929 1456 1997 1489 Quia
2016 1455 2087 1491 quod
2100 1456 2176 1489 bene,
2194 1456 2222 1483 id
2233 1456 2314 1489 reete,
2368 1474 2370 1479 .

353 1498 376 1523 a,
400 1498 438 1521 10,
459 1497 502 1522 24.
569 1522 579 1528 ..
834 1523 839 1527 Ι
1451 1492 1572 1519 honeste:
1589 1492 1635 1518 ille
1649 1499 1730 1526 porro
1742 1490 1819 1522 male,
1833 1499 1922 1525 praue,
1935 1491 2067 1526 nequiter,
2080 1492 2193 1527 turpiter
2204 1493 2337 1519 coenabat.
2353 1494 2370 1523 ,ζ’

387 1531 409 1551 Τ
419 1532 440 1551 ν
451 1531 468 1550 R
481 1529 501 1550 G
513 1531 521 1549 1
532 1530 550 1549 D
559 1531 577 1549 v
589 1529 606 1549 1.
619 1529 639 1547 v
651 1529 674 1555 s,
687 1531 711 1555 a,
725 1532 779 1549 um.
806 1523 906 1551 Dimin.
932 1525 1027 1553 Catull.
1047 1526 1080 1553 de
1097 1528 1194 1554 Pafsere
1211 1526 1321 1554 Lesbiae
1334 1528 1352 1554 s.
1366 1535 1388 1560 3,
1450 1537 1484 1554 ve
1496 1527 1542 1560 fit,
1565 1526 1637 1562 quod
1650 1526 1763 1560 turpiter
1776 1526 1862 1552 Audes
1883 1527 2001 1553 quenal.
2016 1533 2040 1559 3,
2054 1530 2105 1557 165.
2229 1523 2368 1555 Mau-imru>¹

353 1568 381 1595 ¹7
399 1560 498 1586 Flendo
512 1558 640 1593 turgiduli
654 1557 748 1584 rubent
768 1558 855 1585 ocelli.
1452 1563 1556 1590 trahere
1570 1563 1672 1597 turpius
1685 1562 1754 1589 Suet.
1768 1562 1850 1596 Calig.
1866 1571 1886 1587 c.
1899 1569 1939 1594 23.
2033 1563 2167 1597 Turpiter
2185 1568 2269 1590 atrum
2283 1563 2338 1590 Des

391 1601 413 1621 T
425 1602 444 1620 v
456 1601 473 1621 R
485 1601 505 1620 G
516 1600 579 1635 obR.
600 1593 665 1621 orio.
684 1603 719 1620 m.
740 1595 818 1620 Mart.
836 1594 925 1629 Capel.
940 1603 955 1621 2
969 1604 993 1630 p.
1005 1603 1033 1629 35
1052 1596 1199 1624 Distentum
1218 1606 1314 1634 magno
1327 1607 1387 1626 cum
1396 1598 1433 1624 40
1452 1600 1519 1626 seem
1532 1599 1629 1625 mulier
1644 1599 1759 1624 formosa
1778 1598 1887 1632 superne
1904 1598 1972 1624 Hor.
1987 1598 2019 1624 A.
2034 1599 2062 1625 Ρ.
2075 1608 2100 1625 v.
2117 1607 2136 1630 3.
2155 1598 2212 1625 add.
2225 1600 2258 1626 ib.
2271 1609 2297 1626 v.
2311 1599 2375 1632 284-'0

351 1636 460 1665 turgore
473 1631 621 1664 respiciens.
690 1628 759 1655 Add.
778 1630 816 1655 Id·
831 1639 842 1659 5
856 1639 880 1664 p.
896 1636 948 1665 187.
1452 1635 1538 1662 Trist.
1553 1642 1575 1668 5,
1588 1635 1614 1667 6,
1627 1642 1651 1666 ι3
1688 1633 1811 1667 Turpius
1823 1632 1939 1664 eiicitur,
1953 1641 2032 1667 quam
2045 1643 2096 1660 nen
2110 1634 2257 1661 admittitur
2271 1634 2373 1669 hospet.

389 1673 410 1692 T
420 1673 486 1692 VRI
497 1672 513 1692 C
526 1670 544 1690 R
554 1671 569 1689 E
578 1671 603 1704 131
613 1672 633 1690 V
643 1672 666 1696 8,
678 1664 730 1690 Uid—
752 1671 852 1690 THVS-
1450 1671 1546 1704 gitiose
1561 1677 1587 1696 et
1602 1669 1715 1703 turpiter
1728 1669 1782 1695 Cic.
1797 1669 1850 1695 Att.
1863 1670 1888 1701 6,
1901 1677 1923 1701 ς.
2072 1669 2206 1704 Turpiter
2219 1677 2244 1697 et
2259 1669 2349 1704 nequit
2368 1688 2370 1691 -

389 1707 411 1727 T
424 1707 444 1725 V
454 1708 471 1727 R
484 1708 491 1726 1
504 1707 536 1729 0,
548 1707 614 1725 onis.
633 1708 668 1725 m.
695 1700 827 1740 Teneritas·
835 1700 1006 1736 fiammitatum
1013 1700 1126 1727 arborum
1133 1703 1175 1728 vel
1184 1702 1335 1736 arbustorum
1350 1704 1387 1731 di·
1450 1706 1533 1733 Ture.
1547 1713 1570 1737 3,
1584 1708 1612 1737 36
1626 1714 1647 1730 c.
1662 1712 1692 1739 17
1718 1705 1793 1737 Quae
1814 1710 1838 1730 te
1860 1705 1972 1738 turpiter
1987 1710 2012 1730 et
2032 1705 2155 1739 nequiter
2173 1705 2260 1733 facere
2279 1704 2345 1732 nihil

351 1739 427 1763 citur.
464 1735 595 1762 Columel.
609 1743 644 1766 ιε,
658 1739 691 1768 48
711 1735 827 1761 Concilxs
841 1735 936 1761 deinde
949 1736 1026 1769 pleno
1041 1737 1100 1762 vase
1113 1737 1203 1771 oliuis,
1217 1739 1331 1766 immitte
1344 1740 1388 1766 de·
1448 1740 1606 1772 Extimesco,
1615 1749 1648 1766 ne
1656 1739 1720 1774 quid
1734 1740 1848 1773 turpiter
1862 1740 1957 1766 faciam
1972 1740 2027 1766 Cic.
2042 1741 2096 1768 Att.
2110 1742 2157 1773 9‚6
2172 1744 2208 1773 (7)
2311 1741 2366 1768 Ειιι

351 1772 452 1798 frutum
467 1780 549 1806 vsque
561 1771 591 1796 ad
607 1778 644 1795 οε.
682 1770 762 1796 Lauri
776 1770 894 1797 turiones
911 1771 940 1796 in
954 1771 1004 1797 hoc
1016 1772 1061 1797 vsu
1075 1772 1187 1806 mittito,
1206 1780 1235 1800 vt
1248 1774 1332 1800 oliuas
1345 1774 1387 1801 de·
1396 1778 1430 1805 45
1447 1776 1477 1802 in
1490 1776 1600 1802 deorum
1612 1775 1739 1809 opinione
1761 1774 1903 1808 turpissime
1920 1775 2032 1801 Labitur
2039 1777 2095 1802 Cic.
2103 1775 2135 1802 de
2143 1776 2178 1802 N.
2187 1777 2217 1802 D.
2227 1785 2235 1801 ι
2251 1786 2272 1802 c.
2288 1786 2319 1802 τι.

350 1810 480 1841 primam:
517 1805 572 1840 post
585 1805 641 1831 dies
654 1805 751 1839 viginti
763 1812 845 1833 Vtere·
901 1806 975 1842 (7071]-
994 1806 1069 1841 Apic-
1082 1812 1105 1840 8,
1120 1816 1138 1834 Ι-
1193 1809 1290 1845 Reines.
1309 1811 1387 1837 Varr.
1448 1811 1502 1846 peti
1515 1811 1628 1845 turpiter
1640 1810 1694 1837 Cic.
1709 1818 1758 1844 pro
1770 1810 1866 1836 Milon.
1881 1818 1906 1841 9.
2000 1811 2067 1837 Cato
2080 1812 2107 1836 in
2121 1820 2164 1837 me
2177 1811 2288 1844 turpiter
2303 1811 2353 1839 fnit
2367 1825 2370 1833 ι

349 1841 416 1869 Le&
436 1851 457 1875 3,
473 1851 503 1868 ιι.
529 1841 587 1868 md,
609 1847 711 1867 CYMA.
1449 1848 1488 1873 lu·
1501 1846 1558 1873 Cic.
1572 1847 1626 1872 Att.
1638 1855 1661 1880 7,
1674 1854 1698 1871 2.
1806 1845 1944 1878 Ingenium
1958 1847 2070 1880 turpiter
2083 1846 2183 1873 hirtum
2203 1848 2268 1873 Hor.
2282 1847 2364 1881 Epist..

385 1885 435 1905 TV
446 1884 464 1903 R
476 1884 498 1902 M
512 1884 546 1909 A,
559 1885 598 1902 ae.
617 1876 635 1903 f.
656 1876 722 1909 [ἴλη.
740 1875 784 1907 ςὶξ,
796 1877 871 1909 etwas,
883 1877 955 1909 ςέχη,
970 1874 1072 1909 Ἄμιλος,
1086 1877 1215 1912 ἐνωμοτία]
1240 1879 1308 1906 Ordo
1323 1881 1389 1906 mili.
1448 1883 1515 1909 Cato
1528 1887 1615 1908 morte
1627 1880 1798 1907 honessissime
1806 1881 1871 1906 Vsus
1886 1881 1930 1912 est,
1942 1881 2036 1908 Brutus
2048 1882 2190 1916 turpiffime
2204 1883 2261 1909 Sen.
2276 1883 2321 1917 Ep.
2334 1887 2381 1913 82„-

346 1916 412 1941 taris
421 1917 533 1948 equitum.
563 1913 666 1938 Triceni
672 1914 763 1946 equitat
770 1921 797 1937 ex
805 1911 885 1937 tribus
892 1911 1014 1944 tribubus,
1020 1913 1390 1948 Tatiezfium,Ramnerfium‚et
1448 1917 1517 1952 piter
1530 1918 1600 1943 iners
1618 1916 1698 1942 Ouid.
1715 1916 1788 1941 Rem.
1803 1917 1894 1942 Amor.
1908 1921 1962 1946 780.
2366 1918 2369 1922 '

347 1950 463 1975 Lucerum
470 1948 571 1981 fiebant.
607 1948 692 1985 Varro
706 1946 734 1971 L.
748 1946 777 1971 L.
786 1954 812 1985 43,
826 1949 863 1972 16.
871 1953 894 1972 et
901 1947 1025 1987 vegetius
1045 1956 1068 1979 2,
1082 1957 1111 1980 ¹4
1135 1949 1232 1980 Festus,
1253 1951 1388 1977 Turmam
1403 1951 1436 1976 50
1484 1958 1506 1977 T
1515 1959 1562 1978 VR
1573 1958 1587 1977 P
1597 1959 1606 1977 1
1616 1957 1637 1976 Τ
1646 1952 1691 1977 νυ
1702 1956 1732 1982 O,
1750 1951 1811 1977 inis.
1832 1951 1852 1977 f.
1872 1947 2094 1986 [ὦχος,οἰμορφιά,
2107 1949 2230 1986 δυσειδέα]
2248 1952 2362 1989 Deform‘

345 1984 465 2017 equitum
479 1982 577 2008 dietam
590 1981 638 2007 effe
652 1986 687 2006 ait
702 1981 848 2012 Curianus,
862 1983 931 2015 quan
945 1987 1066 2020 termam,
1078 1984 1149 2017 quod
1162 1984 1264 2010 terdeni
1273 1987 1385 2019 equites,
1448 1988 1489 2013 vel
1496 1988 1572 2013 oculis
1579 1986 1713 2018 iudicatur,
1726 1987 1844 2021 velquam
1855 1989 1882 2012 in
1894 1989 1967 2012 vitiis
1979 1986 2112 2013 hommem
2121 1988 2287 2023 deprehendit.
2324 1989 2368 2016 Cic

347 2026 392 2045 etc.
407 2018 497 2044 eadem
513 2016 591 2045 verba
606 2024 677 2057 quae.
686 2016 769 2050 supra.
822 2017 914 2051 Itaque
930 2017 1013 2056 primi
1035 2017 1192 2053 lingularum
1207 2019 1385 2054 decuriarum,
1446 2021 1504 2048 nib.
1518 2031 1543 2054 2,
1557 2028 1589 2056 47
1608 2022 1671 2048 Sunt
1683 2022 1762 2047 etim]
1778 2021 1969 2055 turpitudines,
1988 2022 2126 2056 plurimae,
2146 2033 2221 2058 quae,
2242 2023 2289 2050 nifi
2303 2023 2368 2050 hone

344 2054 506 2081 Decuriones
519 2052 592 2092 dieti.
646 2053 702 2092 Cic.
722 2053 774 2077 Att.
788 2058 811 2084 ς,
823 2059 849 2078 2ι
869 2053 968 2086 Appius
984 2053 1071 2093 noster
1079 2060 1177 2081 turmas
1194 2055 1297 2090 aliquot
1309 2057 1384 2092 equi·
1447 2063 1506 2084 tura
1522 2057 1668 2091 plurimum
1681 2056 1776 2087 valeat,
1790 2066 1836 2083 cur
1847 2065 1901 2084 non
1915 2056 2006 2084 cadant
2018 2058 2048 2084 in
2063 2059 2212 2093 sapientem,
2227 2068 2279 2086 nou
2296 2059 2331 2086 est
2342 2060 2371 2086 fa:

343 2097 401 2116 tum
416 2088 522 2115 dederat
534 2088 596 2114 huic
618 2087 729 2121 Scaptio.
859 2088 965 2114 Turma
987 2087 1075 2116 d1ffert
1088 2098 1102 2115 a
1116 2090 1242 2123 Cohorte,
1259 2092 1312 2118 vid.
1333 2100 1385 2120 CO·
1448 2092 1565 2119 fcndere.
1688 2092 1746 2119 Cic.
1761 2092 1793 2118 de
1807 2093 1880 2119 Orat.
1896 2101 1922 2125 2,
1939 2094 1982 2124 236
2005 2093 2089 2120 Locus
2103 2101 2191 2121 autem
2205 2102 2230 2122 et
2242 2095 2316 2129 regio
2328 2103 2371 2129 qua

345 2131 444 2152 HORS.
572 2121 676 2162 Cohors
694 2128 718 2148 et
732 2128 827 2162 turma.
864 2123 921 2149 Cic.
941 2124 1123 2163 pro-Marcell.
1141 2136 1153 2158 7
1168 2135 1189 2153 c.
1205 2135 1218 2152 2
1237 2127 1316 2154 Nihil
1334 2128 1383 2155 fibi
1400 2130 1429 2156 55
1445 2128 1499 2155 culi
1511 2127 1675 2162 turpitudine
1688 2135 1713 2154 et
1728 2127 1899 2154 deformitate
1912 2127 2022 2162 quadam
2037 2130 2196 2158 continetur.
2315 2131 2371 2157 Tur
2400 2157 2401 2160 ,

343 2170 376 2187 ex
391 2160 436 2186 isla
451 2158 525 2186 laude
537 2164 673 2198 centurio,
693 2157 761 2184 nihil
775 2157 931 2198 praescitus,
946 2158 1014 2185 mh1l
1030 2160 1139 2194 cohors,
1158 2161 1225 2188 nihil
1239 2169 1324 2190 turma
1339 2164 1382 2190 de·
1444 2173 1510 2198 quae
1523 2172 1537 2190 a
1550 2163 1674 2196 libidine,
1692 2164 1894 2197 autpetulantia,
1907 2163 1990 2190 autab
1997 2163 2103 2191 audacia
2116 2173 2174 2192 nata
2188 2165 2223 2192 est
2231 2166 2285 2193 Cic.
2295 2174 2341 2200 pro
2352 2166 2371 2192 F
2388 2155 2405 2185 i*

345 2196 438 2230 cei-pit.
554 2195 679 2228 Equitum
693 2199 795 2221 turmae
809 2195 883 2227 Virg.
897 2195 960 2220 Aen.
974 2202 997 2228 ς,
1011 2198 1068 2228 560.
1181 2198 1313 2232 Equestris
1328 2205 1382 2227 tur·
1444 2209 1466 2225 c.
1481 2208 1515 2226 12.
1608 2199 1718 2226 Crimen
1736 2199 1908 2233 turpitudinis
1923 2199 2053 2233 Qinetil.
2070 2210 2092 2233 ρ,
2105 2209 2129 2227 2.
2242 2201 2347 2228 Generis
2358 2208 2372 2228 n

345 2241 387 2258 ma
401 2229 492 2257 Claud.
510 2229 541 2256 de
554 2230 620 2257 Bell.
634 2230 692 2258 Get.
706 2237 760 2262 579.
851 2230 1070 2257 Ferocesturmae
1082 2232 1157 2267 Virg.
1172 2233 1268 2268 Georg.
1290 2243 1313 2267 3,
1326 2243 1380 2270 ι79.
1445 2235 1479 2261 do
1494 2234 1654 2267 Quinctil.3,
1667 2242 1693 2269 7.
1799 2235 1902 2261 Paullus
1915 2234 1943 2261 in
1957 2235 1972 2262 l.
1989 2235 2015 2261 si
2025 2235 2184 2263 mandauero
2192 2236 2250 2265 tibi.
2265 2235 2353 2274 §.Qui
2365 2245 2372 2262 ι
2399 2246 2401 2255 ¹

345 2266 473 2294 Mortales
483 2273 584 2292 turmae
593 2265 661 2291 Hor.
677 2266 763 2292 Carm.
779 2273 801 2296 3,
814 2273 842 2297 4,
856 2272 901 2305 437.
1008 2267 1110 2294 Ducere
1119 2275 1216 2295 turmas
1230 2270 1305 2304 Virg.
1313 2272 1377 2297 Aen.
1444 2271 1476 2297 D.
1492 2271 1606 2297 Mandat.
1644 2270 1699 2304 Qti
1718 2269 1807 2296 aedem
1822 2271 1919 2297 sacram
1940 2270 2111 2305 spoliandam,
2130 2271 2263 2298 hominem
2281 2272 2372 2308 vulner.
2384 2275 2387 2294 ⁴
2401 2280 2408 2287 ¹*

343 2311 368 2336 ς,
388 2312 441 2333 550-
565 2300 718 2328 Glomerarc
732 2306 829 2327 turmas
850 2300 897 2341 ,3¹¹⁰
918 2309 942 2342 3,
954 2309 1009 2332 225.
1136 2304 1263 2332 Inuadere
1282 2312 1381 2333 turma·
1399 2304 1435 2329 60
1444 2306 1653 2333 occidendumue
1665 2305 1788 2332 mandatu
1803 2306 1921 2341 suscipit:
1938 2306 2008 2333 nihil
2021 2306 2136 2333 mandati
2145 2307 2292 2342 inconst-qui
2305 2306 2373 2342 potes
2391 2319 2393 2322 ι
2406 2316 2409 2325 ⁴

343 2338 421 2371 Virg.
436 2337 500 2363 Aen.
514 2345 546 2368 ιι,
561 2340 621 2362 620.
656 2371 661 2376 ι
676 2336 748 2362 Porc.
758 2337 836 2362 Latro
849 2344 877 2362 ιιι
885 2337 962 2363 Catil.
973 2346 1027 2369 c.32
1048 2337 1074 2364 Si
1088 2338 1118 2365 L.
1133 2340 1275 2367 Catilinam
1283 2342 1380 2369 constat
1444 2347 1500 2375 pter
1514 2342 1704 2375 turpitudinem
1717 2341 1841 2368 mandati.
1969 2341 2064 2368 Delere
2085 2342 2273 2377 turpitudinem
2283 2343 2333 2370 cic.
2346 2342 2372 2367 Vn
2386 2363 2390 2368 .
2414 2349 2415 2355 ¹

344 2373 399 2400 dies
410 2381 501 2399 omnes
521 2380 566 2411 —f
586 2371 638 2398 fiue
655 2380 683 2397 ιιι
697 2371 768 2411 foro,
781 2371 833 2397 fine
847 2373 873 2397 in
888 2373 983 2399 turmis
995 2381 1087 2408 agere:
1106 2374 1226 2408 declarat,
1237 2383 1312 2412 puto,
1327 2387 1380 2403 cum
1443 2377 1561 2404 Foedare
1574 2377 1737 2411 turpitudine
1749 2376 1824 2404 Idem
1844 2376 1876 2403 de
1890 2376 1981 2411 Arusp.
1997 2378 2070 2412 Resp.
2088 2386 2123 2409 3²·
2215 2379 2311 2406 Habere
2321 2381 2373 2408 turp
2386 2374 2417 2400 ld

343 2408 424 2438 addit,
441 2417 508 2433 nunc
524 2407 645 2441 stipatum
659 2414 770 2433 cateruis
782 2407 946 2434 exoletorum
960 2408 1082 2439 suorum,
1101 2419 1170 2436 nunc
1183 2420 1247 2439 vero
1255 2413 1381 2448 gladiato·
1443 2421 1504 2439 nem
1518 2412 1592 2439 Idem
1604 2422 1653 2448 pro
1668 2413 1756 2439 Domo
1769 2419 1804 2444 83.
1934 2412 2059 2448 Infligere
2078 2413 2126 2440 fibi
2145 2412 2330 2449 turpitudinem,
2343 2419 2373 2436 υιι
2385 2415 2413 2435 iN

345 2445 393 2471 riis
407 2443 557 2477 agminibus
573 2452 618 2477 per
632 2451 678 2468 ora
691 2443 765 2476 vulgi
779 2442 864 2475 palam
879 2442 1038 2470 obuolitare.
1443 2454 1553 2475 FL1G0.
1674 2448 1801 2474 Liberare
1819 2447 1983 2481 turpitudine
1997 2448 2121 2483 aliquem,
2134 2450 2189 2476 vid.
2203 2452 2302 2476 UBERO
2313 2448 2338 2472 in
2351 2451 2372 2470 1.·
2384 2449 2415 2470 ER

383 2485 405 2505 Τ
417 2487 436 2504 ν
447 2486 465 2505 R
476 2485 500 2504 M
511 2480 529 2505 Ᾰ
540 2485 553 2502 L
564 2486 573 2503 1
585 2484 610 2509 s,
624 2486 647 2504 e.
668 2476 800 2516 [ἰλάρχης]
822 2478 872 2511 Qui
885 2477 990 2502 eiusdem
1002 2485 1097 2504 turmae
1111 2477 1158 2511 est.-
1184 2480 1240 2505 Cic.
1255 2481 1288 2507 de
1304 2483 1378 2508 Orat.
1395 2482 1426 2513 65
1444 2483 1504 2508 Adi.
1617 2483 1715 2509 Notari
1730 2483 1894 2517 turpitudine
1908 2484 1962 2509 Cic.
1976 2493 2024 2518 pro
2037 2485 2140 2512 Cluent.
2155 2493 2201 2518 119.
2319 2481 2373 2506 ven
2389 2477 2410 2518 ‚-

345 2523 368 2546 2,
383 2523 425 2540 122
438 2524 458 2539 c.
475 2517 503 2545 ⁶5
525 2513 560 2538 Ex
577 2513 747 2538 translatione
759 2518 860 2542 autem,
881 2517 909 2537 vt
926 2521 1009 2545 quum
1028 2513 1116 2546 Scipio
1130 2513 1176 2539 ille
1188 2515 1274 2540 maior
1286 2516 1380 2541 Corin·
1442 2516 1633 2550 turpitudinem
1649 2518 1723 2543 Idem
1739 2527 1787 2551 pro
1802 2519 1895 2549 Qum.
1918 2527 1952 2550 53.
2092 2520 2183 2546 Vitare
2195 2516 2337 2546 ‘verborum
2352 2519 2373 2539 n
2389 2521 2404 2539 ι-

345 2549 409 2575 chiis
417 2549 524 2574 statuam
545 2547 730 2580 pollicentibus
749 2555 781 2572 eo
795 2547 869 2577 locu,
894 2546 942 2572 vbi
960 2547 1073 2573 aliorum
1092 2548 1169 2574 essent
1191 2548 1381 2583 imperatorum
1442 2550 1531 2576 dinem
1546 2557 1572 2576 et
1585 2560 1672 2577 rerum
1685 2551 1872 2577 obscenitatem
1886 2553 1959 2578 Idem
1972 2552 2003 2579 de
2018 2554 2092 2580 Orat.
2107 2563 2129 2586 2,
2141 2563 2185 2585 242
2197 2563 2210 2579 c
2234 2560 2270 2585 59.
2396 2566 2401 2578 ι

346 2582 707 2616 turmales,dixitdisplicere.
750 2582 1030 2608 Vid.TRANSLAT10
1041 2583 1058 2608 s.
1071 2588 1285 2610 TRANSFERO.
1320 2586 1379 2612 Liu.
1440 2585 1514 2615 Idem
1529 2585 1605 2610 Verr.
1620 2593 1640 2616 3,
1654 2594 1678 2616 23
1694 2594 1714 2611 c.
1729 2594 1745 2616 9
1757 2586 1786 2610 de
1798 2587 1919 2619 Apronio,
1933 2588 2058 2613 immensa
2071 2589 2159 2622 aliqua
2173 2595 2271 2621 vorago
2278 2585 2312 2617 est
2324 2588 2365 2610 aut

346 2628 386 2652 25,
401 2624 435 2648 18.
469 2618 576 2645 Bellona
590 2617 700 2644 turmale
716 2617 830 2643 fremens
847 2616 908 2643 Stat.
929 2616 1020 2644 Theb.
1035 2627 1061 2650 4,
1085 2627 1121 2644 10.
1248 2620 1300 2645 Diu
1318 2629 1379 2647 cun-
1440 2620 1570 2646 vitiorum
1584 2619 1830 2653 turpitudinumque
1846 2620 1976 2646 omnium.

346 2655 459 2681 &antem
471 2654 623 2688 Crispinum
636 2653 771 2687 perpulere
784 2652 920 2684 turmales,
932 2661 963 2678 ne
973 2653 1079 2687 impunc
1086 2653 1209 2680 insultare
1217 2655 1379 2691 Campanum
1386 2657 1422 2685 70
1475 2661 1526 2681 TV
1537 2655 1663 2687 mino,
1691 2655 1750 2680 inis.
1779 2654 1798 2680 f.
1825 2654 1891 2680 Idem
1916 2653 2034 2680 Tertull.
2051 2654 2082 2680 de
2103 2655 2166 2682 Cor.
2187 2655 2244 2681 Mil.
2260 2663 2289 2687 ¹4
2314 2654 2344 2680 Et
2363 2658 2372 2679 t

346 2696 498 2724 paterentur
511 2689 572 2715 Stat.
592 2688 656 2714 Silu.
673 2695 696 2720 ς,
709 2697 732 2720 2,
747 2692 778 2717 ¹8·
885 2703 929 2708 —
944 2697 997 2714 non
1011 2689 1135 2723 sanguine
1150 2696 1235 2716 cretus
1304 2692 1378 2717 Tur·
1438 2696 1464 2717 et
1476 2690 1652 2716 dedecoratio.
1690 2691 1732 2716 An
1746 2693 1835 2716 vitium
1848 2689 1978 2716 librarium
1995 2687 2047 2722 est?

346 2725 417 2752 mali.
520 2724 633 2751 Buccina
647 2723 765 2750 turmalis
784 2723 874 2749 Claud.
896 2722 928 2748 de
942 2724 1005 2749 Bell.
1020 2724 1090 2750 Gild.
1104 2733 1161 2757 447.
1478 2732 1500 2751 T
1511 2733 1531 2751 v
1543 2731 1560 2750 R
1573 2731 1589 2750 P
1602 2732 1609 2750 ι
1625 2731 1639 2750 F
1652 2731 1686 2752 1c
1696 2727 1741 2751 ᾸΤ
1751 2732 1802 2756 VS,
1818 2734 1840 2757 a,
1854 2734 1906 2751 um.
1927 2724 1987 2750 Adi.
2005 2724 2161 2760 [αἷχυνθές]
2183 2721 2375 2759 Turpnfaffus.

383 2767 404 2786 Τ
415 2767 436 2787 ν
448 2766 467 2786 R
478 2765 502 2785 M
514 2765 533 2785 Α
543 2766 561 2785 R
571 2766 610 2785 ιν
621 2766 644 2790 s,
657 2758 676 2784 i.
691 2767 726 2784 m.
747 2757 889 2784 Turmarii
903 2758 1067 2791 dicebantur,
1085 2761 1135 2794 Qi
1155 2766 1251 2786 turmas
1263 2766 1380 2794 tyronum
1441 2760 1493 2786 Off.
1508 2768 1529 2792 3,
1544 2767 1585 2791 105
1597 2768 1619 2785 c.
1633 2768 1665 2791 29
1685 2762 1760 2792 Quae
1773 2760 1788 2785 fi
1809 2760 1835 2785 in
1855 2759 2023 2785 deformitate
2040 2760 2159 2793 corporis
2172 2759 2265 2786 haheat
2277 2758 2369 2793 aliqui·

346 2796 470 2832 cogebant.
507 2794 574 2821 Cod.
594 2793 703 2820 Theod.
723 2793 740 2819 l.
753 2795 769 2819 6
781 2793 822 2819 tit.
836 2802 862 2826 33
883 2793 988 2826 Qubus
1002 2794 1126 2820 omnibus
1144 2794 1332 2828 condonamus,
1346 2805 1379 2822 ne
1441 2794 1528 2825 fionis,
1540 2800 1634 2829 quanta
1649 2795 1693 2821 illa
1707 2795 1861 2828 deprauatio
1875 2803 1899 2820 et
1913 2794 2024 2820 foeditas
2044 2794 2186 2828 turpificati
2210 2794 2292 2820 animi
2307 2794 2357 2822 deb
2373 2808 2376 2814 =

345 2830 499 2858 exafiorum
514 2830 556 2856 vel
564 2829 753 2856 turmariorum
763 2848 771 2860 ‚
787 2838 853 2863 quos
865 2829 1034 2862 capitularios
1041 2835 1145 2863 vocant,
1164 2839 1253 2857 curam
1267 2830 1381 2858 subeant.
1390 2836 1422 2863 75
1442 2831 1483 2857 ri?
1571 2831 1611 2857 Sic
1618 2829 1672 2863 fine
1690 2833 1811 2856 uarietate
1823 2832 1931 2865 legitur:
1950 2839 1994 2855 nec
2014 2830 2086 2866 must
2099 2830 2185 2857 idonea
2198 2829 2378 2863 eslabiudican
2393 2841 2402 2850 ι·

382 2874 403 2894 T
415 2873 435 2892 ν
446 2874 464 2893 R
476 2873 498 2892 Μ
509 2868 528 2893 Ᾰ
540 2872 561 2892 Τ
574 2872 626 2892 ιΜ.
652 2864 719 2891 Adu.
746 2862 855 2900 [ίλαδόν]
884 2867 929 2891 [ἐν
943 2872 1047 2892 turmas.
1065 2865 1137 2892 Caes.
1151 2865 1215 2892 Bell.
1227 2867 1293 2894 Gall.
1309 2872 1332 2899 8,
1346 2873 1380 2896 18.
1441 2868 1474 2892 11'0
1488 2865 1517 2893 id
1528 2865 1634 2895 uerbum,
1647 2875 1675 2891 ex
1689 2867 1763 2891 Porta
1770 2865 1843 2900 forte
1855 2868 1992 2900 repetitum.
2385 2891 2388 2893 .

345 2903 500 2930 Turmatim
516 2902 543 2927 in
556 2909 615 2928 eum
629 2901 716 2927 locum
730 2900 958 2927 deue11e1untLiu.
972 2908 994 2934 ς,
1006 2909 1044 2933 39.
1056 2907 1080 2927 et
1093 2907 1133 2933 28,
1149 2909 1181 2933 13.
1274 2902 1379 2929 Lucret.
1482 2907 1503 2927 Τ
1515 2909 1535 2928 ν
1546 2908 1562 2926 R
1573 2908 1587 2925 P
1597 2908 1626 2932 0,
1641 2905 1693 2926 gre.
1716 2900 1894 2936 Turpefacere,
1905 2900 2020 2936 foedare.
2057 2900 2111 2928 Cic.
2124 2900 2206 2927 Tusc.
2220 2909 2239 2933 1,
2252 2905 2280 2933 85
2298 2901 2377 2926 Haec·
2396 2913 2400 2924 ,1
2418 2919 2419 2922 ,

347 2947 372 2970 2,
385 2944 421 2967 118
457 2952 502 2956 ——
521 2945 669 2970 pugnatque
776 2935 858 2961 Edere
878 2937 1014 2962 turmatim
1028 2937 1165 2968 certantia,
1179 2942 1224 2963 etc.
1444 2937 1500 2964 vidi
1522 2936 1689 2967 inflammari,
1703 2936 1807 2962 Priamo
1822 2936 1850 2963 vi
1863 2937 1945 2963 vitam
1965 2936 2070 2969 mitari,
2083 2936 2154 2962 Iouis
2167 2944 2237 2962 aram
2252 2935 2367 2970 sanguine
2383 2935 2396 2945 ⁴·

385 2979 405 2999 T
416 2979 494 2999 VRN
504 2979 523 2997 V
533 2972 626 3004 s,i.m.
644 2971 757 3005 [Tipm]
777 2973 871 2997 Nomen
878 2971 1108 3003 ducisRutulorum‚
1116 2972 1194 3006 quiub
1201 2974 1283 2999 Aenea
1290 2972 1383 3009 occtsus
1445 2973 1470 2999 ri
1484 2972 1557 3006 Virg.
1575 2973 1637 2998 Aen.
1653 2980 1689 3002 ιο,
1702 2976 1753 3003 832.
1884 2972 1952 2998 Cum
1972 2972 2098 3006 quosdam
2119 2980 2214 2998 ornare
2231 2971 2331 3004 voluit,
2342 2978 2393 3007 11⁰..

347 3007 389 3040 est,
401 3015 432 3035 vt
445 3007 592 3034 viderelicet
605 3010 632 3033 in
640 3006 717 3041 Virg.
731 3006 826 3032 Aemm
839 3013 903 3032 extr.
998 3007 1258 3041 Praestanticorpore
1270 3008 1382 3035 Turnus
1397 3008 1428 3034 80
1446 3007 1603 3039 honestauit,
1623 3006 1665 3032 sed
1686 3013 1840 3034 ornamenta
1863 3007 1915 3041 ipsa
1935 3008 2052 3042 turpauit
2069 3007 2125 3034 Cic.
2145 3014 2183 3042 ap.
2204 3007 2315 3034 Hieron.
2334 3006 2394 3039 Ε.ι,·.
2417 3020 2419 3025 ¹

347 3044 422 3078 Virg.
437 3043 500 3069 Aen.
515 3052 536 3074 7,
551 3047 601 3074 783-
715 3042 805 3068 Audax
819 3041 933 3069 Turnus
951 3040 1022 3067 Idem
1050 3043 1113 3069 Aen.
1134 3051 1158 3075 9,
1172 3051 1193 3075 3.
1322 3045 1382 3071 Bar·
1445 3043 1589 3070 Pammach.
1603 3042 1762 3077 superobitu
1776 3042 1908 3069 Paullinae
1922 3052 1943 3069 c.
1960 3051 1982 3075 3.
2097 3045 2176 3069 Aram
2196 3048 2332 3078 turparunt
2387 3041 2389 3044 ’
2406 3056 2413 3067 .ι

346 3078 425 3106 barus
446 3078 559 3105 Turnus
577 3076 675 3104 Tibul.
699 3085 724 3109 2,
743 3085 766 3110 5,
785 3083 823 3109 48.
954 3078 1149 3105 Pulcherrima:
1173 3079 1287 3105 Turnus
1305 3080 1382 3115 Virg.
1445 3079 1550 3106 Lucret.
1566 3087 1586 3110 1,
1600 3083 1635 3110 85.
1745 3078 1830 3105 Pallor
1847 3084 1933 3112 turpat
1952 3087 1998 3104 ora
2013 3078 2057 3105 Sil.
2070 3087 2092 3111 7,
2103 3081 2154 3110 631.
2268 3079 2352 3112 Rugae
2417 3091 2419 3094 ⁴

349 3117 414 3141 Aen.
432 3122 458 3148 7,
474 3121 508 3145 53.
1444 3121 1470 3142 te
1483 3116 1549 3142 Hor.
1564 3114 1651 3140 Carm.
1666 3122 1688 3144 4,
1701 3121 1736 3145 13,
1750 3122 1780 3139 ιι.
1816 3113 1885 3141 Add.
1898 3115 1936 3141 Id.
1951 3114 2001 3140 Sat.
2016 3122 2036 3146 ι,
2049 3121 2072 3146 5,
2087 3115 2124 3140 61.
2163 3112 2251 3140 Sidon.
2265 3114 2309 3147 Ep.
2325 3115 2383 3144 5113

385 3155 408 3176 'r
420 3156 461 3175 VR
472 3149 494 3176 ὄ
501 3156 522 3176 N
534 3155 549 3174 Ε
560 3155 585 3175 s.
594 3158 629 3175 m.
637 3147 795 3183 ΡΙ.[Τέρνες]
804 3145 1068 3183 LugdunenfisGalliae
1070 3149 1159 3185 populi
1165 3149 1199 3175 ad
1196 3150 1305 3185 fluuium
1313 3152 1383 3187 Lige.
1481 3157 1501 3176 T
1510 3158 1530 3177 v
1540 3157 1558 3176 R
1571 3155 1586 3175 Ρ
1596 3155 1616 3175 Α
1625 3156 1647 3175 N
1657 3155 1670 3174 s
1679 3168 1687 3180 ,
1705 3150 1780 3175 antis.
1821 3149 1950 3184 Sanguine
1963 3156 2066 3183 turpans
2085 3155 2185 3176 comtos
2197 3149 2305 3183 capillo·
2318 3148 2351 3175 v·
2365 3160 2369 3177 ·,
2382 3168 2395 3173 .-

347 3188 396 3212 rim
411 3183 509 3211 aufiore
522 3184 589 3210 Plin.
602 3195 626 3216 a,
640 3189 673 3214 ιε.
709 3184 779 3210 Caes.
800 3184 864 3211 Bell.
876 3183 943 3209 Gall.
958 3192 981 3215 2,
995 3193 1028 3216 35.
1134 3185 1268 3212 Instabiles
1288 3188 1380 3214 Turo-
1399 3186 1428 3216 85
1445 3196 1482 3219 ιο,
1496 3191 1547 3218 832.
1582 3184 1654 3219 0⁰²1f-
1670 3183 1709 3210 Id.
1725 3193 1759 3216 ιε,
1773 3187 1822 3211 6ιι.
2346 3193 2361 3204 ·’

348 3230 393 3248 nas
407 3220 551 3246 circumsita
565 3219 644 3245 castra
658 3221 778 3245 coercent
790 3220 884 3245 Lucan.
900 3227 919 3251 1,
933 3226 992 3253 437.
1484 3228 1507 3248 T
1517 3229 1538 3248 v
1548 3227 1590 3246 ΕΡ
1601 3227 1623 3246 Α
1633 3225 1716 3251 Τνε,
1730 3228 1754 3252 a,
1784 3229 1838 3246 um.
1892 3220 1954 3247 Stat.
1967 3218 2059 3246 Thcb.
2074 3229 2101 3252 4,
2117 3222 2164 3246 106
2183 3234 2228 3240 -—
2246 3217 2365 3246 Herculea
2378 3222 2379 3225 ’
2410 3243 2415 3250 ,

385 3261 407 3282 Τ
421 3262 441 3281 ν
452 3262 494 3282 R1‘
504 3262 513 3281 1
525 3260 541 3281 c
552 3261 572 3279 ν
585 3260 600 3280 1.
610 3261 631 3280 v
644 3260 671 3287 s,
689 3254 742 3280 vid.
756 3254 825 3280 infra
842 3260 970 3281 TVRPls.
1444 3263 1484 3284 tus
1498 3255 1624 3292 gymnade
1638 3254 1735 3281 vultus.
1771 3255 1840 3281 Add.
1859 3255 1968 3282 Paullin.
1983 3256 2083 3282 Petroc.
2097 3264 2125 3287 4,
2138 3264 2194 3284 2³0.
2356 3276 2360 3281 ,

389 3298 410 3317 Τ
422 3297 468 3317 VR
481 3297 496 3316 P
506 3298 515 3317 1
526 3296 541 3315 L
552 3296 560 3315 1
570 3296 590 3316 ν
601 3295 624 3322 S,
639 3290 657 3316 i.
676 3298 710 3315 m.
733 3290 808 3316 Vetus
823 3291 898 3315 Poeta
911 3292 1030 3321 comicus,
1048 3292 1117 3316 cuius
1134 3293 1206 3324 pauci
1218 3294 1268 3317 iam
1286 3289 1383 3325 exstant
1482 3299 1504 3320 Τ
1516 3299 1534 3317 ν
1546 3299 1565 3318 R
1574 3298 1588 3317 P
1599 3299 1607 3318 1
1618 3297 1659 3317 Lo
1668 3296 1718 3328 Oxv
1728 3298 1737 3316 1
1748 3297 1767 3315 ν
1777 3298 1813 3323 Μ,
1838 3291 1855 3317 i.
1873 3300 1898 3317 n.
1926 3291 2004 3317 Gloff.
2019 3290 2064 3316 Gr.
2079 3291 2135 3317 Lat.
2156 3290 2332 3327 [οιίχρολογίοι]
2348 3286 2373 3315 Τ

349 3326 435 3361 versus
443 3326 507 3361 apud
529 3327 647 3357 Nonium,
666 3323 819 3359 Prtstianum
839 3331 862 3350 et
874 3322 1040 3357 almannum,
1052 3325 1105 3352 vid.
1121 3325 1223 3358 Noma,
1237 3336 1288 3358 42²·
1443 3328 1476 3355 de
1492 3327 1601 3354 Pudicit.
1620 3333 1647 3361 17
1665 3326 1879 3359 Concupiscentia
1887 3326 1952 3352 mala
1967 3332 1991 3352 et
2005 3325 2208 3359 turpiloquium.

387 3369 408 3388 T
420 3368 439 3387 V
454 3367 471 3387 R
481 3367 495 3386 Ρ
505 3368 513 3386 1
525 3367 547 3390 s,
561 3369 583 3386 e.
623 3359 684 3386 Adi.
727 3359 838 3394 [αιἰχρός,
851 3357 959 3393 ducendis,
972 3359 1083 3396 ἔχημος,
1097 3361 1218 3397 κ’χὴμων]
1249 3362 1425 3399 Deformes90
1480 3370 1503 3390 Τ
1515 3371 1536 3391 ν
1545 3370 1562 3390 R
1571 3369 1602 3388 Pl
1615 3369 1629 3387 ι
1640 3368 1659 3385 ν
1670 3367 1686 3388 C
1695 3368 1712 3387 R
1724 3368 1731 3386 l
1742 3368 1764 3389 S,
1784 3370 1805 3387 e.
1824 3359 1994 3397 αἰσχροκερδής
2001 3361 2077 3387 ΟΙοΙΓ.
2092 3362 2137 3388 Gr.
2151 3362 2207 3388 Lat.
2342 3383 2343 3386 ,
2372 3371 2373 3374 ’

348 3399 499 3422 comrarium
513 3395 634 3423 Pulchro.
669 3395 713 3422 Ad
725 3401 812 3429 corpus
825 3401 849 3420 et
862 3398 969 3421 animum
982 3397 1102 3431 refertur.
1158 3397 1225 3424 Ter.
1240 3397 1347 3424 Phorm.
1363 3407 1384 3428 ι,
1478 3406 1500 3426 'r
1511 3405 1531 3424 v
1542 3405 1560 3426 R
1570 3404 1584 3424 Ρ
1594 3405 1602 3423 1
1612 3404 1627 3423 L
1637 3403 1657 3422 ν
1668 3401 1685 3422 C
1697 3403 1714 3422 R
1729 3403 1762 3423 1C
1771 3403 1792 3423 v
1801 3401 1860 3423 Pil)
1869 3405 1890 3424 v
1900 3405 1923 3431 s,
1936 3406 1957 3427 a,
1973 3406 2026 3423 um.
2051 3395 2156 3423 Fifflcia
2164 3395 2283 3431 voxapud
2293 3391 2377 3423 Plaut'

350 3439 376 3462 2,
392 3439 422 3465 57
440 3432 590 3464 herimar,
608 3431 715 3458 vestitus
726 3429 808 3464 turpis
822 3430 894 3457 Idem
909 3431 1004 3456 Hesssst·
1018 3441 1041 3463 5,
1056 3441 1084 3465 4,
1099 3440 1124 3466 ¹9
1141 3433 1222 3459 Pudet
1238 3432 1325 3460 dicere
1333 3433 1381 3460 hac
1443 3443 1464 3467 1,
1479 3443 1501 3467 2,
1519 3437 1555 3468 64
1573 3432 1855 3466 Turpilucricupidum
1874 3439 1900 3459 te
1915 3439 2009 3460 vocant
2029 3432 2098 3458 cinea
2115 3432 2164 3459 tui.
2322 3431 2343 3459 .‘

350 3467 482 3501 praesente
496 3466 606 3493 verbum
625 3473 709 3501 turpe.
758 3466 839 3492 Ouid.
860 3466 950 3492 Amor.
974 3474 991 3496 1,
1004 3475 1029 3498 9,
1042 3475 1060 3499 4
1085 3467 1181 3502 Turpe
1199 3469 1275 3495 senex
1295 3469 1381 3502 miles,
1479 3475 1585 3497 TVRR
1596 3474 1736 3500 AN1VS‚
1764 3469 1784 3494 i.
1810 3477 1846 3495 m.
1884 3469 2018 3504 Cognomen
2036 3468 2187 3497 Romanum5
2213 3473 2251 3499 vt,
2269 3467 2299 3493 D.
2317 3464 2358 3493 Tu
2375 3480 2376 3483 ι
2408 3468 2416 3477 “
2432 3473 2434 3487 ¹

349 3507 426 3534 turpe
439 3502 526 3527 senilis
540 3511 623 3528 amor.
730 3500 793 3527 Non
811 3500 900 3527 eadem
919 3500 1044 3527 omnibus
1065 3501 1180 3533 honesta,
1198 3509 1277 3537 atque
1293 3505 1380 3538 turpia
1442 3505 1498 3532 Cic.
1511 3507 1562 3532 Att.
1578 3513 1596 3535 1,
1607 3506 1632 3530 6.
2340 3502 2342 3504 V
2358 3515 2364 3522 *

350 3536 420 3570 Nep.
434 3537 514 3569 praef.
527 3547 551 3563 n.
566 3545 587 3568 3.
608 3536 651 3564 vbi
665 3537 716 3563 vid.
731 3538 842 3571 Inter-pp.
856 3539 974 3571 inprimis
992 3537 1092 3563 Lan-cen.
1102 3544 1130 3572 p.
1145 3548 1171 3571 4.
1275 3539 1381 3574 Turpe,
1393 3544 1425 3570 95
1477 3548 1528 3567 Tv
1540 3547 1559 3567 R
1569 3546 1617 3566 ΚΑ
1627 3546 1646 3565 Ν
1657 3539 1693 3565 IX
1703 3544 1723 3564 Ν
1733 3545 1791 3570 vs,
1822 3548 1852 3572 a,
1879 3548 1935 3566 um.
1969 3538 2031 3566 Adi.
2072 3537 2202 3565 Columel.
2226 3546 2250 3571 5,
2267 3545 2294 3563 ιο
2316 3533 2367 3563 Pin
2384 3567 2399 3578 .-
2419 3539 2434 3558 ι

349 3572 427 3598 leuior
442 3581 480 3597 rer
493 3571 525 3604 cst
537 3572 668 3603 interdum,
687 3571 804 3599 Foedum
823 3574 874 3598 uim
889 3572 959 3598 habet
976 3574 1100 3598 maiorem.
1135 3573 1190 3599 Cic.
1204 3573 1256 3600 Off.
1271 3583 1292 3606 ι,
1305 3583 1379 3606 ιε3,ο.
1441 3576 1555 3602 raniana.
2388 3577 2392 3581 ⁴
2433 3574 2434 3578 ¹

349 3615 383 3639 34
403 3607 520 3633 Luxuria
533 3615 597 3633 vero
610 3616 668 3633 cum
681 3607 756 3634 omni
769 3609 848 3634 aetati
857 3607 949 3642 turpis,
968 3612 1024 3633 tum
1043 3607 1168 3634 senectuti
1181 3608 1322 3635 foediffima
1335 3611 1379 3636 est.
1478 3618 1500 3638 T
1511 3618 1532 3638 v
1542 3618 1560 3638 R
1569 3617 1588 3636 R
1598 3617 1607 3636 1
1616 3615 1632 3636 c
1642 3614 1663 3633 v
1675 3614 1690 3634 1.
1700 3615 1731 3641 A,
1749 3615 1770 3635 T
1782 3616 1802 3636 ν
1811 3617 1829 3636 R
1839 3617 1859 3637 R
1868 3617 1877 3636 1
1887 3616 1903 3636 F
1912 3616 1929 3636 Ε
1938 3615 1968 3641 R,
1980 3615 2025 3636 etc.
2039 3609 2097 3634 vid.
2114 3609 2183 3635 infra
2204 3613 2249 3634 TV
2257 3612 2334 3634 RRIS.
2381 3593 2423 3637 ,5²⁶

352 3642 466 3669 Nonius.
595 3643 689 3677 Turpis
703 3650 726 3669 ct
738 3643 818 3678 miſser.
873 3644 928 3669 Cic.
947 3651 995 3677 pro
1009 3643 1102 3675 Quint.
1116 3649 1147 3675 98
1166 3643 1255 3671 Multi·
1273 3650 1381 3672 vexatus
1476 3653 1499 3674 T
1509 3653 1530 3673 v
1543 3653 1561 3673 R
1576 3651 1595 3671 R
1605 3651 1615 3670 1
1625 3651 1651 3676 s,
1666 3644 1696 3670 is.
1711 3645 1730 3671 f.
1751 3645 1861 3679 [πύργος]
1881 3645 2028 3679 Aedtficium
2039 3644 2173 3671 altitudine
2186 3650 2209 3670 et
2221 3643 2310 3678 reliquo
2321 3638 2368 3668 rabo
2392 3645 2427 3661 »⁸²¹

352 3676 528 3708 contumeliis,
542 3677 662 3710 plurimis
676 3678 784 3704 ia6tat1u
797 3678 910 3710 iniuriis,
923 3687 975 3704 non
988 3679 1070 3713 turpis
1083 3678 1115 3704 ad
1129 3685 1168 3710 te,
1185 3680 1210 3706 se
1224 3680 1303 3707 miser
1318 3690 1379 3707 con·
1442 3685 1530 3709 nilum.
1566 3679 1697 3706 Secundum
1716 3680 1831 3714 quosdam
1849 3690 1864 3707 a
1881 3679 2016 3707 Terrcndis
2031 3678 2138 3712 hostibus
2149 3678 2219 3706 dicia
2232 3677 2280 3711 ests
2294 3677 2369 3710 velffl

350 3712 427 3746 fugit.
530 3712 633 3747 Turpis
646 3719 669 3738 et
683 3713 839 3740 foediffimus
854 3714 926 3740 Idem
947 3713 999 3741 Off.
1017 3723 1035 3746 1,
1049 3723 1088 3746 ¹23
1106 3723 1128 3740 c.
1141 3724 1180 3747 34.
1251 3716 1380 3750 Turpiffi-
1389 3720 1436 3738 100
1451 3716 1600 3753 peffumrua
1601 3714 1646 3748 fit,
1653 3714 1873 3747 hoccssterribilit.
1930 3707 2421 3751 QeodfiamtumforteeVarron.L-L'·3“-'

351 3756 408 3773 mus
420 3754 445 3774 et
459 3747 644 3774 sordidiffimus
657 3747 729 3774 Idem
743 3749 794 3774 Att.
807 3757 833 3781 9,
849 3759 876 3775 n.
935 3750 1018 3776 Amor
1036 3749 1119 3783 turpis
1136 3750 1204 3776 Hor.
1217 3750 1298 3778 Serm.
1313 3760 1333 3783 ι,
1350 3760 1380 3785 4,
1462 3772 1468 3779 .
1481 3759 1524 3785 34,
1539 3761 1564 3783 35
1583 3750 1688 3777 Turres
1701 3759 1714 3776 a
1729 3752 1840 3784 torueis‚
1852 3750 1924 3786 quod
1938 3751 1986 3778 hae
1999 3749 2161 3784 prospiciunt
2179 3756 2238 3775 ante
2251 3747 2323 3775 alios.
2352 3743 2425 3771 Sesti*

351 3790 396 3821 ¹¹.¹'
501 3783 583 3809 Simia
602 3791 681 3818 quam
699 3782 789 3810 similis
807 3784 950 3818 turpiffima
970 3784 1053 3812 Bestia
1069 3784 1148 3811 nobis
1169 3786 1228 3812 Vet.
1248 3787 1318 3813 Poe't.
1337 3794 1378 3823 ap.
1437 3791 1494 3824 pius
1511 3787 1612 3814 duxeris
1623 3797 1639 3813 a
1656 3787 1747 3814 Graeco
1760 3790 1856 3824 τύρσις,
1875 3791 1920 3817 hoc
1934 3797 2014 3815 autem
2031 3789 2062 3815 ab
2080 3789 2136 3816 Ebr.
2150 3785 2228 3824 7³2ss
2237 3793 2289 3814 nin.
2318 3781 2390 3822 *caena
2420 3790 2423 3797 '

351 3817 407 3843 Cle.
421 3818 451 3843 de
459 3819 494 3844 N.
507 3820 538 3845 D.
552 3828 560 3845 ι
574 3827 596 3845 c.
609 3826 644 3851 33.
749 3819 861 3853 Campus
873 3821 956 3855 turpis
970 3820 1022 3846 fine
1041 3820 1159 3855 gramine
1172 3820 1253 3848 Ouid.
1267 3823 1298 3849 de
1312 3823 1377 3850 Arte
1440 3823 1507 3849 Gall.
1524 3831 1547 3856 ς,
1560 3831 1591 3854 42.
1610 3822 1686 3849 Tum
1698 3832 1729 3849 ex
1744 3826 1819 3852 omni
1833 3833 1906 3861 parte
1919 3823 2048 3859 lapidibus
2065 3824 2191 3851 conieffls
2208 3819 2350 3859 deturbati,
2364 3815 2419 3860 ⁰3¹²?

349 3852 408 3877 Am·
425 3862 444 3883 ³,
458 3860 506 3884 248·
636 3854 720 3888 Caput
737 3861 812 3888 turpe
830 3854 882 3881 fine
901 3856 973 3883 crine
989 3855 1061 3883 Idem
1081 3855 1113 3882 de
1129 3857 1192 3882 Arte
1206 3858 1264 3883 Am.
1279 3867 1301 3890 3,
1316 3866 1375 3891 249.
1437 3866 1488 3891 que
1501 3858 1617 3884 succensa
1631 3857 1674 3884 est.
1710 3861 1748 3885 De
1760 3862 1891 3889 altioribus
1903 3868 1993 3897 quoque
2014 3860 2123 3887 domibus
2136 3867 2174 3894 ap.
2189 3862 2284 3890 Portas,
2295 3842 2416 3883 vid.Br,-h,

348 3886 456 3914 Crimen
474 3896 549 3924 turpe
560 3889 626 3917 Hor.
641 3888 673 3916 de
686 3890 749 3916 Arte
761 3889 832 3916 Po'e't.
843 3893 900 3917 262.
1004 3890 1105 3927 Egesta·
1117 3892 1203 3926 turpis
1218 3893 1292 3928 Virg.
1310 3894 1376 3921 Aen.
1387 3893 1488 3930 ¹05b11s2
1500 3893 1535 3921 ad
1547 3892 1651 3922 Tibufl·
1671 3901 1689 3926 ¹,
1705 3899 1726 3927 8,
1741 3902 1778 3928 19.
1907 3897 2001 3924 Aeffiss
2025 3895 2104 3923 ‘urm
2122 3894 2213 3923 Clffld‘
2231 3895 2260 3923 ΞΠ
2275 3893 2369 3925 Eum’p'
2382 3885 2414 3942 ξε)
2431 3896 2434 3907 ¹
