2434 4156
61 1945 63 1947 ’
108 1956 130 1979 5,
144 1955 179 1981 74
208 1947 281 1980 (Qun
294 1948 372 1974 eriam
386 1946 432 1981 ipti.
446 1947 592 1981 voluptarii
611 1947 778 1973 Ditterticula
800 1952 936 1980 quaerant.

117 180 175 207 gas,
194 168 322 197 efficiatur
339 171 428 203 aptum
448 165 530 197 illud,
551 164 623 200 quod
642 163 724 192 fuerit
741 168 818 190 antea
835 159 956 204 diffluens
968 162 1004 200 *ac
1026 158 1151 186 solutum.

116 209 216 242 Proprie
228 205 335 240 Qiadra
349 202 461 238 poffeffio
476 202 506 228 A.
519 201 552 228 de
567 201 657 228 Limit.
671 209 695 234 p.
709 204 752 229 281
766 197 834 234 Goes.
884 197 898 223 1
908 203 1025 236 erminus
1039 195 1153 229 quadros

115 241 388 276 cursorios-posuimus
405 237 471 265 ibid.
485 246 510 272 p.
523 246 576 270 253.
631 234 762 263 Columcl.
776 239 800 267 8,
813 241 834 264 3,
849 240 866 267 7
895 233 1013 272 Perticae
1028 231 1154 257 dolantur

113 278 143 305 in
155 276 301 311 quadrum,
319 285 351 302 ne
365 282 433 302 teres
450 274 543 300 leuitas
562 288 608 294 ——-
625 270 763 299 volucrem
781 278 835 296 non
849 274 967 301 recipiat.
1007 268 1036 292 In
1051 267 1154 309 quadro

111 312 197 341 iacere
213 313 244 339 A.
263 312 296 339 de
308 311 401 338 Limit.
419 319 445 345 p.
464 315 510 339 282
529 309 597 346 Goqfi
733 303 754 342 fl
769 313 788 332 2
824 303 933 338 Qadta
955 301 1078 336 Sulzlhmt.
1098 301 1154 329 vid.

122 357 136 375 u
154 358 182 375 ra
213 367 219 374 .
238 349 256 374 1.

103 348 374 422 spqv'ssnvssm,
407 381 461 408 vid.
498 382 686 408 canvxm.
799 411 806 416 .
848 411 853 416 ⁸

179 425 381 450 VADvas,
400 426 431 451 a,
451 426 505 443 11111.
542 414 601 442 Adi.
635 411 762 440 Errabam
782 419 867 446 riguis
886 419 933 445 per
952 409 1071 444 quadrua
1084 417 1154 436 com-

220 454 304 482 hortis
317 453 518 486 AusonAEidyll.
532 459 569 484 14,
586 458 608 483 ς,
626 447 825 475 Ad11.P1·udent.
835 447 971 489 Psychom.
985 455 1010 472 v.
1026 451 1083 479 843.

498 490 806 526 quDvauxris
818 503 827 516 ,
875 482 928 509 vid.
982 487 1154 521 0111111111-

81 92 85 100 ¹
113 94 140 132 9

112 460 167 490 pita
181 464 208 481 m

147 495 449 526 ovtinizvvivm,

113 532 134 553 V
144 532 152 552 1
161 532 181 551 V
191 532 224 552 M.
1057 555 1061 559 ῃ
1140 555 1145 559 .

147 568 266 601 QVAE.
302 561 377 595 [τίς]
421 562 551 587 pronomen
567 555 721 592 femininum
742 563 758 581 a
781 554 860 588 Qiis.
904 555 1089 589 Interrogauue
1106 553 1155 593 911-

110 597 206 633 quando
226 600 413 631 pronuntiatur.
467 595 520 621 Cic.
539 592 566 618 in
586 593 662 618 Verr.
700 611 707 617 .
745 610 752 616 .
789 593 865 623 Quae
887 589 1022 622 (malum)
1046 588 1081 614 eit
1104 587 1152 629 ista

112 639 158 659 tua
176 632 299 665 audacia,
311 639 389 666 atque
408 628 535 658 amentia?
571 628 644 654 Idem
657 625 773 660 Philipp.
797 636 813 656 1,
828 634 860 659 ις.
916 627 1058 652 Remmium
1071 623 1153 666 struit

111 668 262 702 parenthesi.
331 668 396 694 I'lin.
412 665 486 702 Epist.
500 672 523 698 5,
535 671 551 690 2
578 662 626 689 Sed
641 666 725 696 (quae
745 662 858 688 facilitas
871 664 932 692 tua)
949 661 998 687 hoc
1013 669 1096 695 magis
1110 657 1153 684 da-

111 703 154 731 bis
174 705 295 736 veniam,
319 704 392 737 quod
410 704 434 729 se
451 708 504 727 non
521 699 620 726 mereri
638 699 762 725 fatentur.
828 698 885 724 Cic.
907 699 960 724 Att.
979 700 1005 729 6,
1020 706 1041 737 *9
1071 696 1153 730 Spero

112 739 183 765 enim
197 743 283 774 (quae
302 745 346 765 tua
365 737 500 774 prudentia
520 742 546 761 ct
565 734 737 769 temperantia
756 733 809 766 est)
822 733 947 765 hercule,
968 741 995 759 vt
1017 730 1091 759 iubet
1110 739 1154 757 me

112 775 231 807 Acastus,
250 775 356 802 conlido
369 774 455 802 teiam
477 779 505 798 vt
524 771 649 797 volumus
670 769 768 798 valere.
805 769 853 798 Sed
869 776 893 795 ct
912 772 940 795 in
956 770 1084 804 principio
1097 766 1155 808 scu-

111 814 212 837 tentiae.
250 810 424 838 Brut.adCic.
433 807 464 834 ad
472 808 546 834 Brut.
556 817 568 838 ⁴
595 808 670 839 Quae
685 813 729 832 tua
739 805 775 832 est
790 805 1049 838 humanitas,aequo
1063 810 1154 829 animo

70 855 73 858 ·
111 848 248 873 temoneri
260 847 374 882 patieris.
407 843 502 878 Rurfier
514 841 706 878 inpar-cuthzfi,
725 841 911 868 Cic.Antonio
926 843 1026 873 Att.14‚
1036 847 1060 870 13
1083 839 1155 871 Qa-

110 891 140 909 τε
153 883 279 917 quoniam
294 882 342 909 hoc
359 878 429 907 amc
443 880 476 905 lic
490 878 573 914 petis,
591 885 619 904 vt
639 881 721 911 (quac
734 884 776 904 tua
791 877 902 912 potestas
917 877 970 908 cst)
985 885 1014 902 ca
1028 883 1106 909 neges
1120 881 1156 906 te,

111 927 154 944 me
175 918 264 945 inuito
279 919 399 948 vsurum,
413 922 460 941 etc.
551 914 618 941 Hor.
632 914 713 941 Scrm.
730 922 749 946 1,
764 922 791 946 9,
804 920 831 946 ἧς
871 914 944 940 Velis
967 909 1155 938 tantummodo

112 958 198 988 (quae
217 961 260 980 tua
279 953 380 983 virtus)
411 949 587 985 Expugnabis.
643 951 684 977 sic
697 949 772 985 stirpe
791 950 901 984 loquitar
923 949 980 975 Cic.
997 948 1069 974 Fam.
1085 954 1106 979 ς,
1122 955 1158 972 20

111 997 176 1016 extr.
211 989 279 1017 lbid.
292 997 318 1024 7,
335 996 357 1020 13
370 994 416 1014 etc.
488 988 564 1018 Quae
584 994 640 1012 mea
655 994 727 1012 meus
740 994 767 1011 111
781 984 944 1019 suscipienda
958 985 1033 1010 causa
1046 982 1116 1015 fuit,
1130 981 1159 1008 fi-

112 1025 157 1051 des
185 1025 212 1051 111
236 1024 346 1059 agenda:
383 1022 475 1050 eadem
499 1022 583 1049 vestra
605 1022 632 1048 in
654 1021 794 1048 iudicanda
819 1020 849 1047 sit
883 1021 938 1048 Cic.
959 1020 1047 1059 Verr.·
1061 1026 1084 1051 ς,
1106 1023 1157 1059 188.

111 1058 132 1098 fl
153 1069 165 1086 2
202 1061 415 1095 Qiae,Nt¹utrum
429 1059 527 1093 plurali·
545 1067 560 1084 a
577 1060 738 1084 Nonn‘natfuo
742 1056 872 1093 singulari
885 1055 974 1090 Qiod.
1012 1056 1089 1088 Virg.
1102 1053 1156 1080 Ecl.

112 1106 134 1129 3,
149 1104 182 1131 72.
207 1098 231 1123 O
249 1095 366 1129 quoties,
379 1101 404 1121 et
417 1102 483 1127 quae
502 1094 580 1120 nobis
593 1093 700 1122 Galatea
715 1093 803 1119 locuta
817 1092 862 1118 est.
917 1092 1042 1124 Quorum
1062 1097 1088 1117 et
1107 1090 1158 1116 hoc

408 1130 465 1156 Cic.
479 1129 551 1156 Fam.
571 1139 592 1162 1,
613 1132 629 1156 6
658 1130 734 1163 Qiae
752 1136 892 1163 gerantur,
912 1127 1026 1162 accipies
1047 1135 1079 1153 ex
1101 1126 1159 1152 Pol-

1175 496 1204 516 10

1175 676 1202 703 ¹5

111 1132 148 1158 est
166 1131 282 1159 Scribon.
298 1135 336 1164 83.

109 1167 190 1194 lione.

147 1207 420 1241 QVAECVNQVE
434 1222 442 1234 ,
478 1206 584 1240 QVAE
597 1206 679 1227 ΒΑΜ
694 1220 701 1231 ,
739 1206 792 1240 (ζν
805 1205 1000 1232 A13L11313'1',

110 1244 186 1278 qve
200 1257 209 1270 ‚
244 1237 296 1264 vid.
334 1243 577 1277 ovicvnqus
592 1256 601 1269 ,
637 1242 694 1277 ἣν
712 1243 756 1263 11)
770 1243 792 1263 A
807 1243 832 1263 M
848 1255 857 1268 ,
894 1241 949 1274 qv
967 1241 975 1260 1
993 1241 1009 1260 L
1027 1240 1067 1260 113
1082 1239 1099 1259 E
1115 1239 1158 1265 T,

141 1280 177 1300 vi
192 1279 204 1299 s
227 1280 237 1297 1
247 1281 302 1300 vr.

111 1280 324 1348 QQvnRts-Ro,
343 1308 480 1342 quaestui,
500 1311 664 1342 quaesitum,
683 1314 706 1334 et
715 1314 762 1342 per
773 1306 913 1342 syncopam
931 1304 1084 1340 quaestum,
1102 1305 1158 1331 bre.

109 1343 220 1379 [ςήτὲω]
258 1346 317 1371 Eius
337 1343 369 1377 2st
387 1347 430 1380 qui
442 1344 525 1380 scire,
540 1344 643 1376 habere,
662 1351 822 1378 recuperare,
837 1341 935 1376 aliquid
954 1342 1025 1373 vult,
1053 1348 1107 1367 orte
1127 1340 1158 1367 ab

107 1380 282 1416 interrogandi
295 1381 421 1407 vocabulis
435 1382 510 1412 Q1ae
523 1387 569 1404 etc.
583 1381 667 1413 primo
672 1378 772 1413 fictum.

111 1425 142 1443 ro
156 1416 187 1442 de
202 1418 232 1443 L.
248 1417 277 1442 L.
293 1424 316 1448 ς,
329 1421 342 1444 8
362 1424 387 1448 p.
400 1417 444 1447 60,
459 1422 486 1446 ¹9
505 1413 589 1440 ludens
602 1414 649 1449 suo
662 1421 742 1444 more,
762 1411 863 1438 dicium
876 1413 909 1438 ab
924 1421 956 1438 eo
971 1413 1042 1447 quod
1052 1432 1060 1445 ,
1081 1413 1158 1446 Qiae

111 1460 152 1478 res
165 1459 192 1477 vt
211 1457 425 1483 recuperaretur,
439 1449 515 1475 datur
533 1456 620 1482 opera.
691 1449 825 1479 Donatus,
850 1449 916 1475 Non
935 1449 1088 1483 reperitur,
1108 1447 1157 1473 nisi

113 1487 184 1520 quod
197 1486 346 1520 quaeritur:
362 1493 416 1510 non
429 1484 581 1518 quaeritur,
595 1483 642 1510 nisi
657 1483 729 1517 quod
745 1484 846 1517 praesto
861 1493 914 1510 non
928 1484 968 1510 sit.
1010 1484 1079 1510 Ter.
1089 1484 1156 1508 Eun.

114 1529 141 1553 2,
154 1530 176 1553 3,
190 1530 203 1553 3
234 1521 285 1547 Vbi
306 1529 442 1555 quaeram:
463 1519 509 1546 vbi
530 1519 702 1554 inuestigem?
729 1528 807 1552 quem
829 1520 984 1552 perconter?
1005 1528 1084 1553 quam
1099 1518 1159 1544 inli-

111 1557 176 1581 ssam
191 1556 280 1582 viam?

109 1599 176 1616 inea.
251 1593 298 1617 Per
311 1591 426 1626 compita
439 1600 564 1625 quaerere
577 1591 693 1624 aliquem
715 1592 808 1617 quen.
824 1591 874 1616 Sat.
888 1598 913 1621 9,
930 1599 978 1615 112.
1014 1589 1064 1616 Sed
1082 1592 1157 1614 etiam

107 1626 136 1652 dr
154 1624 253 1658 bestiis:
290 1626 366 1659 virg.
382 1627 434 1653 Ecl.
456 1633 477 1659 Β,
493 1629 524 1656 86
554 1628 644 1659 Quum
663 1627 724 1652 felia
739 1626 880 1651 iuuencum
895 1625 942 1650 Per
956 1631 1065 1650 nemora
1078 1629 1158 1657 atque

107 1661 174 1688 altos
193 1661 343 1695 quaerendo
364 1662 456 1688 bucula
476 1663 558 1694 luces,
571 1668 617 1686 etc.
653 1661 700 1687 sed
712 1668 834 1695 ponamus
848 1658 1008 1691 Substanriua
1024 1668 1105 1685 earum
1119 1668 1157 1685 re-

108 1706 161 1724 rnm
170 1716 178 1729 ,
190 1707 250 1733 quar
263 1704 388 1729 quaerere
400 1696 515 1722 dicimur.
587 1695 696 1721 Aditum
711 1704 841 1728 quaerere
860 1704 906 1729 per
919 1696 980 1721 auia
1000 1696 1074 1728 Virg.
1090 1695 1156 1721 Aen.

110 1741 136 1766 9,
150 1738 186 1765 58.
256 1731 408 1767 Qzaercbat
421 1739 520 1758 amatae
529 1731 657 1765 Coniugis
673 1731 815 1765 Amplexus
831 1731 959 1758 Albinou.
973 1731 1000 1758 in
1009 1730 1078 1757 obit.
1087 1731 1158 1757 Mae-
1169 1741 1204 1768 45

111 1768 216 1795 cenatis.
305 1769 449 1802 Argentum
464 1767 599 1802 quaeritur
619 1768 687 1794 Hor.
702 1767 782 1801 Epist.
801 1776 821 1801 1,
836 1775 860 1797 2,
875 1775 920 1800 44.
1010 1768 1158 1801 Argentum

109 1813 236 1838 quaerere
256 1804 283 1829 in
304 1804 396 1836 fenus,
409 1805 451 1830 vel
465 1812 568 1830 -mutuo
584 1803 666 1830 l'laut.
676 1803 744 1829 Alin.
760 1812 786 1835 2,
799 1813 826 1836 4,
841 1811 877 1835 23.
951 1802 1070 1829 Auribus
1078 1811 1158 1837 quae-

108 1848 166 1866 rere
185 1838 299 1873 effigiem
313 1839 443 1874 persceiae
463 1839 631 1874 eloquentiae
651 1839 708 1865 Cic.
722 1839 749 1865 111
762 1841 838 1866 Orat.
853 1847 879 1871 9.
951 1839 1067 1874 Causam
1079 1847 1157 1872 quae-

108 1884 166 1901 rere
177 1875 353 1909 quamobrem
367 1876 434 1902 Ter.
449 1875 514 1901 Eun.
527 1883 550 1907 ς,
564 1878 589 1906 6,
605 1884 633 1907 30
646 1878 677 1907 (ς
694 1878 771 1907 ectr.)
844 1874 1009 1909 Coniugium
1026 1883 1156 1909 quaerere

109 1912 200 1937 quen.
214 1912 264 1937 Sat.
280 1920 313 1944 11,
329 1919 362 1943 ις.
427 1910 574 1938 Consilium
589 1911 656 1937 Ter.
671 1910 751 1941 Andr.
765 1920 794 1944 4,
808 1919 833 1943 2,
848 1919 884 1943 19.
960 1911 1014 1937 Cic.
1025 1911 1056 1937 de
1068 1910 1157 1938 Finib.
1169 1922 1201 1949 50

1008 1946 1083 1974 Idem
1101 1948 1157 1973 Att.

108 1991 140 2013 12,
154 1991 187 2015 29
207 1985 282 2017 (Quae
297 1982 313 2008 fi
327 1984 486 2014 manebunt,
506 1983 655 2016 quaerenda
669 1984 720 2009 erit
734 1983 873 2010 Excusatio
891 1981 923 2009 ad
937 1983 1048 2009 Brutum
1059 2003 1067 2015 ,
1088 1989 1113 2009 et
1127 1989 1158 2009 vt

107 2027 176 2044 nunc
188 2019 238 2050 cst.
253 2020 388 2045 mantin-ac
402 2019 533 2045 videntur.
606 2020 636 2045 F!
654 2021 730 2046 Verr.
754 2029 776 2052 3,
795 2028 807 2045 2
846 2020 953 2045 Tamen
973 2019 1157 2053 impudentiae

108 2055 168 2081 suae
183 2054 323 2089 pudentem
338 2055 444 2081 Exitum
465 2053 586 2088 quaefiss'e
599 2054 729 2081 videatur.
803 2055 833 2081 Et
850 2055 946 2080 melius
964 2055 1038 2081 nulla
1052 2055 1157 2090 quaeri-

107 2096 150 2116 tur
163 2097 218 2116 arte
234 2090 313 2117 fauor
330 2090 412 2117 Ouid.
427 2099 458 2116 ex
475 2092 548 2116 Pont.
569 2099 591 2122 ς,
605 2101 630 2124 ‚⁰⁷
643 2100 688 2124 40.

110 2126 140 2152 ln
153 2134 180 2151 re
194 2127 314 2159 promiss'a
332 2126 408 2152 tidem
422 2126 537 2159 aliquam
548 2131 573 2152 et
587 2127 725 2153 veritatem
739 2133 861 2161 expetere
877 2126 943 2152 Plin.
959 2134 1003 2161 27,
1016 2136 1041 2159 9.
1114 2127 1156 2153 Fi-

109 2169 169 2187 nem
189 2162 274 2188 amori
295 2162 377 2188 Ouid.
392 2162 466 2188 Rem.
484 2163 575 2188 Amor.
591 2170 644 2195 143.
713 2163 810 2197 Fugam
828 2163 902 2189 Caes.
917 2163 981 2188 Bell.
996 2162 1065 2189 Gall.
1081 2168 1104 2193 8,
1119 2171 1156 2195 19.

108 2196 164 2222 Cic.
180 2198 232 2222 Att.
249 2204 274 2230 7,
291 2199 318 2222 16
346 2198 385 2223 Dc
397 2197 484 2231 pueris
504 2198 532 2223 in
545 2198 684 2224 Graeciam
703 2198 910 2233 transportandis
923 2206 980 2224 ium
995 2198 1156 2231 cogitabam,

107 2232 272 2266 quuizvl‘uga
290 2240 322 2257 ex
337 2233 411 2258 Italia
425 2233 517 2267 quaeri
536 2232 685 2260 videbatur.
756 2235 855 2268 Fugam
874 2234 967 2259 morbi
992 2234 1060 2257 Hor·
1074 2231 1154 2263 Epist.

108 2276 128 2299 1,
141 2268 165 2297 6,
181 2275 221 2299 29.
291 2268 347 2294 Cic.
361 2268 413 2295 Off.
426 2277 446 2301 1,
460 2274 486 2300 38
519 2270 611 2302 Quum
624 2278 689 2295 vero
704 2268 736 2294 de
757 2269 873 2301 imperio
886 2267 1048 2303 decertatur,
1069 2264 1154 2289 bello-
1165 2275 1200 2298 60

106 2298 161 2333 que*
177 2302 270 2329 Gloria
288 2305 432 2336 quaeritur.
450 2307 468 2330 i.
487 2302 618 2338 Captat'ur.
711 2303 820 2327 Artibus
839 2301 960 2331 ingenuis
981 2298 1095 2330 quaesita
1115 2297 1152 2323 est

106 2338 200 2364 Gloria
213 2338 301 2365 multis
314 2340 396 2366 Ouid.
411 2349 442 2365 ex
459 2340 532 2364 Ponr.
547 2346 572 2366 2,
584 2346 611 2368 7,
625 2343 670 2368 47.
743 2335 801 2361 Liu.
815 2336 832 2359 6
861 2335 956 2373 anue*
967 2333 1021 2365 ipsa
1039 2330 1152 2357 affinitas

106 2373 174 2400 haud
209 2375 308 2409 spreta,
335 2375 455 2400 Gratiam
473 2371 556 2395 Fabio
576 2369 608 2396 ad
637 2369 745 2403 vulgum
764 2367 916 2401 quaesierat.
945 2376 964 2392 ι.
990 2366 1152 2400 Comparaur-

105 2416 148 2436 rat
159 2412 225 2444 apud
238 2411 347 2443 vulgum.
418 2405 565 2431 identidem
579 2412 706 2437 quaerere
715 2423 723 2434 ,
743 2403 795 2428 vid.
817 2410 826 2428 1
837 2408 855 2428 D
864 2408 880 2428 E
890 2408 925 2428 M.
996 2400 1053 2427 Cic.
1066 2401 1150 2428 Tusc.

107 2454 131 2475 2,
146 2453 177 2470 20
212 2443 260 2467 Sed
282 2442 416 2468 videamus
435 2439 577 2465 Herculem
595 2439 695 2471 ipsum,
716 2438 762 2471 qui
781 2444 838 2464 tum
860 2436 953 2464 dolore
967 2436 1151 2471 frangebatur,
1167 2443 1199 2476 65

107 2486 190 2504 uuum
210 2476 437 2503 Immortalitatem
463 2474 518 2508 ipsa
542 2481 627 2500 morte
648 2474 797 2506 quaerebat.
889 2473 1047 2500 Inimicitias
1068 2473 1150 2499 Plaut.

107 2505 178 2539 Men.
193 2521 216 2542 a,
237 2519 290 2543 3,1.
378 2508 510 2536 inuidiam
535 2518 565 2535 ex
589 2518 617 2535 re
636 2509 726 2543 aliqua
747 2509 828 2536 alicui
851 2517 996 2543 quaerere,
1024 2509 1149 2536 Conflare

104 2545 233 2580 Quinctil.
252 2547 312 2577 6,1.
403 2545 535 2571 Inuidiam
553 2545 580 2571 in
602 2545 716 2579 aliquem
747 2546 804 2572 Cic.
826 2554 874 2580 pro
900 2544 993 2571 Rabir.
1014 2545 1082 2571 Post.
1104 2548 1150 2580 46.

103 2581 243 2609 Latebram
259 2580 387 2615 periurio.
424 2580 496 2607 Idem
511 2580 563 2607 (ΜΓ.
579 2590 600 2613 3,
615 2583 661 2607 106
688 2581 736 2607 Sed
754 2582 770 2608 fi
786 2582 836 2607 hoc
853 2581 901 2607 fibi
916 2582 1033 2613 sumant,
1047 2582 1149 2607 nullam

103 2618 152 2644 etl'c
165 2617 254 2648 fidem,
267 2626 333 2651 quae
347 2616 448 2643 infideli
463 2617 520 2643 data
536 2617 581 2649 lit,
603 2617 709 2644 videant
721 2626 753 2644 ne
768 2624 911 2651 quaeratur
925 2616 1038 2644 Latebra
1061 2617 1149 2652 periu-
1160 2631 1197 2659 70

101 2654 154 2680 rio.
238 2652 354 2679 Laudem
372 2653 442 2679 Ter.
461 2654 557 2679 Heaut.
573 2662 594 2685 2,
609 2662 631 2685 3,
646 2661 687 2685 74.
769 2653 898 2680 Liberos:
935 2652 1017 2679 Plaut.
1031 2653 1106 2689 Capt.
1121 2663 1149 2687 4,

104 2698 126 2722 2,
141 2697 186 2721 109
210 2689 371 2715 Liberorum
391 2688 601 2722 quaerendorum
617 2690 691 2715 causa
705 2689 730 2715 ei
743 2689 822 2716 eredo
839 2698 909 2715 vxor
924 2688 983 2716 data
996 2689 1041 2715 est.
1112 2690 1151 2716 Vt

103 2725 216 2758 opinor,
229 2731 357 2759 quaerunt
376 2724 467 2751 literae
487 2724 536 2751 hae
555 2724 603 2751 fibi
617 2725 746 2758 Liberos,
766 2726 827 2752 Alia
840 2725 920 2752 aliam
938 2725 1037 2752 scandit
1063 2725 1149 2752 Plaut.

103 2759 193 2786 Pseud.
209 2769 228 2792 1,
242 2769 261 2791 1,
275 2769 312 2786 21.
333 2760 362 2786 tls
371 2762 452 2787 literis
459 2762 574 2796 perplexe
583 2761 701 2796 scriptis.
774 2762 876 2788 Locum
890 2761 1006 2787 iniuriae
1020 2761 1079 2787 Liu.
1092 2769 1114 2794 ς,
1124 2770 1148 2793 9.

104 2796 202 2822 Locum
217 2796 315 2823 inlidiis
329 2796 401 2822 Idem
416 2804 452 2829 33,
466 2806 488 2828 4.
561 2797 660 2824 Locum
675 2797 774 2831 gratiae
787 2797 856 2831 apud
871 2797 987 2830 aliquem
1003 2796 1041 2823 Id.
1058 2805 1096 2830 25,
1113 2800 1148 2823 16.

103 2833 203 2858 Locum
217 2832 352 2858 seditionis
365 2833 424 2858 Liu.
441 2840 518 2872 3,.49.
589 2833 731 2859 Materiam
751 2833 838 2860 amori
858 2832 940 2860 Ouid.
960 2833 993 2859 de
1008 2833 1072 2860 Arte
1088 2834 1148 2860 Am.

106 2876 127 2896 1.
147 2876 191 2899 49.
264 2868 379 2894 Maiores
399 2876 520 2894 omnium
540 2867 571 2894 ad
591 2877 672 2894 vnum
693 2870 843 2904 exemplum
863 2875 890 2895 et
909 2869 1027 2903 regulam
1045 2870 1149 2904 quaerit

103 2903 236 2930 Sallustius
250 2903 417 2930 Pseudo-Cic.
432 2904 459 2929 in
472 2904 530 2930 Sall.
544 2912 569 2936 2,
585 2906 610 2930 6.
630 2907 649 2930 ι’.
664 2904 775 2940 postulat
790 2914 869 2932 omne,-
885 2906 963 2931 eodem
974 2905 1042 2931 modo
1056 2905 1149 2931 nobiles

103 2937 155 2965 csse.
250 2940 278 2965 Iu
301 2939 421 2966 Medium
442 2948 586 2974 quaerere,
612 2943 630 2967 τ’.
654 2943 681 2966 iu
700 2951 820 2967 commune
846 2941 923 2975 Virg.
940 2941 1037 2975 Georg.
1058 2950 1076 2972 1,
1098 2950 1148 2974 127.

104 2975 192 3001 Moras
211 2974 291 3001 Ouid.
306 2977 369 3001 Met.
385 2983 416 3006 11,
431 2978 492 3008 462.

104 3010 232 3044 supplicio
252 3019 404 3045 quaereret,
424 3011 485 3037 ideo
503 3011 643 3039 clamitaffie
661 3013 685 3039 se
698 3014 784 3039 ciuem
798 3013 964 3045 Romanum,
977 3013 1019 3038 sed
1035 3013 1147 3049 specula-

106 3051 191 3071 torem
207 3046 290 3072 fuisse.
363 3046 442 3073 Noua
463 3048 579 3080 Propert.
600 3056 620 3081 1,
635 3057 669 3080 13,
685 3056 719 3074 12.
792 3049 901 3075 Numen
915 3054 941 3075 et
953 3049 1085 3075 auxilium
1101 3058 1147 3083 per

107 3081 187 3119 sacras
205 3090 330 3115 quaerere
350 3083 430 3108 sortes
451 3083 531 3109 Ouid.
546 3084 609 3109 Met.
632 3093 651 3116 1,
674 3088 728 3116 368.
794 3083 966 3111 Occasionem
993 3085 1066 3111 Caes.
1082 3084 1146 3111 Bell.

107 3115 189 3142 Ciuil.
207 3124 278 3149 2,14.
346 3118 507 3144 Offcnlioncs
527 3119 583 3145 cic.
604 3120 656 3146 Art.
678 3125 700 3150 8.
721 3129 745 3152 9.
815 3122 901 3154 Opem
916 3129 1043 3154 quaerere
1063 3121 1145 3147 Ouid.

105 3151 191 3177 'l'rilb
206 3159 227 3183 ς,
240 3158 265 3185 7,
278 3160 320 3185 4²-
388 3154 458 3188 Opes
477 3161 502 3180 et
520 3155 650 3181 amicitias
671 3157 738 3182 lior.
753 3154 785 3182 de
800 3157 863 3183 Arte
878 3157 950 3182 Po‘c't.
965 3159 1020 3191 167.
1091 3157 1146 3189 Qi
1166 3166 1196 3197 85

104 3186 186 3226 homo
201 3194 301 3212 mature
311 3189 435 3222 quaesiuit
450 3190 599 3223 Pecuniam,
620 3191 677 3217 Nili
690 3201 747 3218 eam
760 3198 862 3219 mature
877 3192 963 3226 partit,
977 3198 1080 3218 mature
1091 3193 1146 3218 esu-

104 3230 141 3248 rit
156 3222 355 3262 Plaut.Curc..3,
370 3233 390 3257 1,
404 3234 441 3252 10.
508 3226 656 3253 Periculum
672 3236 736 3254 voce
750 3228 830 3254 Ouid.
841 3229 939 3260 Met.2‚
954 3231 1007 3260 563.
1052 3242 1099 3248 —
1120 3233 1146 3255 et

105 3258 243 3285 infamiam
257 3257 336 3297 alicui
355 3260 408 3286 Cic.
421 3270 469 3296 pro
483 3262 585 3288 Cluent.
600 3271 634 3289 20
654 3272 674 3289 c.
689 3266 728 3290 26.
801 3264 904 3291 Plausus
926 3264 998 3290 Idem
1013 3263 1066 3291 Att.
1081 3270 1104 3296 8,
1118 3273 1144 3296 9.

105 3295 168 3326 on
187 3293 268 3319 modo
287 3293 389 3327 aliquid
408 3295 451 3323 fiat
469 3306 603 3332 quaerere.
639 3297 707 3325 Ter.
724 3299 820 3326 Heaut.
834 3308 857 3333 ς,
872 3308 899 3333 4,
916 3302 942 3326 16
982 3300 1096 3333 Qiacris
1115 3300 1143 3326 id

105 3328 178 3363 quod
197 3328 292 3360 habes,
306 3335 436 3368 parentes:
453 3333 524 3366 quod
543 3333 629 3366 abest,
646 3343 698 3361 non
718 3336 823 3369 quaeris

104 3366 220 3404 sequare.
294 3365 432 3404 Rationem
450 3369 551 3402 quaerit
563 3370 673 3404 ‘animus
700 3371 804 3398 Lucre1.
823 3380 849 3404 2,
870 3380 941 3404 1043.
1021 3371 1143 3405 Regnum

104 3406 241 3440 quaeritur
255 3409 335 3441 aruns
351 3401 446 3427 Lucan.
460 3411 480 3435 1,
495 3413 543 3437 331,
615 3406 669 3432 Cic.
683 3407 764 3433 Tusc.
779 3416 804 3439 2,
821 3415 854 3441 43
879 3408 1064 3441 Cogainusque
1082 3416 1143 3433 con-

105 3437 190 3466 111611,
210 3444 263 3475 uon
276 3437 324 3462 ene
337 3436 369 3462 ab
384 3446 416 3476 co
430 3436 527 3466 doloris
542 3440 668 3468 Remedia
681 3443 845 3477 quaerenda,
861 3444 908 3478 qui
925 3442 1047 3470 dolorem
1059 3443 1142 3469 malo-

103 3481 163 3498 rum
182 3480 302 3497 omnium
321 3481 466 3498 maximum
486 3475 532 3502 esse
550 3475 657 3504 dixerit.
731 3479 804 3504 Idem
826 3488 874 3513 pro
893 3479 997 3505 Cluent.
1017 3487 1064 3513 271
1084 3488 1105 3505 c.
1125 3487 1143 3512 9

105 3508 192 3547 Domo
207 3507 450 3547 libi-quaerendum
465 3509 616 3538 Remedium
637 3513 799 3541 existimauit
813 3513 845 3541 ad
863 3524 921 3540 eam
936 3524 1054 3545 moram,
1075 3523 1142 3549 quae
1157 3528 1190 3556 95

104 3548 203 3583 nuptiis
228 3543 407 3584 afferebatuiffi
464 3545 494 3570 In
522 3546 647 3575 Remedio
673 3550 776 3584 aliquid
808 3560 934 3584 quaerere
967 3550 1034 3576 Plin.
1056 3559 1092 3582 23,
1108 3559 1140 3582 13.

103 3578 231 3619 quitieni
245 3585 348 3612 qssassrlt
360 3579 409 3606 fib¹
424 3581 579 3620 Hor-Epist:
589 3592 608 3616 1,
622 3594 643 3616 7,
656 3593 699 3619 79.
771 3586 848 3612 Risus
862 3595 990 3621 quaerere
1004 3586 1052 3613 sibi
1067 3585 1140 3612 Idem

103 3613 170 3640 ibid.
185 3622 203 3644 t,
219 3623 241 3646 Γ,
254 3621 297 3648 79.
368 3615 480 3642 Salutem
501 3616 582 3644 alicui
597 3620 668 3647 malo
680 3621 747 3648 Ter.
762 3622 874 3656 Adelph.
890 3632 911 3654 3,
924 3631 947 3654 2,
965 3631 987 3648 2.
1054 3622 1140 3649 Scien-

102 3649 166 3675 tiam
179 3649 302 3684 ponderis
318 3659 446 3685 quaerere
465 3652 584 3680 scribon.
596 3652 639 3688 ⁸99.
711 3658 784 3684 Seria
801 3667 955 3693 quaeramus
968 3664 1060 3684 amoto
1075 3657 1139 3684 ludo

102 3684 262 3711 1101356111]-
279 3693 296 3716 1,
309 3694 329 3717 1,
343 3694 385 3720 27.
456 3687 608 3715 Sermonem
624 3691 690 3720 Ter.
705 3693 769 3719 Eun.
784 3702 806 3726 3,
819 3702 842 3726 3,

104 3720 222 3754 loquendi.
295 3721 349 3748 Cic.
363 3722 475 3758 Philipp.
498 3734 519 3756 5,
536 3733 563 3756 19
592 3725 646 3758 Ipse
664 3727 763 3755 interea
778 3729 867 3755 decem
885 3736 910 3756 et
926 3730 1022 3764 septem
1037 3729 1092 3756 dies
1106 3729 1138 3755 de

106 3762 147 3793 ine
161 3755 188 3781 in
201 3755 357 3788 Tyburtino
372 3758 501 3793 Scipionis
519 3760 711 3796 declamitauit,
730 3765 807 3791 Sitim
821 3774 961 3800 quaerens:
985 3765 1048 3792 haec
1065 3766 1137 3792 enim

105 3798 131 3815 ei
145 3791 216 3817 causa
235 3792 299 3818 solet
313 3794 361 3819 effe
373 3793 544 3822 declamandi.
632 3797 662 3822 In
681 3798 722 3826 his
736 3801 889 3836 phreniticis
908 3802 1036 3828 Somnum
1055 3802 1139 3828 multa

104 3825 229 3866 1115110116
248 3827 374 3868 quaesiuit
398 3830 465 3857 Cels.
478 3840 500 3864 3,
513 3838 548 3862 18.
620 3831 685 3859 Plin.
700 3843 779 3871 12,17
817 3837 908 3864 Odore
929 3837 1013 3864 strobi
1031 3837 1137 3864 arboris

103 3862 228 3888 boninum
246 3870 328 3896 aegris
343 3874 481 3899 quaerunt.

254 3904 274 3926 v
284 3905 335 3930 01..
370 3901 417 3929 Ν.

1172 853 1208 872 20

1177 1029 1209 1056 23·

1038 1204 1160 1237 Qvne-
1175 1212 1208 1237 30

829 1378 967 1411 Qiacrere
976 1397 983 1409 ,
996 1380 1079 1412 inquit
1095 1378 1158 1403 Var-
1178 1387 1207 1413 ὃς

332 1557 402 1582 Idem
418 1554 528 1589 Adelph.
543 1565 564 1588 3,
579 1565 605 1588 4,
619 1564 642 1587 ις
669 1556 714 1582 Te
728 1554 887 1588 quaerebam
907 1556 991 1588 ipsum
1001 1575 1008 1587 ,
1023 1554 1094 1580 salue
1106 1555 1158 1579 De·
1168 1562 1206 1586 40

759 2090 853 2117 Fidem
873 2099 1000 2124 quaerere
1019 2091 1156 2126 promisso,
1176 2102 1205 2130 55

1184 2810 1197 2837 5
1217 2807 1271 2828 tam
1284 2808 1364 2836 fitque
1377 2808 1489 2829 aetatelll
1503 2812 1598 2830 meam.

586 2976 642 3002 Cic.
658 2978 733 3003 Verr.
748 2985 770 3009 3,
787 2982 831 3011 154
861 2976 939 3002 Illum
957 2977 1028 3010 quod
1042 2977 1147 3003 Moram
1170 2989 1203 3016 30
1216 2981 1274 3008 Nec
1289 2982 1379 3009 minor
1393 2982 1429 3008 est
1443 2983 1542 3014 virtus,
1556 2993 1636 3018 quain
1651 2995 1794 3020 quaerere,
1808 2994 1881 3021 parta
1895 2990 1965 3016 tueri
1978 2990 2061 3016 Ouid.

1213 3233 1367 3266 quaerendi.

1212 3268 1260 3294 nisi
1275 3269 1370 3295 odium
1382 3279 1527 3304 quaerere,
1548 3278 1681 3299 extremae
1702 3272 1851 3301 dementiae
1873 3275 1918 3301 est.

916 3336 921 3340 η
1212 3305 1287 3338 Quid
1305 3304 1323 3331 si
1343 3306 1476 3339 quispiam
1497 3307 1585 3340 ignem
1606 3310 1734 3342 quaeret?

832 3356 839 3368 ‚
855 3342 924 3368 patri
943 3335 1081 3370 quomodo
1096 3336 1142 3362 ob·
1160 3346 1197 3371 90
1211 3341 1335 3367 eruditam
1344 3346 1474 3376 pertinet.-

1211 3376 1291 3403 Acad.
1312 3386 1338 3410 4,
1354 3380 1401 3403 116.

1209 3421 1274 3439 num
1293 3422 1376 3439 vnum
1390 3413 1493 3440 caeluni
1507 3415 1581 3448 ess'et,
1602 3425 1635 3442 an
1655 3417 1870 3443 innumerabilia.

1208 3449 1284 3475 Orat.
1323 3469 1329 3476 .

1207 3489 1261 3510 tate
1274 3485 1420 3518 quaeritur.

1207 3520 1357 3547 vtilissimae
1374 3521 1441 3547 l'lin.
1463 3530 1496 3554 31,
1512 3531 1532 3554 3.

1207 3555 1306 3582 dochice
1322 3556 1419 3583 dicitur
1431 3557 1459 3583 dc
1478 3558 1549 3584 rebus
1562 3558 1663 3593 amrjfflr.

1207 3591 1262 3619 etit.
1278 3600 1350 3623 12,11
1367 3599 1409 3628 pr.

1206 3624 1274 3654 (Chlo
1284 3634 1332 3662 prr
1343 3638 1411 3654 marc
1420 3648 1426 3658 ‚
1446 3632 1487 3654 cui
1494 3629 1581 3662 stellae
1595 3640 1642 3655 non
1655 3637 1784 3665 apparent.

1035 3697 1039 3700 ι
1205 3671 1257 3696 que
1277 3663 1345 3690 lidus
1364 3671 1538 3698 quaereretur
1559 3666 1625 3691 Plin.
1640 3674 1666 3697 2,
1682 3674 1703 3697 15
1718 3672 1784 3692 extr.
1802 3669 1821 3693 i.
1840 3668 1923 3703 eclipsi
1944 3669 2138 3705 &ficri-musii!
2150 3681 2179 3697 ac
2191 3673 2260 3698 lima.

858 3703 895 3720 10.
912 3697 929 3720 i.
950 3700 1079 3720 maumam
1091 3695 1195 3732 ⁶⁰15100
1208 3698 1401 3726 Fundamentum
1422 3710 1504 3726 carum
1515 3700 1688 3736 formularum
1709 3699 1837 3734 ‹fit-ndum
1849 3703 1945 3736 similes
1959 3707 2063 3731 aarum:

1606 70 1930 128 QVAE

1223 168 1289 187 num
1308 157 1434 195 priuigno
1455 160 1502 186 suo
1523 165 1678 194 quaereret,
1705 160 1846 187 manifesto
1867 160 1897 188 fit
1919 161 2119 197 deprehensus-f
2147 178 2150 179 ⁷

1223 198 1288 223 Met.
1304 206 1343 228 10,
1355 205 1406 229 5e4
1435 197 1640 231 Quaerebatque
1655 196 1750 227 Viam,
1767 205 1819 231 qua
1832 197 1858 222 sc
1873 197 2001 231 genitrice
2015 201 2106 229 1611613
2142 201 2278 229 Exereret.

1224 232 1347 259 Vic‘loria
1364 229 1488 259 sollicitis
1510 232 1592 259 ardua
1611 233 1750 267 quaeritur
1765 233 1846 258 armis
1867 233 1939 260 Idem
1954 234 2018 261 ibid.
2041 245 2075 268 1⁴,
2089 247 2145 271 433,
2218 238 2279 270 Cicq

1226 268 1258 294 de
1272 267 1361 295 Finib.
1376 277 1397 300 1,
1411 276 1439 299 32
1464 267 1514 294 Sed
1528 268 1591 303 quia
1604 277 1796 303 nonnunquam
1811 269 1944 295 eiusmodi
1964 276 2084 305 tempora
2098 273 2235 306 incidunt,
2246 281 2277 300 vt

1225 304 1317 330 labore
1330 311 1356 331 et
1374 304 1478 330 honore
1492 312 1613 338 magnam
1627 303 1744 338 aliquam
1763 310 1871 339 quaerat
1885 305 2065 339 Voluptatem.
2222 308 2243 346 q
2263 319 2277 336 2

1226 341 1355 367 formulae
1366 341 1446 367 aliae:
1483 340 1555 366 Inter
1568 341 1705 373 Quaerere
1719 345 1745 366 et
1762 340 1910 374 Requirere
1928 340 1978 367 hoc
1998 342 2121 376 interest,
2145 346 2276 379 quoniam

1224 376 1388 410 Requirere,
1408 375 1445 402 est
1465 374 1511 401 diu
1530 385 1668 410 quaerere.
1705 375 1832 402 Afranius
1845 376 1970 409 Fratriis‚
1997 378 2076 404 Proin
2097 385 2277 415 1010010036-

1223 419 1298 443 ram,
1319 421 1351 438 ne
1371 411 1507 447 requiram
1525 418 1550 438 tc
1572 411 1633 438 vide
1648 411 1755 438 Nonius
1771 421 1793 445 ς,
1806 413 1850 444 46.
1940 414 2093 446 Qiaeicre,
2107 414 2139 446 qli
2156 424 2277 451 cogitare,

1222 446 1356 473 deliberare
1370 468 1378 480 ‚
1400 455 1503 484 cupere,
1531 448 1653 474 laborare.
1700 447 1775 481 Qtid
1798 449 1836 473 vis
1863 447 1934 474 tibi?
1965 448 2030 483 quid
2061 451 2180 484 quaeris?
2208 452 2277 478 Ter.

1222 484 1320 510 Heaut.
1334 492 1354 514 1,
1366 493 1384 515 1,
1398 493 1424 517 9.
1480 483 1550 510 Dum
1564 482 1591 509 id
1606 491 1722 518 quaero,
1736 484 1783 518 qui
1796 483 1848 509 tibi
1868 483 1955 510 tilium
1969 484 2134 511 restituerem
2153 486 2226 512 Idem
2241 487 2277 513 ib.

1222 527 1244 551 3,
1261 527 1280 550 Ι,
1295 524 1329 548 83-
1401 518 1488 546 Rebus
1509 520 1610 553 patriae
1631 519 1751 550 afflictis,
1767 528 1821 545 non
1835 518 1982 554 quaesiuit,
1995 520 2041 547 vbi
2064 522 2118 556 ipse
2132 527 2189 547 tuto
2204 523 2279 548 viue-

1222 562 1278 585 rct,
1299 552 1341 580 sed
1356 554 1424 581 vnde
1446 555 1575 590 praelidio
1594 556 1654 581 eli'ct
1672 554 1779 581 ciuibus
1794 555 1846 581 suis
1866 556 1936 590 Nep.
1960 565 1986 588 9,
2000 565 2024 589 2,
2047 565 2065 583 1.
2138 556 2211 590 Quid
2230 558 2278 585 libi

1223 590 1267 616 hic
1286 589 1396 616 vestitus
1422 591 1525 625 quaerit
1549 591 1620 618 'reia
1637 591 1703 617 Eun.
1723 599 1746 625 3,
1761 600 1783 623 ς,
1798 600 1834 617 io.
1908 591 1971 617 Plin.
1986 600 2024 623 33,
2039 595 2054 617 6
2086 593 2146 625 Qza
2171 601 2280 627 propter

1223 626 1250 652 id
1265 625 1368 652 furtum
1383 633 1538 659 quaerentes
1553 625 1697 661 (studentes
1706 626 1821 662 jizliere)
1842 627 1889 653 oui
1908 628 2014 662 liquore
2033 628 2147 654 candido
2162 629 2237 655 vsum
2250 629 2281 655 11-

1224 661 1279 688 lum
1293 660 1493 695 adulterantem,
1506 672 1569 690 mox
1583 669 1609 689 et
1623 662 1797 697 hydrargyro.
1835 664 1865 689 Et
1876 673 1930 689 cnm
1945 663 2085 698 Infinitum.
2124 664 2198 698 Virg.
2215 666 2280 691 Aen.

1223 701 1250 730 6,
1264 700 1313 731 614
1337 697 1381 723 Ne
1402 706 1497 730 quaere
1511 699 1602 726 doceri
1626 700 1715 732 Qtam
1730 707 1858 732 poenam,
1872 706 1915 726 aut
1937 707 2003 732 quae
2020 700 2106 725 forma
2122 700 2212 732 viros,
2226 700 2282 729 for-

1225 741 1324 760 tunane
1336 732 1434 760 merlit.
1498 736 1527 760 kt
1542 736 1598 762 Cic.
1611 734 1644 761 dc
1659 734 1750 761 finib.
1770 744 1792 769 3,
1830 755 1836 761 .
1875 755 1881 761 .
1919 734 2021 768 Egone,
2035 735 2139 769 quaeris
2155 736 2280 770 (inquit)

1225 769 1306 800 scire,
1320 768 1388 803 quid
1407 769 1534 796 sentiam?
1606 771 1655 798 Tu
1676 780 1710 797 ne
1730 769 1871 804 quaesicris
1893 771 1975 803 scire,
1995 771 2082 801 nefas,
2096 780 2174 805 quem
2195 771 2281 805 mihi,

1224 814 1303 840 quem
1324 804 1377 831 tibi
1393 805 1486 831 Finem
1500 805 1539 831 dii
1559 806 1680 833 dederint
1705 807 1799 833 Horat.
1814 806 1866 833 Od.
1882 815 1902 838 1,
1918 814 1992 841 upr.
2066 807 2138 833 Idem
2153 808 2242 834 Carni.
2257 816 2282 840 3,

1224 849 1268 876 27,
1281 843 1312 874 56
1342 841 1463 875 Speciosa
1482 850 1582 876 quaero
1619 843 1724 870 Pascere
1737 842 1754 868 t'
1791 851 1828 869 es.
1883 843 1924 869 Sic
1936 841 2061 869 Clallibus
2074 842 2284 874 aduchcbantur,

1225 878 1272 912 qui
1287 882 1392 903 mutare
1406 877 1476 903 sedes
1491 877 1655 912 quaerebant
1681 851 1858 906 Taciffierm.
1877 887 1902 910 2,
1919 886 1938 904 1.
2010 878 2077 905 Ptin.
2092 885 2116 910 μ,
2132 887 2159 912 53
2186 878 2284 906 Potissi-

1225 922 1298 939 mmn
1313 922 1327 939 e
1342 919 1433 939 monte
1445 913 1537 947 aliquo
1556 913 1584 939 in
1598 913 1679 940 alium
1693 913 1822 942 transilire
1836 920 2000 948 quaerentes.
2073 915 2132 941 Liu.
2156 923 2191 946 33,
2230 935 2237 942 .
2275 934 2284 942 .

1226 950 1256 975 In
1272 949 1417 983 praeseutia
1433 949 1530 983 placuit
1544 949 1734 983 comprehendi
1750 951 1864 984 eos,q1=i
1878 950 1951 976 simul
1966 950 2084 981 fnifl'cnt,
2100 950 2284 985 quaestionem

1226 985 1259 1011 dc
1275 985 1314 1011 his
1334 985 1427 1011 haberi
1437 1004 1443 1016 ,
1457 984 1521 1010 dum
1539 991 1718 1019 quaeruntur,
1733 993 1779 1013 etc.
1853 986 1910 1013 Cic.
1924 995 1973 1021 pro
1987 986 2056 1013 Sext.
2072 996 2103 1019 54
2132 985 2285 1013 Vexabatur

1226 1029 1296 1047 vxor
1309 1029 1382 1052 mea,
1396 1020 1478 1048 liberi
1496 1020 1529 1046 ad
1549 1029 1641 1047 necem
1661 1021 1866 1055 quaerebantur.
2043 1020 2063 1059 ff
2082 1031 2093 1054 3
2133 1022 2286 1049 ludicrorum

1226 1060 1253 1083 in
1267 1060 1359 1092 primis
1375 1056 1474 1083 uerbum
1488 1054 1531 1089 est.
1567 1056 1733 1083 Decernebat
1743 1076 1750 1088 ,
1764 1064 1792 1083 vt
1808 1057 1942 1084 veteribus
1956 1057 2059 1091 legibus
2073 1064 2146 1084 extra
2159 1057 2286 1085 ordinem

1227 1099 1400 1128 quaereretur
1415 1093 1472 1118 Cic.
1487 1101 1536 1126 pro
1551 1092 1650 1120 Milon.
1670 1102 1691 1117 c.
1706 1094 1730 1118 6.
1800 1092 1874 1118 Idem
1889 1102 1937 1127 pro
1950 1094 2045 1119 Milon.
2062 1102 2085 1127 ¹3
2116 1094 2198 1121 'sulit
2212 1094 2285 1120 enim

1228 1131 1259 1154 de
1275 1128 1363 1161 caede,
1377 1137 1446 1162 quac
1460 1128 1488 1154 in
1502 1129 1587 1162 Appia
1602 1129 1646 1155 via
1666 1128 1734 1154 13813
1750 1128 1825 1159 esset,
1845 1129 1873 1154 in
1896 1137 1948 1163 qua
1963 1128 2072 1155 Publius
2086 1130 2197 1156 Clodius
2217 1130 2286 1156 occi-

1227 1166 1268 1191 sus
1282 1165 1344 1191 fuit.
1383 1163 1457 1198 Qid
1472 1173 1535 1198 ergo
1550 1164 1627 1191 tulit?
1648 1173 1743 1198 nempe
1755 1170 1784 1190 vt
1801 1172 1984 1199 quaereretur.
2019 1165 2093 1198 Quid
2110 1174 2192 1200 porro
2205 1175 2287 1200 quae-

1226 1200 1340 1227 rendum
1354 1199 1407 1226 est?
1428 1199 1563 1226 fae‘lumne
1582 1200 1629 1226 lit?
1648 1205 1674 1227 at
1689 1199 1796 1226 constat.
1826 1201 1849 1226 A
1867 1201 1940 1235 quo?
1966 1206 1992 1227 at
2006 1208 2084 1235 patet.
2158 1201 2239 1227 Ducit
2253 1201 2287 1227 il-

1227 1236 1284 1262 lum
1304 1236 1336 1262 ad
1354 1236 1472 1263 tribunal
1489 1236 1582 1262 Aeaci:
1611 1236 1633 1263 is
1656 1236 1713 1270 lege
1724 1236 1870 1269 Cornelia,
1897 1244 1964 1272 quae
1983 1236 2016 1263 de
2042 1236 2141 1264 sicariis
2165 1237 2216 1264 lata
2240 1237 2288 1270 est,

1227 1272 1372 1307 quaerebat
1393 1272 1489 1299 Seneca
1507 1272 1539 1299 de
1552 1279 1640 1299 morte
1649 1272 1749 1303 [Claud.
1763 1272 1870 1308 staltjin.
1962 1273 2099 1308 Qtaerere
2119 1274 2147 1299 in
2166 1273 2287 1308 aliquem

1227 1309 1284 1335 Cic.
1300 1317 1349 1343 pro
1365 1308 1472 1335 Cluent.
1486 1313 1540 1341 148.
1613 1309 1731 1335 Maiores
1745 1308 1830 1335 nostri
1848 1309 1876 1335 in
1890 1307 2029 1335 dominum
2043 1308 2075 1335 de
2094 1309 2177 1336 seruis
2192 1309 2288 1344 quaeri

1227 1345 1372 1372 noluerunt
1394 1345 1468 1371 Idem
1483 1354 1532 1379 pro
1548 1344 1645 1371 Milon.
1661 1347 1696 1371 60
1716 1354 1738 1371 c.
1753 1353 1791 1370 22.
1900 1344 1957 1370 Cic.
1975 1345 2051 1370 Verr.
2074 1353 2100 1377 2,
2120 1353 2154 1379 27
2194 1347 2288 1378 Quum

1228 1388 1361 1415 praetores
1378 1380 1504 1415 designati
1523 1381 1699 1412 sortirentur,
1725 1386 1751 1405 et
1765 1381 1803 1406 M.
1819 1379 1931 1406 Metello
1949 1379 2133 1414 obtigiss'et‚x·t
2152 1380 2173 1406 is
2192 1380 2225 1406 de
2245 1389 2288 1414 pe-

1227 1417 1313 1443 cuniis
1327 1416 1481 1450 repetundis
1496 1424 1645 1450 quaereret.
1718 1414 1792 1440 Ideni
1806 1414 1873 1440 ibid.
1887 1423 1913 1446 2,
1928 1422 1962 1448 72
1977 1424 1999 1441 c.
2014 1423 2047 1447 29
2067 1415 2130 1441 Non
2145 1415 2288 1442 dubitabat

1228 1452 1375 1483 Minucius,
1390 1451 1456 1485 quin
1471 1451 1518 1477 iste
1531 1451 1582 1477 illo
1595 1450 1639 1477 die
1653 1459 1709 1477 rem
1725 1449 1889 1484 quaesiturus
1903 1458 1956 1475 non
1977 1450 2051 1476 esset:
2076 1459 2159 1485 quum
2179 1458 2291 1485 repente

1227 1487 1368 1513 iuberetur
1381 1486 1479 1513 dicere.
1546 1487 1604 1513 Cic.
1617 1493 1667 1520 pro
1681 1485 1787 1511 Cluent.
1802 1486 1848 1518 176
1879 1485 2040 1511 'l'ormentis
2059 1486 2186 1512 omnibus
2206 1487 2288 1513 vehe-

1226 1521 1390 1547 mentissimis
1412 1521 1560 1555 quaeritur.
1633 1520 1703 1546 Suet.
1721 1520 1748 1545 in
1762 1519 1863 1546 Tiber.
1884 1529 1906 1546 c.
1922 1526 1950 1554 58
1979 1520 2046 1547 Ae'ta
2066 1530 2107 1548 res
2127 1522 2154 1548 in
2176 1523 2287 1549 Senatu:

1228 1565 1253 1582 ct
1269 1556 1332 1589 quia
1346 1555 1550 1590 ambigebatur,
1564 1564 1611 1589 per
1625 1561 1758 1582 tormenta
1772 1555 1887 1590 quaesita
1906 1556 1950 1582 cli.
2024 1557 2094 1583 Nam
2109 1567 2192 1593 quum
2210 1567 2289 1586 more

1226 1592 1362 1618 maiorum
1383 1592 1415 1618 de
1435 1591 1518 1617 seruis
1536 1592 1566 1617 in
1586 1591 1745 1624 dominum,
1765 1601 1797 1618 ne
1818 1592 1959 1619 tormentis
1979 1593 2088 1627 quidem
2111 1594 2222 1629 quaeri,
2239 1601 2286 1620 erc.

1227 1628 1284 1654 Cic.
1298 1636 1347 1662 pro
1358 1627 1449 1654 Deiot.
1464 1636 1477 1659 3
1491 1636 1512 1653 c.
1528 1636 1546 1653 1.
1602 1627 1678 1653 Idem
1698 1630 1751 1654 Att.
1774 1636 1794 1660 1,
1815 1635 1843 1661 17
1874 1628 1980 1655 Senatus
2001 1629 2119 1662 censuit,
2141 1636 2170 1656 vt
2192 1629 2225 1656 de
2242 1629 2290 1663 iis,

1226 1663 1275 1699 qui
1295 1663 1331 1690 ob
1351 1663 1524 1690 iudicandum
1545 1663 1684 1697 pecuniam
1704 1665 1872 1698 accepissent,
1887 1671 2070 1698 quaereretur.
2107 1665 2166 1692 Viti.
2186 1673 2288 1705 QVAE*-

1230 1705 1340 1726 siTOR.
1491 1696 1512 1736 ff
1538 1709 1557 1733 4
1594 1701 1746 1733 Quaerere,
1771 1700 1994 1736 [ἕκπωᾶέκομαι]
2021 1703 2183 1733 percontari,
2198 1703 2289 1738 J‘czfin‘-

1226 1738 1295 1767 tari,
1310 1739 1478 1771 interrogare.
1515 1735 1600 1762 Plaut.
1616 1735 1712 1770 Amph.
1728 1731 1852 1770 prol.'128
1875 1737 1960 1771 Atque
1974 1743 2002 1763 vt
2018 1746 2067 1768 ne,
2080 1738 2127 1772 qui
2143 1739 2236 1771 effem,
2249 1738 2289 1764 fa·

1227 1770 1346 1798 miliares
1361 1776 1528 1806 quaererent.
1589 1772 1659 1798 Ter.
1674 1772 1756 1798 Andr.
1772 1781 1791 1804 1,
1806 1780 1825 1804 1,
1843 1774 1873 1804 63
1905 1773 1971 1799 Item
1987 1773 2042 1799 alio
2057 1773 2100 1800 dic
2115 1774 2288 1809 quaerebam:

1226 1807 1424 1841 comperiebam
1447 1807 1518 1833 nihil
1542 1806 1574 1833 ad
1589 1807 1756 1843 Pamphilum
1780 1807 1928 1843 quidquam
1952 1809 2075 1836 attinere.
2164 1811 2221 1837 Cic.
2236 1818 2288 1844 pro

1226 1844 1302 1870 Rosc.
1317 1844 1407 1870 Amer.
1424 1851 1454 1878 73
1486 1844 1550 1870 Non
1564 1852 1664 1878 quaero
1679 1843 1724 1870 abs
1743 1849 1785 1877 te,
1799 1852 1882 1878 quare
1902 1850 2003 1879 patrem
2022 1846 2078 1871 Sex.
2093 1846 2203 1872 Roscius
2217 1846 2288 1872 occi-

1227 1879 1306 1906 derit.
1378 1880 1517 1913 Quaerere
1533 1878 1611 1906 horas
1627 1879 1660 1906 ab
1679 1880 1773 1915 aliquo
1793 1880 1860 1907 Plin.
1874 1888 1900 1914 7,
1915 1890 1951 1914 53.
2024 1882 2066 1907 Ab
2087 1881 2191 1917 hospite
2209 1891 2290 1916 quae-
2318 1897 2321 1903 ·

1225 1924 1285 1942 rere
1306 1915 1427 1942 Scribon.
1446 1924 1500 1951 172.
1522 1918 1540 1941 i.
1559 1915 1625 1951 apud
1640 1916 1663 1942 h.
1756 1916 1834 1942 Circa
1855 1917 1975 1951 aliquem
1994 1917 2133 1952 quidpiam
2161 1926 2290 1952 quaerere

1225 1951 1358 1985 Quinetil.
1374 1962 1397 1984 7,
1412 1960 1430 1978 1.
1503 1951 1559 1978 Cic.
1575 1952 1654 1978 Acad.
1669 1960 1698 1984 4,
1711 1954 1746 1987 76
1774 1952 1913 1984 Qiacsiuit
1932 1953 1963 1979 de
1978 1953 2085 1979 Zenone
2101 1953 2206 1981 sortass'e
2221 1953 2289 1988 quid

1223 1988 1347 2014 futurum
1361 1988 1430 2014 ess'et.
1486 1987 1546 2014 Liu.
1561 1998 1590 2021 4,
1605 1997 1641 2022 40
1663 1988 1773 2021 Qiacro
1788 1988 1820 2014 de
1834 1994 1876 2020 te,
1892 1996 1937 2015 ctc.
1959 1989 1984 2015 h.
1996 1998 2018 2015 e.
2038 1989 2093 2015 Abs
2107 1996 2139 2015 tc.
2210 1989 2285 2016 Caes.

1225 2023 1292 2050 Bell.
1307 2023 1374 2050 Gall.
1392 2033 1414 2056 2,
1429 2031 1453 2055 ις
1480 2023 1650 2050 Neruiorum
1664 2024 1695 2049 dc
1710 2030 1803 2050 natura
1817 2024 1993 2057 moribusque
2001 2024 2095 2050 Caesar
2107 2033 2191 2057 quum
2205 2033 2288 2058 quae-

1225 2065 1310 2092 reret,
1326 2059 1359 2086 fic
1375 2059 1534 2094 reperiebat.
1608 2060 1666 2086 Cic.
1682 2061 1710 2085 in
1725 2059 1813 2084 Vatin.
1837 2068 1863 2083 10
1893 2060 2001 2091 Qnacro
2016 2058 2083 2084 illud
2104 2059 2183 2085 etiam
2197 2067 2229 2085 ex
2249 2066 2287 2091 te,

1225 2095 1298 2130 quod
1313 2096 1431 2129 priuatus
1444 2093 1580 2120 admisisti.
1635 2095 1704 2119 Ter.
1719 2095 1816 2118 Heaut.
1829 2102 1857 2125 4,
1873 2101 1892 2123 1,
1907 2101 1918 2125 5
1946 2093 2061 2123 Nescio,
2075 2093 2122 2118 nisi
2143 2099 2172 2119 vt
2183 2103 2215 2120 cx
2229 2094 2286 2128 ipsa

1226 2140 1352 2165 quaeras,
1367 2131 1437 2155 vnde
1457 2130 1526 2154 hunc
1546 2128 1681 2154 habuerit.
1754 2127 1792 2152 Ex
1805 2135 1835 2152 re
1849 2126 2002 2160 quaeritur,
2017 2127 2177 2154 veneficium
2191 2130 2286 2164 fuerit,

1225 2175 1258 2191 a„
1272 2165 1386 2190 cruditas
1401 2163 1533 2194 Qfinffii,
1550 2170 1577 2196 7,
1590 2169 1612 2192 3,
1681 2161 1818 2192 Qiaerere
1836 2161 1937 2188 secreto
1958 2161 1990 2187 ab
2005 2162 2096 2197 aliquo
2117 2165 2189 2191 Caes.
2206 2166 2233 2192 B.
2250 2166 2284 2193 G.

1226 2207 1246 2229 1,
1260 2204 1293 2227 18.
1366 2197 1503 2223 Eruditius
1518 2194 1621 2233 aliquid
1640 2195 1774 2227 QintSlil.
1789 2203 1810 2228 1,
1824 2204 1845 2225 5.
1917 2196 2058 2225 Subtiliter
2077 2199 2181 2235 aliquid
2205 2202 2283 2229 Idem

1224 2240 1252 2266 7,
1267 2241 1289 2258 2.
1360 2233 1461 2256 Verum
1487 2230 1556 2255 Hor.
1569 2229 1649 2262 Epist.
1666 2238 1692 2261 2,
1706 2238 1731 2261 2,
1746 2238 1789 2262 45.
1861 2231 1887 2258 Si
1903 2241 1998 2259 verum
2015 2236 2123 2269 quaeris
2141 2237 2197 2264 Cic.
2208 2238 2282 2264 Fam.

1224 2274 1261 2295 12,
1282 2270 1305 2294 8.
1361 2265 1439 2298 Spem
1458 2272 1566 2291 omnem
1579 2264 1608 2290 in
1620 2264 1704 2291 Decio
1720 2266 1804 2292 Bruto
1823 2272 1848 2292 et
1863 2267 1957 2295 Planco
1979 2269 2121 2298 habemus:
2150 2272 2168 2299 si
2187 2282 2283 2301 verum

1221 2298 1344 2332 quaeris,
1363 2299 1393 2325 in
1414 2305 1455 2331 te,
1477 2306 1503 2326 et
1524 2300 1551 2326 in
1572 2309 1634 2326 meo
1649 2300 1750 2334 Bruto,
1771 2311 1825 2328 non
1838 2302 1926 2330 solum
1942 2304 1973 2331 ad
1986 2307 2106 2340 praeseus
2120 2309 2283 2344 perfugium,

1220 2333 1275 2366 sed,
1288 2341 1334 2360 etc.
1408 2336 1517 2368 Qiaero
1536 2335 1601 2369 quid
1619 2335 1666 2367 iit,
1682 2345 1738 2370 cur,
1751 2345 1797 2364 etc.
1813 2338 1871 2366 Cic.
1885 2339 1917 2366 de
1930 2340 2005 2368 Orat.
2029 2351 2049 2375 1,
2063 2345 2088 2370 6.
2125 2344 2194 2372 Adai.
2208 2345 2283 2374 Idem

1219 2369 1300 2396 Acad.
1316 2378 1326 2396 1
1341 2379 1362 2396 c.
1379 2379 1388 2396 1
1402 2378 1468 2397 extr.
1541 2372 1573 2398 Et
1586 2381 1617 2398 ea
1629 2381 1685 2403 res,
1701 2373 1718 2399 fi
1737 2375 1859 2409 quaeris,
1872 2384 1969 2410 magno
1984 2379 2009 2404 ei
2031 2378 2130 2406 honori
2145 2381 2198 2407 fuit
2223 2383 2282 2409 Cic.

1219 2405 1272 2446 Otf.
1290 2414 1312 2438 3,
1331 2411 1363 2435 80
1382 2415 1403 2433 c.
1420 2415 1462 2433 20.
1535 2409 1653 2441 Q1aerat
1673 2408 1770 2448 aliquis
1790 2419 1858 2444 quae
1882 2411 1932 2438 fint
1951 2414 2058 2441 mentiti
2085 2423 2187 2443 veteres
2209 2419 2281 2452 magi

1219 2441 1284 2482 Pliu.
1298 2450 1340 2474 30,
1354 2450 1378 2468 2.
1446 2442 1564 2470 Forsitan
1572 2452 1715 2479 quaeratis,
1729 2445 1777 2480 qui
1791 2446 1839 2473 iste
1853 2453 1942 2474 terror
1954 2449 2000 2482 fit,
2021 2457 2046 2477 et
2060 2460 2128 2485 quae
2142 2459 2214 2479 tanta
2225 2454 2280 2480 for-

1219 2477 1294 2504 mido
1304 2499 1312 2512 ‚
1325 2487 1393 2512 quae
1407 2484 1447 2505 tot
1463 2487 1492 2504 ac
1506 2480 1568 2506 tales
1584 2481 1657 2507 viros
1672 2482 1816 2516 impediat,
1828 2492 1883 2518 quo
1897 2486 1995 2517 minus,
2011 2493 2056 2512 etc.
2071 2488 2127 2514 Cic.
2143 2498 2191 2522 pro
2201 2489 2280 2517 Rosc.

1219 2515 1309 2551 Aruer.
1324 2522 1349 2554 5.
1440 2516 1558 2555 Qiaeret
1582 2516 1687 2543 fortall'e
1715 2518 1867 2552 quispiam,
1893 2521 2065 2555 displiceatne
2085 2523 2155 2551 mihi
2188 2525 2280 2559 legum

1219 2548 1349 2584 praesidio
1369 2558 1382 2575 a
1403 2558 1488 2586 capite
1509 2551 1659 2586 periculum
1675 2555 1828 2588 propulsare
1848 2556 1905 2582 Cic.
1927 2566 1975 2591 pro
1988 2558 2092 2585 Cluent.
2111 2569 2170 2593 144.
2201 2561 2278 2598 Conf.

1218 2585 1258 2612 Id.
1274 2595 1323 2620 pro
1336 2585 1415 2626 Arch.
1432 2595 1454 2613 c.
1470 2589 1539 2628 ὅρι’.
1614 2589 1689 2622 Qud
1705 2591 1811 2624 quaeris
1824 2592 1955 2626 amplius?
1975 2594 2031 2620 Cic.
2045 2603 2094 2629 pro
2102 2596 2279 2624 KoseAmer.

1221 2630 1274 2655 143.
1349 2622 1422 2655 Qud
1444 2625 1568 2658 quaeris?
1581 2623 1654 2651 Idem
1668 2626 1739 2652 Fam.
1760 2634 1788 2660 7,
1809 2635 1830 2659 3.
1852 2635 1876 2653 et
1891 2629 1945 2655 Att.
1960 2638 1980 2662 1,
1994 2639 2024 2663 14
2038 2638 2103 2658 extr.
2122 2634 2140 2657 i.
2159 2632 2279 2660 breuiter.

1223 2657 1282 2684 Vid.
1302 2657 1402 2693 Casmil).
1423 2660 1458 2684 ad
1476 2660 1493 2686 I.
1506 2657 1678 2695 posteriorem.
1695 2663 1781 2689 Simile
1798 2660 1849 2696 ist,
1870 2664 1938 2691 Noli
1951 2675 2094 2702 quaerere,
2108 2667 2137 2693 de
2156 2677 2203 2704 quo
2223 2669 2278 2697 uid.

1218 2695 1321 2720 Manat.
1339 2693 1373 2720 ad
1393 2694 1465 2721 Fam.
1480 2704 1509 2729 4,
1525 2705 1543 2729 4
1561 2706 1585 2730 p.
1606 2705 1658 2729 191.
1695 2697 1764 2724 ΑΜ.
1780 2699 1848 2726 Hor.
1863 2700 1943 2735 Epist.
1961 2710 1979 2733 1,
1999 2711 2043 2735 10,
2065 2708 2087 2733 8.
2127 2705 2201 2731 Paret·
2214 2700 2289 2732 Lex.'

1217 2730 1281 2756 crit.
1296 2736 1330 2768 p.
1339 2738 1404 2762 1038.
1628 2740 1637 2747 “
1674 2733 1824 2766 Qmerere,
1841 2746 2014 2772 nonnunquam
2029 2738 2164 2775 signi-'sicat
2175 2740 2278 2776 Compa-

1217 2774 1291 2798 rare,
1303 2767 1358 2799 Jme
1370 2769 1507 2802 acquirere.
1544 2767 1613 2794 Ter.
1628 2768 1740 2804 Adelph.
1757 2778 1780 2803 ς,
1795 2780 1823 2803 4,
1838 2780 1862 2805 ις
1883 2773 2010 2800 Contriui
2025 2775 2053 2800 in
2067 2775 2224 2809 quaerundo
2235 2777 2279 2803 vi-

1357 2838 1362 2842 .
1390 2839 1395 2843 μ
1475 2839 1480 2842 ¹
1646 2806 1837 2845 'Ideml-Ieaut.
1853 2816 1874 2840 1,
1891 2817 1910 2841 1,
1924 2814 1956 2843 87
1976 2810 2121 2841 Laborans,
2136 2820 2277 2846 quaerens,

1216 2846 1341 2872 parcenS,
1355 2838 1397 2864 illi
1411 2839 1538 2879 seruiens.
1611 2839 1680 2869 Ibid.
1694 2850 1750 2874 3‚.1,
1764 2848 1792 2875 38
1827 2843 1884 2870 Post
1905 2844 1951 2870 illa
1965 2846 2052 2880 coepit
2069 2846 2177 2873 Vielum
2192 2849 2275 2883 vulgo

1216 2882 1355 2908 quaerere.
1410 2876 1466 2901 Cic.
1481 2884 1530 2908 pro
1545 2876 1639 2909 Qiint.
1656 2886 1679 2909 13
1702 2878 1758 2904 Nec
1773 2879 1871 2906 mirum
1881 2900 1888 2912 ,
1901 2879 1918 2906 ii
1932 2881 2025 2916 is,qui
2047 2891 2139 2909 vocem
2153 2884 2274 2910 venalem

1216 2909 1360 2942 habuerat,
1373 2919 1488 2945 ea,quae
1501 2920 1565 2937 voce
1579 2913 1760 2947 quwstnerar,
1774 2923 1870 2949 magno
1884 2916 1932 2942 libi
1945 2918 2066 2952 quaestui
2083 2918 2141 2944 sore
2156 2920 2275 2954 putabat.

1216 2947 1354 2979 Qiaerere
1375 2954 1404 2972 vt
1424 2947 1577 2979 absumant,
1596 2948 1714 2976 absumta
1729 2952 1867 2985 requirere
1886 2959 1987 2979 certant
2008 2954 2089 2980 Ouid.
2106 2955 2171 2981 Fast.
2186 2964 2206 2987 1,
2219 2964 2275 2983 212.

1264 3017 1269 3022 ι
1332 3019 1337 3022 Ι
2072 2991 2126 3016 Art.
2140 2992 2198 3016 Am.
2207 3000 2230 3024 2,
2239 3000 2273 3024 13.

1216 3016 1358 3058 Qudquid
1390 3018 1550 3052 quaelierat,
1572 3021 1661 3047 ventri
1696 3022 1811 3049 donabat
1840 3032 1921 3050 auaro
1957 3026 2024 3052 Hor.
2040 3026 2119 3059 Epist.
2139 3035 2159 3059 1,
2179 3034 2214 3059 ις,
2233 3035 2274 3059 32.

1215 3054 1276 3080 Plus
1297 3054 1343 3080 ista
1363 3054 1434 3081 intra
1453 3064 1531 3081 vnam
1551 3056 1697 3090 viciniam,
1716 3067 1796 3092 quam
1809 3067 1860 3093 ego
1878 3066 1935 3086 toto
1954 3061 2040 3093 mari,
2054 3061 2182 3095 quaesiuit
2196 3063 2272 3089 Porc.

1215 3090 1297 3115 Latro
1315 3090 1382 3125 apud
1394 3092 1450 3116 Scn.
1466 3092 1560 3117 Contr.
1576 3101 1609 3121 ις.
1642 3093 1717 3128 Conf.
1732 3095 1806 3120 Varr.
1820 3097 1851 3121 de
1865 3096 1896 3122 R.
1911 3096 1943 3122 R.
1964 3105 1986 3128 3,
2008 3105 2047 3129 14,
2063 3105 2081 3123 1.
2171 3098 2227 3125 Cic.
2243 3099 2273 3125 in

1214 3125 1304 3165 Parad.
1319 3128 1335 3152 6
1368 3127 1417 3156 Iis,
1427 3127 1475 3161 qui
1488 3126 1597 3155 honeste
1612 3129 1678 3155 Rem
1700 3136 1832 3164 quaerunt
1845 3134 1999 3159 mercaturis
2017 3133 2162 3165 faciendis,
2181 3136 2272 3168 operis

1215 3161 1325 3193 dandis,
1350 3162 1464 3195 publicis
1489 3163 1636 3196 sumendis,
1657 3165 1775 3200 quaesito
1798 3175 1863 3200 opus
1886 3167 1930 3193 est.
2024 3170 2160 3201 Qiacrere
2185 3170 2273 3197 multo

1214 3196 1307 3223 labore
1328 3197 1384 3224 Cic.
1399 3198 1432 3225 de
1447 3198 1535 3225 rinib.
1558 3208 1583 3231 2,
1600 3209 1646 3227 111.
1716 3202 1784 3229 Hor.
1805 3202 1855 3229 Sat.
1876 3212 1897 3236 1,
1913 3211 1931 3234 1,
1944 3212 1978 3236 92
2017 3204 2140 3239 Denique
2159 3204 2189 3232 (it
2209 3206 2270 3232 finis

1439 3234 1541 3262 Sallust.
1556 3236 1613 3270 Ing.
1630 3245 1642 3269 3
1667 3237 1773 3264 Frustra
1787 3238 1855 3271 niti,
1869 3248 1956 3274 neque
1969 3240 2042 3266 aliud
2056 3241 2108 3267 sese
2122 3241 2271 3276 fatigando,

1990 3275 2073 3302 Plaut.
2095 3276 2154 3303 Aul.
2175 3286 2196 3310 1,
2211 3287 2270 3310 2,13

1910 3308 1931 3348 ff
1958 3313 1975 3337 6
2017 3311 2061 3337 Ad
2077 3312 2271 3348 dubitationem

1511 3343 1683 3379 Nouquaero
1696 3354 1727 3370 ex
1742 3344 1783 3371 his
1798 3345 1843 3372 illa
1858 3345 1935 3372 initia
1947 3346 2195 3375 mathematicorum
2211 3350 2268 3377 Cic.

1476 3378 1549 3405 Idem
1564 3380 1636 3406 Fam.
1656 3389 1683 3413 9,
1698 3383 1728 3407 :6
1763 3381 1810 3407 Ille
1833 3381 1898 3407 baro
1911 3388 1936 3408 te
1958 3382 2065 3416 putabat
2078 3384 2270 3419 quaefitururn,

1941 3418 2077 3451 Qtaercre
2091 3420 2135 3446 de:
2163 3421 2220 3447 Cic.
2233 3421 2265 3448 de

1367 3469 1374 3475 .
1411 3450 1442 3476 In
1464 3450 1563 3485 quibus
1581 3452 1655 3486 saepe
1671 3462 1724 3478 non
1742 3452 1774 3478 de
1787 3452 1874 3485 fac'i0,
1896 3453 1939 3479 sed
1959 3454 1991 3480 de
2011 3456 2069 3481 iure
2083 3462 2164 3490 atque
2177 3458 2267 3492 aequi—

1494 3487 1642 3519 Qiaeritur
1662 3488 1733 3514 inter
1753 3488 1887 3520 medicos,
1906 3490 1980 3515 cuius
1994 3492 2097 3525 generis
2115 3501 2199 3527 aquae
2215 3493 2266 3520 tint

2232 90 2276 117 10

2194 165 2277 194 Ouid.

1691 3521 1747 3586 37
1784 3526 1937 3557 Qtaerere,
1954 3533 1983 3551 vt
2004 3527 2156 3554 Deridet-are
2178 3530 2265 3563 Synet-

1723 3560 1746 3584 Ie
1766 3560 1791 3584 sc
1805 3566 1911 3593 quaerat
1923 3569 2016 3588 orator
2030 3564 2148 3597 priorem
2177 3565 2266 3597 Qiin-

1482 3594 1593 3628 Optatos
1614 3604 1741 3629 quaerere
1760 3595 1931 3627 Tyndaridas
1950 3598 2067 3631 Propert.
2089 3607 2157 3633 1‚1·7.
2178 3600 2207 3626 tic
2227 3604 2265 3628 ia-

1843 3633 1877 3658 Vt
1893 3632 2045 3667 quindecim
2054 3633 2148 3661 dicbus
2160 3642 2263 3663 vtrum-

2100 3707 2163 3733 Liu.
2179 3715 2216 3740 25,
2233 3713 2263 3737 28

1206 3734 1232 3760 Si
1248 3735 1277 3761 in
1296 3735 1438 3762 occalionis
1451 3743 1604 3768 momento,
1623 3736 1697 3763 cuius
1717 3740 1896 3772 praeteruolat
1912 3741 2111 3774 opportunitas,
2125 3743 2260 3769 cunctatus

1205 3769 1323 3804 paullum
1337 3771 1419 3797 fueris
1429 3792 1437 3804 ‚
1458 3770 1653 3807 necquidquam
1667 3781 1729 3799 mox
1743 3775 1859 3801 amissam
1874 3784 1991 3809 quaeraS.

1205 3806 1351 3841 quidquam
1367 3807 1452 3841 postea
1463 3827 1470 3839 ,
1492 3808 1508 3833 li
1523 3814 1579 3834 tum
1592 3809 1719 3835 ceffass‘ent
1733 3811 1937 3843 praetermiil‘am
1953 3811 2116 3839 occasionem
2132 3814 2260 3847 quaelitu-

1204 3850 1218 3867 r
1251 3862 1258 3868 .

551 3867 607 3894 Cic.
621 3877 671 3903 pro
683 3869 784 3899 Cluent.
805 3881 847 3907 125
878 3873 934 3907 Qni
952 3882 1036 3909 quum
1053 3875 1189 3912 vene-105
1203 3850 1248 3911 2:³⁵

2045 3779 2075 3803 Et
2087 3786 2122 3809 31,
2138 3786 2163 3811 1ς
2191 3778 2260 3805 Nec-

1294 3843 1371 3869 Plura
1388 3844 1496 3869 Gronau.
1518 3842 1584 3876 ObJJ.
1605 3853 1629 3876 2,
1643 3854 1667 3870 11
1686 3852 1714 3879 p.
1731 3856 1787 3880 299.
1825 3846 1900 3881 szf.
1916 3848 2038 3876 Brouckh.
2057 3849 2092 3874 al
2110 3849 2217 3875 Tibull.
2233 3859 2259 3882 2,

1245 3879 1287 3904 26.
1325 3880 1419 3941 Bia-mk·
1431 3878 1465 3905 ati
1476 3878 1557 3906 Ouid.
1572 3879 1636 3907 Met.
1659 3889 1684 3911 2,
1702 3889 1752 3913 ³39-
1771 3888 1795 3908 ct
1814 3891 1873 3917 quos
1888 3882 1927 3911 ld.
1941 3887 2006 3910 citae
2025 3884 2059 3910 ,ια’
2072 3885 2257 3956 ω11118111.ἑῗ,
