2434 4156
211 123 263 159 79
591 98 870 140 RAT
1706 91 1985 133 R‘AT
2291 98 2340 138 80

214 194 285 223 bris,
307 188 349 216 sed
367 191 425 213 ‘⁰³0
444 186 475 213 5¹¹
486 193 611 223 torpore:
643 187 755 214 minime
773 192 861 214 tamen
877 185 906 211 in
922 185 1021 219 capite,
1036 185 1173 217 solumque
1191 192 1247 210 non
1308 185 1427 213 rationes
1438 184 1540 212 Galliae
1557 183 1624 209 Plin.
1638 181 1717 216 Epist.
1729 188 1756 215 7,
1769 181 1806 207 16.
1872 181 1965 209 Putate
1977 182 2093 209 rationes
2106 191 2165 212 cum
2177 181 2270 216 aliquo
2286 181 2344 208 Cic.

216 230 351 257 mouetur,
363 222 410 248 nisi
423 231 482 249 cum
496 224 602 258 peelore
616 223 744 249 auulsum.
815 223 917 254 Augere
929 230 986 246 rein
1006 220 1082 246 bonis
1096 225 1121 245 et
1135 218 1248 245 honestis
1310 223 1363 248 Att.
1377 230 1405 254 4,
1419 230 1454 246 10.
1528 221 1621 246 Putate
1636 219 1765 244 rationem
1778 217 1966 250 argentariam,
1978 219 2178 245 frumentariam
2187 238 2195 251 ‚
2204 218 2345 249 oleariam,

215 258 361 291 rationibus
378 258 434 285 Cic.
447 267 496 293 pro
510 259 600 285 Rabir.
617 259 681 285 Poll.
698 264 735 289 38.
808 258 908 289 Caperc
927 256 1060 282 rationem
1079 253 1177 284 oculis,
1196 254 1250 280 vid.
1309 256 1441 282 vinariam
1460 256 1527 282 Cato
1545 255 1576 280 de
1591 255 1622 280 R.
1637 254 1667 280 R.
1688 262 1699 278 2
1714 255 1744 279 it.
1758 261 1779 285 5.
1850 251 1968 280 Reddere
1993 255 2125 280 rationem
2156 253 2241 280 doeiis
2265 252 2345 280 dietis

215 300 346 324 OCVLVS.
416 295 580 329 Cognoscere
599 295 730 320 rationem
744 291 809 318 fasti
827 289 961 323 Qtinffll.
975 299 1003 322 4,
1016 298 1039 316 2.
1106 288 1249 314 Consulere
1309 291 1414 317 Lucret.
1435 300 1460 323 2,
1479 293 1536 322 986.
1567 289 1636 316 Add.
1650 298 1670 319 2,
1684 290 1739 320 762.
1811 286 1947 314 Africanus
1968 288 1985 315 l.
2004 297 2031 321 53
2052 290 2084 317 D.
2098 289 2130 315 de
2150 288 2248 315 condit.
2262 294 2287 315 et
2301 287 2344 315 dc-

214 329 377 361 rationibus,
396 329 449 356 vid.
469 335 627 356 CONSVLO-
698 327 762 353 Dari
776 326 855 352 istanc
869 325 1001 350 rationem
1013 324 1077 350 volo
1090 323 1173 350 Plaut.
1188 324 1248 350 Mil·
1274 331 1291 358 ς
1310 326 1444 353 monstrat.
1464 326 1593 358 Qiamuis
1607 324 1729 357 (inquit)
1743 322 1856 349 rationes
1869 321 1991 354 reddere,
2005 324 2073 351 nihil
2086 323 2158 351 aliud
2166 324 2296 358 linquam
2305 333 2345 350 re-

213 375 236 398 3,
252 374 272 397 1,
285 373 336 400 175.
355 367 374 391 i.
391 365 512 400 implicari
529 365 598 389 illam
617 365 638 389 le
656 362 722 388 idam
737 361 935 395 sycophantiam
949 368 1021 393 quam
1041 357 1176 391 Palaestrio
1195 368 1210 384 1²
1222 359 1252 395 se
1312 362 1384 396 liqua
1397 361 1514 393 soluere,
1527 368 1572 389 etc.
1644 359 1762 386 Reddere
1783 359 1912 384 rationem
1931 358 1962 384 de
1975 360 2051 386 factis
2065 360 2179 386 aliorum
2198 360 2254 385 Cic.
2267 360 2349 385 Verr.

213 405 338 428 inuentam
356 400 464 426 dixerat.
535 399 601 424 Duci
617 369 703 430 alli'qua
719 396 839 425 ratione,
859 398 876 420 i.
895 395 981 426 allici,
995 392 1089 420 laciori
1101 394 1206 421 Lucrct.
1223 404 1252 427 4,
1314 405 1338 429 2,
1350 405 1381 428 29
1394 406 1416 423 c.
1432 405 1464 423 11.
1519 399 1549 423 Et
1566 396 1650 431 paullo
1668 403 1739 427 ante,
1764 394 1870 428 Semper
1884 393 1920 419 ita
1934 394 2070 427 vitumnus,
2082 401 2110 422 vt
2122 395 2255 422 rationem
2267 394 2355 420 nobis.

214 444 273 472 597.
344 436 410 462 Hor.
425 435 474 460 Sat.
489 442 511 463 2,
525 442 552 465 4,
566 436 595 464 36
624 433 681 459 Nec
701 431 748 457 sibi
770 438 911 456 coenarum
925 429 1014 464 quiuis
1034 435 1134 456 temere
1147 436 1254 464 arroget
1314 432 1472 458 reddendam
1486 431 1654 458 arbitremur.
1725 430 1835 457 Referre
1849 429 1964 456 rationes
1977 431 2032 456 Cic.
2046 432 2121 457 Verr.
2141 439 2161 463 1,
2174 437 2200 464 7.
2245 431 2346 456 Plenius

215 478 316 505 artem,
336 472 401 498 Non
415 469 487 504 prius
504 467 598 493 Exashi
613 467 684 493 tenui
697 466 801 493 ratione
812 466 944 499 saporum.
1017 465 1156 499 Exponere
1174 466 1254 492 ratio.
1315 466 1376 492 idem
1391 467 1418 493 in
1431 468 1515 493 Pison.
1531 469 1558 493 61
1575 467 1714 493 Rationem
1729 466 1759 492 ad
1772 465 1902 492 aerarium
1917 465 1997 491 retuli
2010 467 2152 498 continuo,
2166 466 2271 497 Caesar,
2282 464 2345 491 ficut

215 517 277 535 nem
297 508 368 533 suam
385 504 463 531 alicui
480 504 583 529 Luci-et.
606 511 627 533 1,
646 509 705 534 943.
750 516 796 521 —-
817 500 881 526 faoi
901 500 941 526 sui
960 499 1042 526 alicui
1060 501 1115 528 Cic.
1130 501 1162 527 de
1177 501 1253 535 Resp.
1271 509 1300 527 ιο
1316 501 1358 527 lex
1371 507 1415 528 tua
1427 502 1549 528 iubebat:
1573 511 1658 536 neque
1673 503 1722 529 alia
1735 501 1787 528 vlla
1806 501 1834 527 in
1852 510 1880 528 re
1894 501 1944 535 legi
1958 506 2016 527 tuac
2028 502 2112 535 parui.
2148 502 2219 533 Quas
2231 500 2348 527 rationes

212 544 310 576 *Al-usp,
326 550 339 574 3
352 550 373 567 c,
387 549 399 565 2
409 547 452 574 pr.
524 538 560 564 Id.
577 539 651 563 Vcrr.
669 545 697 569 4,
713 545 742 562 10
768 535 836 562 Noli
851 535 900 562 isto
912 536 993 562 modo
1005 544 1081 570 agere
1094 546 1154 564 cum
1161 538 1255 569 Verre,
1317 536 1336 562 fi
1350 539 1485 571 cognoris,
1499 537 1629 572 intelliges
1642 538 1744 564 nemini
1765 537 1820 571 plus
1834 545 1910 570 quam
1922 535 2004 566 mihi,
2017 536 2105 564 literas
2119 536 2251 571 profuiss'e.
2303 535 2350 562 Sed

217 579 275 606 noli
293 578 347 603 cius
370 575 437 601 iacta
456 572 488 599 ad
508 573 631 605 antiquae
652 572 790 606 religionis
808 571 939 598 rationem
959 571 1112 605 Exquirere.
1187 573 1256 598 Ter.
1318 571 1426 598 Referre
1435 574 1560 599 summam
1569 573 1944 607 rationibusSuet.Vesp.c.22
1961 569 2075 604 estidcm,
2089 573 2153 608 quod
2163 572 2271 602 inferre,
2285 570 2350 605 quod

218 615 285 642 Eun.
305 622 323 642 1,
343 620 360 641 1,
376 618 402 644 17
430 610 530 635 Incerta
543 607 605 633 hacc
621 607 638 633 ss
652 613 680 633 tu
699 607 813 642 postules
830 614 899 634 certa
921 606 1024 633 ratione
1036 607 1150 640 Facere,
1168 608 1256 633 nihilo
1318 609 1392 632 ctiam
1408 608 1504 642 quidam
1518 609 1676 644 praeferunt.
1745 609 1891 643 Reposcere
1911 607 2038 633 rationem
2056 609 2126 634 vitae
2146 614 2171 634 et
2184 606 2350 641 magistratu·

217 650 275 685 plus
290 656 356 682 agas,
370 653 447 678 quam
456 643 473 669 fi
482 643 524 669 des
537 651 654 676 operam,
667 648 696 669 vt
710 652 770 669 cum
783 643 889 670 ratione
902 642 1022 669 insanias.
1092 644 1188 670 Facere
1200 652 1257 670 rem
1317 641 1380 677 gesti
1394 643 1448 668 Cic.
1464 644 1525 669 Diu.
1539 644 1567 669 in
1581 644 1676 671 Caecil.
1689 652 1722 678 27
1735 654 1756 669 c.
1772 654 1796 677 9.
1868 644 2000 670 Reuocarc
2013 643 2045 669 ad
2057 644 2197 670 veritatem
2208 642 2350 674 rationem,

217 685 285 712 mala
298 682 399 710 ratione
425 679 491 704 Hor.
512 679 592 704 Serui.
613 687 639 710 2,
656 681 682 711 6,
701 681 725 705 6.
795 679 869 705 Fieri
888 677 969 704 celeri
984 678 1088 705 ratione
1111 679 1217 706 Lucrct.
1236 687 1259 711 3,
1274 680 1300 707 ¹5
1318 687 1369 704 rem
1386 676 1452 703 reste
1470 682 1608 705 examinare
1628 680 1684 706 Cic.
1695 679 1746 706 Off.
1762 689 1784 712 3,
1798 685 1840 714 84.
1911 679 2041 705 Subducta
2060 679 2126 706 bene
2137 679 2240 706 ratione
2254 678 2302 703 effe
2318 677 2351 704 ad

218 726 266 752 181.
338 716 411 743 Idem
427 723 452 745 1,
472 718 515 743 128
1318 714 1403 740 vitam
1422 712 1491 739 Ter.
1506 713 1615 748 Adelph.
1629 722 1652 747 5,
1665 725 1694 748 4,
1708 724 1726 741 1.
1780 717 1912 742 Donatus:
1936 715 2004 741 Bene
2017 714 2150 749 disposita,
2162 714 2230 741 bene
2241 722 2349 747 compu-

322 754 490 784 Qnapropter
504 748 571 775 bene
580 769 588 781 ‚
604 757 662 775 cum
672 770 680 781 ,
694 749 793 784 superis
814 749 845 775 de
866 748 945 776 rebus
964 749 1093 777 Habenda
1319 755 1380 776 tata.
1417 749 1518 774 Ducere
1530 750 1600 775 enim
1609 769 1616 780 ‚
1630 750 1666 776 est
1680 751 1768 784 digitis
1782 758 1948 786 computare:
1967 750 2008 776 sed
2021 750 2128 780 ducere,
2141 750 2177 776 est
2186 748 2253 784 apud
2266 749 2351 775 alium

322 785 410 814 Nobis
429 784 464 810 est
482 785 567 816 ratio,
582 785 648 811 Solis
663 785 805 819 Lunaeque
820 791 920 811 meatus
1319 790 1345 812 et
1357 784 1455 819 palam:
1476 783 1635 817 subducere,
1647 786 1714 819 apud
1734 786 1844 821 seipsum
1864 793 1889 812 et
1907 787 2021 814 secreto:
2053 794 2106 820 quo
2122 786 2204 819 magis
2223 786 2251 811 in
2267 783 2353 810 verbo

322 823 381 854 Q1a
397 820 460 845 fiant
473 820 593 852 ratione,
607 827 632 847 et
647 830 699 855 qua
719 822 747 847 vi
761 829 879 854 quaeque
898 825 1028 855 genantur
1319 820 1370 847 isto
1385 819 1495 846 maioris
1508 820 1659 847 attentionis
1673 821 1865 856 etdiligentiac
1878 822 1978 856 lignum
1995 821 2039 847 est.
2108 821 2258 848 Subducere
2271 820 2354 846 ratio·

323 858 354 883 In
368 855 461 887 terris,
475 861 547 888 tum,
562 865 621 882 cum
636 857 728 890 primis
743 856 847 882 ratione
862 857 955 891 sagaci,
1269 867 1305 887 20
1319 865 1381 888 nes,
1400 855 1453 881 vid.
1477 861 1638 882 SVBDVCO.
1709 857 1867 892 Supputatur
1879 858 1948 884 ratio
1962 866 2020 884 cum
2034 856 2181 890 argentario
2193 856 2275 883 Plaut.
2290 855 2352 881 Aul-

317 892 392 918 Vnde
404 891 490 917 anima
503 898 581 925 atque
595 892 677 918 animi
689 892 788 918 constet
805 897 914 924 natura,
927 891 1084 918 videndum.
1318 901 1342 924 3,
1356 900 1377 924 ς,
1391 900 1428 923 33.
1498 890 1597 917 Venire
1615 891 1643 917 in
1656 891 1786 919 rationem
1805 894 1875 920 Suet.
1889 894 1954 920 Ner.
1968 902 1989 919 c.
2005 901 2035 925 39
2055 893 2162 923 dicmur,
2175 892 2238 927 quod
2253 890 2364 926 reditfi*

214 930 301 957 Iacent
321 927 454 959 rationes,
474 926 527 953 vid.
549 933 680 954 IACEO.
751 928 877 962 Improba
899 927 999 961 nauigii
1019 928 1089 954 ratio
1109 931 1166 952 tum
1184 935 1258 953 caeca
1317 931 1346 954 in
1363 934 1474 953 rationes
1491 929 1585 960 accepti
1606 927 1726 962 refertur.
1917 927 1938 966 ff
1959 937 1972 962 ς
2008 930 2082 954 Ratio
2102 926 2135 961 est
2157 929 2245 954 relatio
2265 929 2356 962 quanti

214 963 319 992 lacebat
338 964 441 989 Lucret.
456 970 479 994 ς,
494 971 566 995 ¹004·
634 962 791 989 Incumbere
811 970 869 990 toto
883 964 973 989 animo
994 968 1020 989 ct
1035 962 1120 988 studio
1134 963 1209 988 omni
1230 963 1258 988 in
1316 965 1391 990 onius
1409 962 1443 988 ad
1462 963 1582 993 alterum,
1601 970 1672 997 quam
1693 963 1766 998 vulgo
1778 963 1978 997 Proportionem
1993 964 2095 990 dicunt.-
2109 964 2157 999 fid
2171 966 2273 998 proprie
2290 963 2354 989 Pro-

213 1000 332 1033 aliquam
344 1000 474 1025 rationem
484 1017 493 1030 ,
514 1001 532 1024 ι’.
548 997 689 1031 confilium,
701 1002 822 1024 rationem
841 999 932 1034 agendi
949 998 1004 1024 Cic.
1019 999 1058 1031 Q
1069 999 1138 1024 Frat.
1155 1007 1175 1030 1,
1189 1007 1209 1030 1,
1223 1006 1258 1024 21.
1317 998 1438 1034 portios.
1451 997 1579 1031 Analogia
1592 996 1625 1030 est
1637 1001 1742 1032 repetita
1755 998 1858 1034 ratios.
1872 1004 2029 1034 comparatio.
2100 1000 2153 1026 Cic.
2162 1000 2235 1025 Brut.
2250 1006 2285 1030 49
2299 1005 2354 1030 c.13

214 1036 288 1062 Inire
308 1035 439 1060 rationem
453 1053 462 1065 ,
485 1034 602 1059 [mentre
619 1033 714 1059 modum
732 1034 800 1061 Ter.
815 1035 911 1060 Heaut.
932 1043 960 1067 4,
978 1042 1004 1065 2,
1025 1041 1051 1068 7.
1118 1034 1259 1060 instituere
1269 1041 1302 1067 κς
1319 1034 1445 1061 Graeciae
1460 1039 1597 1059 oratorum
1612 1040 1699 1067 partus
1712 1039 1788 1067 atque
1802 1034 1902 1065 fontes,
1921 1035 1995 1062 vides
2007 1036 2038 1061 ad
2057 1035 2207 1062 nostrorum
2218 1034 2354 1060 annalium

213 1072 345 1098 rationem
360 1069 464 1104 operis,
483 1069 536 1094 vid.
558 1075 730 1096 INSTITVO.
797 1070 936 1096 Labuntur
956 1069 1038 1095 sidera
1052 1078 1115 1103 vaga
1130 1076 1155 1096 et
1174 1076 1258 1096 muta·
1319 1064 1451 1097 raiionem
1465 1075 1583 1100 veteres,
1596 1068 1628 1095 ad
1646 1069 1762 1102 ipsorum
1775 1070 1833 1095 sane
1850 1078 1973 1097 recentes.
2006 1072 2046 1098 Sic
2059 1071 2178 1097 Scribon.
2191 1069 2269 1105 Epist.
2283 1068 2354 1096 med.

210 1107 264 1135 bili
278 1106 381 1132 ratione
398 1105 455 1131 Cic.
470 1103 502 1130 de
516 1104 637 1130 Vniuers.
652 1113 689 1135 32.
763 1106 874 1132 Omittit
892 1106 986 1133 Caesar
1006 1106 1035 1131 in
1054 1106 1201 1139 praesentia
1217 1114 1259 1133 ra-
1319 1106 1432 1133 Ratione
1447 1105 1501 1131 cibi
1517 1104 1580 1130 dati.
1649 1105 1715 1131 Cato
1728 1104 1759 1130 de
1775 1105 1806 1131 R.
1823 1106 1853 1132 R.
1869 1114 1889 1139 1,
1904 1115 1917 1136 ς
1945 1106 1984 1133 Ad
1998 1106 2089 1132 villam
2104 1114 2186 1141 quum
2200 1106 2304 1136 venies,
2316 1104 2357 1131 vi-

212 1144 316 1172 tionem
329 1139 485 1173 insequendi
500 1140 620 1174 Pompeii
634 1140 696 1166 Bell.
710 1140 771 1167 Ciu.
784 1149 809 1173 1,
830 1149 870 1173 30.
942 1142 1046 1168 Lucret.
1060 1150 1089 1174 4,
1103 1146 1145 1174 831
1320 1142 1398 1173 dete,
1411 1142 1469 1167 vasa
1479 1160 1487 1172 ‚
1500 1139 1617 1171 tortula,
1632 1146 1659 1166 et
1678 1139 1750 1166 dolia
1771 1140 1885 1168 multane
1898 1141 1970 1168 fient.
1990 1142 2038 1168 vbi
2051 1151 2105 1168 non
2119 1148 2211 1174 erunt,
2228 1142 2293 1167 scito
2307 1148 2357 1174 pro

321 1177 418 1204 Omnia
438 1177 559 1210 peruersa
578 1175 742 1210 praepostera
763 1177 823 1203 sunt
846 1176 952 1203 ratione
1318 1178 1422 1204 ratione
1442 1176 1579 1203 frue'luum
1598 1175 1662 1206 else,
1679 1178 1698 1202 i.
1723 1176 1853 1203 Secundum
1871 1181 2041 1213 quantitatem.
2111 1178 2191 1204 Ratio
2211 1176 2357 1204 verborum

320 1213 371 1240 Nil
393 1211 454 1238 ideo
474 1211 600 1244 quoniam
621 1219 712 1237 natum
733 1211 770 1238 est
791 1212 819 1238 in
837 1221 958 1247 corpore,
974 1219 1003 1238 vt
1019 1212 1060 1238 vti
1270 1221 1303 1246 30
1319 1213 1438 1239 Varroni
1449 1212 1480 1238 de
1492 1213 1520 1237 L.
1536 1212 1566 1238 L.
1587 1218 1614 1245 7,
1622 1219 1657 1251 '32
1675 1219 1700 1246 p.
1715 1219 1754 1244 95,
1767 1219 1801 1246 27
1821 1210 1855 1246 qli
1869 1217 2000 1248 proportio
2009 1213 2034 1248 J]
2052 1214 2175 1250 analogia.
2246 1213 2297 1238 Pro
2317 1219 2357 1238 ra-

319 1248 462 1278 Polsemus3
482 1246 525 1272 sed
544 1246 616 1281 quod
635 1254 727 1274 natum
747 1247 800 1281 est,
822 1248 850 1275 id
870 1255 990 1283 procreat
1009 1249 1094 1274 vsum.
1318 1250 1393 1276 tione
1408 1248 1534 1284 pecuniae
1548 1246 1659 1273 liberius
1678 1247 1714 1273 est
1729 1248 1822 1274 Brutus
1835 1248 1973 1281 tradimus,
1989 1258 2066 1283 quam
2080 1248 2219 1283 Pompeius
2233 1248 2289 1274 Cic.
2302 1249 2357 1273 Att.

212 1284 332 1314 Poscitur
350 1283 420 1311 ratio
439 1283 527 1309 Varro
541 1283 570 1309 L.
583 1283 613 1309 L.
628 1291 652 1315 5,
689 1303 696 1310 .
735 1303 743 1310 .
815 1284 929 1311 Probare
948 1284 1028 1310 alicui
1045 1283 1179 1311 rationem
1191 1281 1258 1309 faeii
1321 1287 1347 1317 6,
1362 1293 1384 1316 3.
1453 1283 1493 1310 Ad
1508 1284 1637 1309 rationem
1650 1282 1703 1309 loci
1715 1289 1739 1308 et
1752 1284 1878 1317 temporis
1891 1284 2040 1318 PlinAEpist.
2054 1293 2076 1317 3,
2092 1290 2126 1315 13,
2140 1293 2160 1310 1.

214 1321 255 1349 sui
275 1320 332 1347 Cic.
347 1328 395 1352 pro
410 1319 529 1344 Muraen.
542 1326 563 1349 3.
635 1319 740 1345 Lucrct.
759 1327 783 1351 3,
796 1321 849 1346 260
1355 1327 1375 1346 R
1385 1325 1483 1346 ATiv
1493 1318 1592 1345 Νεῠῐ.
1602 1325 1639 1350 Α,
1661 1327 1699 1344 ae.
1718 1318 1737 1343 f.
1761 1318 1862 1344 Dimin.
1897 1320 1954 1346 Cic.
1962 1320 2044 1346 Tusc.
2060 1329 2084 1351 2,
2098 1328 2131 1351 29
2149 1329 2170 1346 c.
2185 1327 2211 1345 12
2242 1318 2357 1345 Conclu-

321 1355 400 1381 Nunc
416 1361 447 1379 ea
461 1361 514 1385 quo
527 1352 604 1386 patilo
616 1353 686 1380 inter
701 1355 727 1380 se
740 1354 830 1386 mista,
848 1354 999 1389 quibusque
1319 1355 1385 1382 dunt
1397 1355 1553 1381 ratiunculis
1566 1353 1657 1384 Stoici,
1670 1361 1716 1379 cur
1728 1360 1782 1377 non
1796 1352 1826 1377 lit
1838 1354 1950 1378 malum:
1972 1355 2042 1386 quasi
2056 1354 2087 1380 de
2100 1354 2184 1381 verbo
2193 1374 2201 1386 ‚
2215 1363 2269 1380 non
2281 1353 2312 1379 de
2327 1362 2357 1379 re

319 1391 415 1417 Comta
428 1387 515 1414 modis
528 1388 650 1421 vigeant,
665 1389 799 1414 rationem
811 1391 930 1416 Reddere
942 1396 1066 1416 auentem
1275 1403 1305 1430 35
1321 1391 1466 1417 laboretur.
1503 1391 1545 1417 Sic
1562 1388 1646 1414 Tusc.
1664 1397 1698 1420 4,
1718 1396 1761 1419 42.
1828 1387 1973 1420 Suggerere
1991 1388 2148 1424 ratiunculas
2173 1390 2229 1415 Cic.
2248 1389 2280 1416 de
2295 1390 2356 1416 Nat.

322 1423 456 1452 Abstrahit
470 1423 586 1449 inuitum
605 1423 685 1457 patrii
704 1424 833 1450 sermonis
853 1424 959 1458 egestas.
1320 1428 1400 1453 Deor,
1421 1436 1442 1458 3,
1454 1434 1495 1460 73.
1564 1422 1735 1453 Ratiuncula‚
1748 1422 1903 1456 Suppuratio.
1940 1421 2033 1446 Beatus
2051 1420 2161 1458 V1d09r3
2188 1423 2299 1449 subduxi
2318 1433 2357 1450 ra.

213 1464 343 1498 Repetere
358 1460 437 1487 altius
454 1459 585 1486 rationem
604 1459 735 1492 Qiineiil.
750 1462 775 1492 6,
789 1468 814 1493 2,
829 1468 850 1485 2.
921 1458 1038 1485 Scrutari
1058 1456 1161 1491 aliquid
1177 1456 1259 1482 ratio-
1320 1462 1626 1492 tiunculffln‚Q1fflm1m
1648 1459 1716 1484 aeris
1735 1457 1803 1483 mihi
1816 1456 1868 1488 est,
1887 1461 2068 1490 quantumque
2087 1454 2168 1480 alieni
2185 1454 2237 1493 siet.
2278 1458 2359 1484 Dine„

212 1507 247 1526 ne
268 1497 342 1524 Idem
361 1499 444 1528 5,'10‚
458 1503 482 1520 2-
501 1497 520 1520 ¹⁴-
541 1494 626 1520 ⁰¹·d1'21t‘
646 1501 721 1521 certo.
802 1494 942 1521 Claudian-
962 1495 994 1521 de
1015 1494 1080 1520 Bell·
1094 1495 1154 1519 Get.
1170 1500 1204 1523 1¹3
1231 1491 1261 1517 sle
1320 1497 1377 1522 sum
1392 1495 1410 1521 fi
1428 1504 1482 1521 nou
1501 1495 1589 1521 reddo*
1602 1494 1656 1523 eis,
1675 1492 1772 1527 quibus
1787 1491 1885 1519 debeo:
1915 1492 1942 1517 Si
1961 1490 2045 1516 reddo
2064 1490 2134 1521 illis,
2154 1489 2251 1522 quibus
2267 1491 2360 1525 debeo,

210 1536 310 1564 ratione
324 1530 429 1568 eligendi
443 1529 532 1562 dufer,
551 1531 584 1555 At
594 1539 658 1556 vero
672 1530 775 1556 Italiam
787 1530 892 1564 quoties
906 1529 1078 1556 circumstetit
1091 1536 1166 1555 atrox
1175 1528 1261 1552 Tem·
1321 1531 1379 1565 plus
1393 1530 1474 1556 alieni
1487 1529 1523 1555 est
1536 1528 1619 1554 Plaut.
1632 1529 1710 1554 Cure.
1724 1537 1745 1559 3,
1758 1535 1818 1562 ipr.
1889 1527 1958 1553 Ter.
1972 1526 2078 1552 Phorm.
2097 1534 2117 1556 1,
2132 1533 2152 1556 1,
2166 1532 2183 1550 2
2213 1525 2272 1552 Erat
2282 1528 2313 1558 Vei
2326 1527 2360 1554 de

213 1569 296 1605 pestas
315 1583 360 1588 ——-
380 1567 444 1593 Non
458 1565 511 1592 illis
527 1565 589 1592 vani
607 1566 678 1592 ratio
691 1566 798 1592 ventosa
812 1565 930 1598 fauoris,
951 1564 1000 1592 Sed
1012 1564 1128 1599 grauiter
1143 1562 1259 1598 Spcelata
1267 1579 1305 1604 40
1319 1566 1469 1593 ratiuncula
1482 1565 1535 1590 iam
1550 1563 1652 1598 pridem
1666 1563 1733 1596 apud
1753 1571 1795 1588 me
1808 1563 1942 1596 reliquum
1960 1560 2138 1596 pauxillulum
2154 1568 2304 1589 mimorum:
2325 1562 2354 1590 ia

213 1605 290 1633 salus.
357 1601 489 1629 Tractare
508 1609 565 1627 rem
586 1601 702 1635 aliquam
721 1602 826 1628 ratione
845 1602 979 1634 modoque
1006 1601 1074 1626 Hor.
1091 1600 1174 1625 Serm.
1193 1606 1218 1627 2,
1238 1606 1260 1629 3,
1320 1601 1537 1628 vtconficere1112
1557 1598 1677 1630 confeci,
1689 1597 1780 1623 affero.

213 1643 273 1672 267.
342 1637 467 1665 Trahere
481 1637 597 1662 rationes
611 1637 677 1662 belli
689 1642 715 1662 et
729 1636 798 1670 pacis
811 1636 913 1662 Sallust.
930 1637 987 1670 lug.
1006 1643 1051 1669 97,
1064 1643 1088 1661 2..
1154 1635 1260 1659 Lucret.
1358 1643 1378 1663 R
1388 1644 1409 1663 Α
1420 1643 1441 1662 Τ
1451 1643 1459 1661 1
1471 1642 1490 1662 O
1502 1636 1551 1661 ΝᾸ
1561 1641 1574 1659 1v
1586 1641 1595 1659 Ι
1605 1642 1617 1661 S
1633 1654 1642 1667 ,
1673 1642 1696 1659 e.
1739 1632 1809 1664 Adia,
1845 1630 1965 1665 [λογικός
1979 1632 1991 1666 ]
2033 1630 2106 1666 Quod
2140 1632 2243 1657 ratione<
2269 1634 2356 1659 utitur.

214 1686 236 1709 ι,
250 1676 297 1702 106
321 1673 429 1700 Somnia
445 1680 512 1706 quae
526 1671 597 1698 vitae
609 1672 726 1698 rationes
741 1672 850 1698 Vertere
867 1670 967 1706 pollint.
1023 1670 1186 1696 Temeraria
1194 1668 1261 1693 Vsus
1321 1672 1452 1705 Qfimffil,
1466 1680 1493 1705 7,
1508 1680 1520 1703 3
1548 1671 1620 1697 Falsa
1634 1669 1670 1695 cst
1689 1668 1794 1699 finitio,
1814 1666 1832 1692 fi
1848 1667 1934 1700 dicas,
1954 1668 2041 1702 Equus
2056 1667 2091 1693 est
2105 1666 2203 1693 animal
2217 1666 2358 1699 rationale;

212 1711 318 1738 ratione
332 1710 402 1744 NUP-
417 1716 450 1740 13,
464 1716 487 1740 32
501 1716 528 1740 4-
683 1705 704 1745 ff
725 1717 744 1741 4
780 1707 879 1740 Ratio,
898 1707 1044 1742 Suppuratio
1058 1706 1099 1732 Uel
1107 1707 1211 1740 Proprie
1225 1706 1263 1729 ita
1322 1707 1394 1734 Nam
1406 1716 1489 1742 equus
1503 1706 1539 1733 est
1550 1705 1664 1736 animal,
1678 1704 1721 1730 sed
1735 1702 1899 1730 irrationale.
1955 1704 2048 1729 Homo
2065 1702 2101 1729 est
2119 1701 2218 1728 animal
2237 1702 2361 1730 rationale

213 1746 299 1778 dicia,
316 1754 377 1781 quae
391 1752 545 1770 numerorum
563 1746 759 1777 comparatione,
772 1743 917 1774 additione,
932 1739 1086 1768 detrafflone
1100 1748 1144 1767 etc.
1159 1738 1261 1775 perfici·
1273 1751 1308 1778 45
1321 1743 1378 1769 Seu,
1394 1743 1438 1777 Ep,
1453 1751 1489 1773 41,
1542 1742 1653 1768 Animus
1673 1740 1747 1766 Idem
1761 1739 1828 1766 ibid.
1847 1747 1890 1772 92.
1942 1739 1991 1765 Ars
2011 1738 2148 1765 rationalis
2165 1738 2232 1764 Cels.
2254 1746 2264 1764 1
2281 1737 2361 1772 praef.
2383 1766 2386 1775 y

212 1791 273 1812 tur;
292 1783 332 1808 vel
345 1780 525 1814 metaphorice,
539 1778 582 1805 vbi
602 1779 671 1804 dati-⁴·
689 1785 713 1804 et
725 1778 816 1813 postris
833 1778 979 1814 quibusdam
997 1774 1105 1810 efficitur
1117 1775 1213 1811 aliquid
1230 1775 1260 1801 ab
1319 1781 1339 1805 i.
1360 1781 1458 1805 ratione
1476 1781 1551 1808 nixa,
1569 1786 1617 1802 non
1639 1778 1799 1812 experientia.
1853 1774 1999 1808 Disciplina
2019 1774 2156 1800 rationalis
2176 1773 2244 1800 Cels.
2259 1781 2270 1799 1
2282 1773 2362 1808 praef.

211 1817 270 1852 ustis
285 1816 406 1852 diuersum
419 1821 465 1840 ΘΜ.
502 1813 560 1849 IPsa
578 1822 669 1849 quoquc·
683 1817 797 1844 ⁷18⁹0t1⁴112
811 1822 871 1849 qua?
889 1817 927 1839 ita
945 1812 1106 1842 ῐναῦἶαηῐυν,
1119 1821 1179 1847 qum·
1194 1810 1260 1836 datis
1320 1817 1340 1840 iv.
1356 1824 1437 1841 rerum
1452 1820 1556 1839 naturae
1569 1815 1688 1848 cognitio.
1722 1810 1800 1837 Nihil
1820 1809 1886 1836 hanc
1898 1810 2056 1837 rationalem
2075 1809 2239 1844 disciplinam
2253 1809 2362 1844 pcrtine-

212 1853 424 1881 arithmeticorum
437 1849 600 1884 respondent,
620 1855 644 1874 et
658 1837 780 1884 quidQuid
799 1850 902 1884 denique
917 1848 1100 1880 confideratur,
1115 1847 1260 1882 respicitur,
1321 1859 1350 1877 re
1365 1849 1396 1876 ad
1411 1849 1570 1875 medicinam
1584 1848 1722 1882 professhs,
1742 1846 1771 1872 in
1784 1845 1829 1872 vsu
1842 1851 1868 1872 et
1882 1846 2071 1879 experimentis
2079 1854 2135 1871 eam
2143 1845 2239 1880 posuit.
2279 1844 2362 1871 Medi·

211 1893 241 1916 2¹72
256 1887 353 1923 summa
364 1884 501 1920 facienda,
529 1886 556 1909 ¹¹²1
570 1884 687 1919 ῑαΡίιἯᾶθ
706 1883 821 1917 corfilm,
846 1885 916 1910 ratio
935 1884 1039 1910 dicitur.
1086 1883 1153 1909 ΡῙῙΠ-
1175 1892 1208 1915 12,
1230 1890 1261 1914 ¹4
1322 1884 1540 1912 cinarationalis:
1555 1884 1608 1910 uid.
1623 1888 1803 1909 MEDICINA.
1819 1881 1991 1916 Philosophia
2001 1881 2107 1915 Sen.Ep.
2117 1886 2157 1913 89.
2178 1880 2363 1916 CorfflQtin&

213 1923 346 1951 Schoenus
367 1925 436 1955 patet
449 1919 625 1946 Eratosthenis
643 1919 763 1952 ratione,
777 1919 858 1946 stadia
878 1927 926 1946 Χῖ..
979 1919 1110 1946 Columel.
1126 1927 1159 1951 11,
1173 1927 1186 1951 3
1217 1918 1260 1944 Ne
1274 1931 1306 1957 50
1323 1930 1359 1952 12,
1375 1930 1398 1953 2,
1413 1930 1448 1953 ¹9-
1485 1920 1637 1953 Quaedam,
1650 1923 1679 1945 vt
1698 1919 1760 1948 scis,
1773 1916 1920 1944 moralibus
1939 1917 2081 1944 rationalia
2093 1917 2214 1942 immixta
2230 1917 2288 1942 sunt
2308 1916 2364 1943 Sen-

213 1959 344 1986 maiorcm
357 1963 545 1990 agrum,quam
558 1955 628 1981 ratio
641 1955 803 1982 calculorum
816 1956 950 1990 patiatur,
967 1964 1056 1981 emere
1070 1954 1145 1981 velit.
1202 1955 1261 1980 Fre·
1321 1957 1400 1991 Epist.
1416 1965 1470 1983 102.
1540 1956 1624 1982 Causa
1641 1953 1777 1981 rationalis
1796 1953 1872 1979 Auci.
1884 1952 1917 1979 ad
1932 1954 2047 1979 Hercnn.
2067 1961 2093 1985 2,
2109 1958 2135 1981 18
2155 1962 2177 1979 c.
2191 1960 2219 1978 12
2244 1953 2276 1978 In
2293 1952 2363 1979 causa

211 1994 331 2022 viarium
348 1992 484 2019 rationum
502 1990 572 2016 Suet.
585 1990 668 2016 Galba
686 2000 707 2016 c.
720 1999 755 2016 12.
828 1993 881 2017 Hae
893 1992 956 2027 sunt
969 1991 1095 2017 Rationes
1108 1989 1261 2016 Breuiariac
1321 1992 1447 2019 rationali
1461 1992 1579 2026 primum
1592 1996 1745 2025 quaeretur,
1759 1989 1864 2023 ecquid,
1879 1995 1924 2015 etc.
1996 1989 2122 2022 Quaestio
2136 1987 2281 2019 rationalis,
2289 1988 2361 2020 Qae

213 2031 302 2058 Scaeu.
316 2028 333 2055 l.
346 2027 393 2054 vlt.
408 2028 441 2053 D.
457 2026 489 2052 de
501 2025 606 2060 peculio
621 2026 671 2059 leg.
744 2026 904 2052 Procurator
918 2035 932 2051 a
943 2027 1094 2052 rationibus
1108 2025 1214 2051 Gonsal.
1227 2025 1259 2050 ad
1321 2029 1349 2055 in
1362 2037 1406 2060 re,
1420 2037 1474 2054 non
1488 2028 1515 2053 in
1528 2027 1625 2062 scripto
1638 2027 1756 2053 versatur
1769 2024 1900 2058 Qiinftil.
1914 2032 1937 2056 3,
1953 2032 1976 2057 5,
1991 2033 2018 2057 4.
2035 2027 2065 2050 it.
2080 2033 2102 2056 3,
2116 2027 2142 2057 6,
2157 2032 2199 2057 54.
2310 2021 2330 2059 ff
2344 2031 2358 2049 ε

214 2068 319 2094 Petrou.
334 2073 354 2090 c·
368 2071 398 2095 30
417 2072 441 2097 P·
455 2070 510 2094 ¹09·
583 2062 717 2095 Impliffll
735 2062 824 2094 ratio,
843 2062 911 2097 apud
928 2061 1138 2096 Iurissonficlws,
1152 2059 1185 2093 est
1203 2069 1260 2094 quo·
1321 2063 1445 2096 Substant.
1482 2062 1652 2093 Rariouales,
1672 2067 1698 2088 et
1721 2062 1907 2088 Procuratores
1928 2060 2044 2087 Caesaris
2070 2059 2152 2086 iidem
2170 2064 2261 2091 erant,
2282 2064 2310 2085 vt
2329 2058 2360 2085 ait

212 2105 279 2130 tiens
296 2110 325 2127 ex
344 2101 430 2125 multis
447 2104 471 2123 ct
490 2099 573 2123 variis
591 2096 685 2130 causis,
698 2097 767 2122 ultro
780 2101 891 2131 citroque
904 2096 984 2131 soffia
998 2098 1061 2132 fiant
1079 2099 1193 2125 nomina,
1213 2104 1261 2130 qua
1278 2106 1306 2131 55
1322 2100 1492 2132 Lampridius
1508 2100 1534 2124 iu
1550 2097 1702 2125 Alexandro
1716 2107 1736 2123 c.
1751 2105 1792 2131 45.
1863 2096 1979 2130 Qtidam
1997 2095 2134 2123 rationalis
2153 2095 2203 2122 sibi
2222 2095 2291 2121 vltra
2308 2102 2364 2129 pro·

213 2143 367 2173 computata,
382 2135 423 2161 vel
434 2133 545 2168 saluium
562 2132 627 2166 quod
646 2132 727 2158 deberi
740 2138 859 2166 apparel,
876 2133 916 2157 vel
928 2131 1074 2164 constitutae
1088 2132 1197 2166 fimmme
1209 2130 1262 2156 chi-
1322 2134 1486 2160 curationem
1505 2134 1596 2159 omnia
1615 2133 1752 2158 vindicans
1767 2132 1883 2165 Capitol.
1904 2132 1932 2157 in
1947 2132 2028 2159 Gord.
2049 2141 2070 2158 c.
2084 2139 2110 2166 7.
2146 2133 2183 2158 De
2197 2131 2238 2158 his
2252 2131 2304 2157 Iac.
2319 2131 2364 2156 Go-

212 2172 362 2210 rographflm
376 2170 450 2196 dafflr
465 2169 539 2195 Iacob
553 2169 667 2194 (ῘΝΜῦῘΜ
678 2167 712 2193 [ld
722 2167 739 2193 l·
752 2167 845 2194 ΕΠΠΟΓ
857 2165 879 2203 ,6-
894 2167 997 2192 Lucius·
1012 2166 1044 2192 de
1058 2166 1150 2201 Ρδᾶῑς·
1192 2167 1261 2191 Hor·
1321 2169 1403 2203 thofr.
1421 2168 1454 2194 ad
1470 2169 1486 2194 l.
1499 2176 1511 2200 5
1529 2169 1558 2194 C.
1572 2167 1630 2193 Th.
1646 2167 1678 2192 de
1694 2166 1827 2192 Iurisdic't.
1848 2173 1873 2191 et
1894 2167 1941 2191 vbi
1956 2169 2015 2200 quis
2035 2177 2112 2193 conu.
2128 2166 2188 2193 deb.
2203 2169 2262 2192 item
2280 2175 2307 2191 ue
2320 2166 2364 2192 Pa-

215 2209 248 2236 de
262 2209 324 2235 Arte
340 2207 412 2232 Po'e't.
427 2212 472 2237 325
500 2204 615 2230 Romani
632 2203 709 2238 pueri
729 2202 815 2237 longis
835 2202 984 2229 rationibus
1003 2203 1080 2228 affem
1100 2201 1211 2227 Discunt
1232 2201 1261 2225 in
1321 2204 1394 2230 ratit.
1408 2205 1439 2229 L.
1452 2204 1483 2229 Χ.
1497 2203 1564 2229 Cod.
1577 2202 1635 2229 Th.
1651 2203 1759 2232 Certum,
1772 2204 1815 2235 qui
1822 2200 1938 2226 rationes
1945 2201 2064 2235 “fiscum
2073 2205 2202 2236 principis
2214 2208 2256 2226 tra
2284 2207 2366 2233 amit,

215 2251 302 2280 partes
323 2248 428 2268 centum
448 2238 582 2266 diducere.
654 2239 801 2269 Numana,
820 2237 874 2264 oid.
895 2243 1023 2264 NVMVS.
1096 2235 1262 2262 Sumtuariae
1321 2240 1360 2263 ita
1374 2235 1471 2268 diffos,
1484 2238 1575 2263 eosdem
1583 2237 1643 2272 fere
1658 2240 1700 2272 qui
1713 2237 1770 2262 olim
1785 2236 1971 2262 Procuratores
1986 2236 2147 2262 vocabantur.
2182 2236 2256 2271 Conf.
2265 2236 2366 2272 Cafimb.

213 2281 273 2308 Cic.
285 2280 337 2305 Att.
354 2286 388 2309 13,
402 2283 443 2310 45.
516 2274 658 2309 metaphor.
680 2273 811 2306 Qiintffil.
830 2282 850 2305 1,
865 2282 884 2304 1,
898 2281 910 2306 ς
936 2272 964 2298 de
980 2271 1138 2303 nutricibus,
1158 2272 1188 2296 Et
1203 2279 1260 2296 mo·
1269 2275 1305 2300 60
1321 2273 1355 2299 ad
1367 2271 1501 2305 Lamprid.
1514 2272 1530 2297 l.
1545 2281 1565 2297 c.
1582 2273 1700 2297 Torrent.
1712 2271 1745 2296 ad
1764 2272 1833 2297 Suet.
1848 2270 1949 2298 Domit.
1968 2279 1990 2298 c.
2004 2279 2037 2297 11.
2183 2268 2205 2306 fl
2226 2279 2237 2302 3
2275 2272 2365 2298 Ratio-

214 2325 277 2345 1um
293 2313 401 2348 quidem
414 2313 442 2339 in
462 2310 503 2337 his
517 2310 585 2336 haud
600 2309 681 2336 dubie
694 2309 769 2343 prior
781 2309 851 2335 ratio
865 2308 915 2335 est:
935 2308 1007 2334 rec'te
1021 2313 1109 2334 tamen
1126 2307 1205 2333 etiam
1222 2306 1262 2331 lo-
1321 2307 1392 2334 nalia
1403 2327 1411 2339 ‚
1430 2310 1448 2332 ι’.
1467 2310 1593 2333 rationum
1608 2305 1669 2332 libri
1685 2305 1744 2338 le.
1759 2305 1818 2339 Dig.
1833 2313 1866 2339 27
1879 2311 1898 2331 t.
1911 2314 1924 2337 3
1940 2306 1958 2332 1,
1971 2314 1990 2334 ι,

215 2357 342 2387 quuntur.
416 2347 540 2380 Accipere
558 2346 673 2372 rationes
686 2354 700 2371 a
714 2345 811 2371 colono
830 2344 887 2371 Cic.
901 2353 949 2378 pro
963 2344 1070 2370 Caecin.
1084 2352 1125 2375 94.
1199 2341 1261 2375 Agi-
1357 2348 1435 2369 RAT
1447 2350 1457 2368 1
1467 2349 1486 2368 Ο
1496 2348 1517 2366 Ν
1527 2340 1624 2367 A1.‘1''1*
1635 2347 1651 2366 Ε
1665 2346 1695 2366 R.
1724 2339 1792 2366 Adu-
1815 2340 1874 2365 Cum
1889 2343 1995 2366 ratione.
2029 2341 2086 2367 Scn.
2101 2340 2179 2375 Epist.
2194 2348 2241 2373 109
2266 2342 2365 2368 Homi-

215 2387 301 2415 tandis
314 2383 463 2412 rationibus
476 2381 700 2415 exquirendisque
713 2380 834 2408 alebatur
847 2389 919 2406 mens
935 2379 1099 2406 Archimedis
1113 2377 1262 2404 Cic·T1¹sc·
1322 2387 1384 2405 nem
1399 2386 1509 2404 mouere
1521 2376 1697 2403 rationaliter.
1734 2374 1853 2401 Tertull.
1868 2373 1900 2400 de
1913 2374 2010 2400 Anima
2022 2384 2044 2400 c.
2057 2379 2083 2401 16
2103 2375 2285 2409 Indignabitur
2292 2378 2364 2403 Deua

215 2431 230 2458 5
243 2432 263 2449 c.
277 2430 316 2454 23.
387 2420 501 2453 Apparet
515 2418 601 2449 ratio,
625 2420 655 2443 it.
674 2418 817 2450 Comparet
835 2417 905 2443 ratio
923 2415 1043 2450 argenti,
1061 2414 1115 2440 vid.
1134 2419 1261 2440 COMPA-
1321 2414 1499 2441 rationaliter.
1535 2411 1605 2439 Add.
1622 2411 1660 2437 Id.
1673 2410 1734 2437 adu.
1750 2411 1831 2437 Marc.
1849 2418 1869 2441 1,
1883 2417 1911 2441 23
1929 2416 1952 2435 et
1964 2418 1990 2442 2,
2002 2418 2027 2442 9.
2048 2413 2078 2435 it.
2092 2410 2152 2436 adu.
2160 2411 2233 2437 Prax.
2245 2420 2266 2437 c.
2277 2420 2298 2444 3.

216 2464 293 2486 REO.
364 2456 532 2488 componere
551 2453 666 2479 rationes
685 2452 828 2478 familiares
837 2472 844 2483 ,
861 2452 927 2487 quod
938 2452 1012 2488 vulgo
1026 2450 1098 2477 hodie
1111 2449 1197 2475 dacum
1213 2448 1263 2474 dis·
1276 2453 1309 2486 65
1359 2458 1377 2476 R
1387 2457 1408 2476 Λ
1417 2456 1438 2476 Τ
1447 2456 1455 2475 1
1465 2456 1483 2475 Ο
1494 2455 1515 2474 Ν
1528 2454 1548 2474 Α
1562 2454 1578 2473 1.
1589 2446 1632 2474 ῩΤ
1642 2453 1686 2474 AS
1695 2467 1703 2479 ‚
1723 2446 1781 2472 atis.
1803 2445 1822 2471 f.
1856 2445 1975 2471 Tertull.
1989 2445 2020 2470 de
2028 2446 2125 2472 Anima
2137 2454 2157 2471 c.
2166 2450 2194 2477 38
2214 2446 2309 2473 Anima
2319 2446 2365 2474 ha-

216 2502 317 2530 ponere
335 2491 490 2526 pecuniam,
510 2489 628 2515 collocare
646 2494 720 2523 prout
736 2487 788 2521 fibi
809 2490 910 2523 quirque
923 2494 999 2522 futat
1017 2488 1147 2513 conuenire
1170 2485 1262 2511 Tacit.
1323 2486 1369 2513 bet
1385 2483 1628 2514 immortalitatem,
1642 2481 1866 2513 rationalitatem,
1880 2487 1925 2506 etc.

216 2532 283 2557 Ann.
298 2530 325 2561 6,
342 2530 379 2554 16.
453 2526 615 2558 Computare
631 2530 763 2549 rationem
776 2523 908 2550 Columel.
923 2531 946 2555 ς,
960 2532 977 2548 1.
1051 2522 1192 2552 Conferre,
1209 2520 1262 2547 vid.
1360 2528 1409 2548 ΒΑ
1420 2528 1441 2548 Τ
1451 2528 1459 2546 1
1471 2528 1489 2547 o
1500 2526 1549 2546 NA
1559 2517 1679 2551 Bfms,
1697 2528 1720 2544 e.
1746 2517 1806 2544 Adi.
1844 2516 1941 2556 Anima
1953 2515 2119 2556 rationabilis
2133 2515 2211 2549 Apul.
2225 2515 2258 2541 de
2273 2514 2366 2542 Βοῶν.

217 2570 381 2593 CONFERO.
452 2561 591 2588 Conflcere
610 2560 742 2586 rationem
759 2559 791 2585 ad
805 2560 951 2587 Denarium
966 2557 1056 2585 Volus.
1072 2558 1155 2584 Maec.
1177 2566 1201 2590 p.
1217 2562 1263 2588 398
1322 2557 1385 2584 Plat.
1399 2565 1415 2583 ι
1428 2566 1452 2591 p.
1469 2564 1508 2590 17,
1524 2564 1560 2588 ¹9·
1604 2555 1703 2589 Logica
1715 2553 1767 2580 siue
1781 2551 1950 2579 rationabllia
1964 2551 2009 2577 illa
2023 2551 2096 2584 sunt,
2110 2559 2225 2586 quorum
2239 2551 2367 2591 consensu

218 2603 294 2628 Grou.
307 2600 354 2626 bis.
373 2602 404 2625 it.
423 2606 448 2632 p.
462 2605 517 2630 400
544 2596 607 2622 Siue
626 2594 775 2621 denariaria
794 2596 811 2620 s.
826 2595 982 2621 sestertiaria
995 2594 1065 2620 ratio
1079 2592 1263 2623 conficeretur,
1323 2594 1454 2628 poii'umus
1476 2591 1604 2626 praestare
1622 2591 1753 2617 rationem
1773 2589 1810 2615 M.
1826 2588 1933 2621 Capella
1947 2596 1961 2618 ε)
1975 2596 1999 2621 p.
2013 2595 2063 2618 32¹-
2134 2587 2248 2622 Compar.
2268 2587 2367 2626 .R³‘¹.⁰‘

218 2640 237 2663 i.
255 2644 284 2663 υι
297 2636 404 2671 summae
413 2634 437 2669 J}
451 2642 508 2659 acra
522 2631 664 2658 indicentur
676 2634 704 2657 in
723 2631 851 2662 denariis,
862 2630 996 2666 sistemus.
1068 2629 1125 2655 Cic.
1145 2629 1221 2654 Verr.
1241 2635 1263 2659 5,
1271 2639 1306 2666 70
1322 2629 1439 2656 nabilius
1452 2628 1500 2653 esse
1513 2627 1618 2653 videtur
1631 2627 1738 2665 Dig345
1756 2630 1800 2664 ⁸¹..3
1820 2623 1836 2650 l.
1849 2630 1889 2657 37.
1915 2622 1975 2649 add.
1989 2632 2027 2655 44
2040 2628 2058 2648 t.
2067 2629 2090 2663 ,7
2104 2622 2122 2649 l.
2135 2631 2177 2656 34.
2213 2622 2317 2663 ν1ρ1311.
2334 2630 2365 2661 111

220 2674 268 2705 146
294 2669 368 2697 Cedo
378 2670 508 2696 rationem
523 2667 649 2699 carceris,
670 2675 736 2700 quae
750 2666 943 2700 diligentillime
952 2664 1176 2699 Conficit111·‚qiio
1191 2663 1262 2697 quis·
1325 2665 1342 2691 l.
1358 2673 1373 2691 2
1385 2662 1408 2725 p}
1429 2663 1460 2689 Ei
1473 2671 1590 2697 quoque.
1608 2662 1640 2687 D.
1652 2661 1684 2687 de
1696 2660 1811 2686 iudiciis.
1836 2660 1867 2685 Et
1882 2658 1950 2699 *haec
1964 2659 2090 2699 sententia
2102 2667 2164 2699 yera
2183 2663 2209 2684 et
2220 2657 2366 2684 rationabi-

219 2716 270 2742 que
283 2707 326 2732 die
339 2706 412 2732 datus
428 2705 455 2730 in
470 2703 630 2735 custodiam,
649 2711 704 2736 quo
723 2708 845 2728 mortuus
855 2723 863 2734 ‚
883 2711 937 2736 quo
955 2708 1062 2727 necatus
1074 2700 1112 2726 lit.
1138 2698 1207 2726 Adel.
1223 2698 1262 2724 ld.
1324 2700 1357 2726 lis
1370 2708 1384 2725 e
1409 2719 1415 2725 .
1470 2700 1527 2724 Sen.
1542 2697 1573 2723 de
1587 2698 1641 2722 Vit.
1655 2697 1726 2722 Beat.
1741 2705 1763 2721 c.
1779 2704 1803 2726 14
1829 2694 2032 2735 Rationabilesm¹
2045 2695 2149 2721 sortiris
2161 2700 2292 2720 naturam.

219 2745 290 2770 Fam.
312 2751 333 2774 2,
352 2748 388 2775 17.
459 2738 617 2773 Confingere
648 2739 781 2771 rationes,
835 2738 943 2765 Constat
974 2737 1062 2767 ratio,
1081 2735 1134 2761 vid.
1155 2734 1197 2760 hh.
1217 2743 1261 2760 υυ.
1360 2740 1460 2762 RATI
1471 2739 1548 2760 οΝΑ
1560 2733 1735 2760 BILi'TER.
1756 2730 1824 2757 Adu.
1859 2732 1972 2757 Hieron.
1987 2730 2064 2764 hptst.
2080 2738 2110 2762 25
2123 2729 2278 2769 adPaullain
2291 2730 2368 2764 super

220 2778 326 2806 Constat
341 2776 400 2803 auri
414 2775 482 2802 ratio
495 2774 550 2801 Cic.
564 2783 613 2809 pro
627 2774 710 2801 Flacc.
723 2776 757 2806 69
771 2783 792 2799 c.
805 2779 842 2803 28.
912 2771 1085 2800 Conturbasti
1096 2769 1166 2796 mihi
1182 2770 1262 2796 ratio·
1323 2770 1391 2797 obit.
1406 2770 1487 2797 Blaes.
1500 2778 1522 2794 c.
1538 2778 1549 2798 ς
1568 2767 1777 2795 Rationabiliter
1789 2774 1886 2793 errare.
1912 2802 1920 2807 ἱ
1958 2767 2094 2799 Quantum
2108 2764 2307 2793 rationabiliter
2321 2773 2366 2800 po-

220 2824 265 2842 nes
279 2822 369 2840 omues
389 2812 456 2838 Ter.
474 2812 539 2836 Eun.
553 2819 574 2842 5,
588 2818 611 2841 2,
625 2818 667 2842 29.
739 2809 875 2836 Conuenit
892 2809 961 2835 inter
975 2817 1019 2833 eos
1035 2807 1105 2833 ratio
1120 2805 1217 2839 accepti
1237 2810 1262 2831 et
1275 2817 1308 2846 75
1325 2807 1411 2834 tuisset
1426 2805 1502 2840 Apul.
1517 2804 1549 2830 ad
1563 2803 1663 2838 Asclep.
1677 2813 1701 2838 p.
1715 2809 1751 2835 ες.
1776 2802 1842 2829 Acid.
1857 2801 2000 2828 Cathodor.
2014 2803 2088 2828 Varr.
2102 2802 2147 2835 Ep.
2161 2808 2185 2833 ς,
2199 2809 2234 2832 31.

220 2849 338 2885 expensi,
360 2847 412 2874 vid.
434 2854 450 2874 (t
460 2853 479 2872 ο
490 2852 512 2872 Ν
526 2853 545 2872 ν
556 2852 572 2871 1».-
582 2853 602 2871 Ν
612 2853 619 2871 1
629 2852 658 2870 0.
729 2845 798 2871 Dare
814 2844 917 2878 aliquid
935 2844 1085 2870 rationibus
1104 2840 1264 2872 domesticis,
1360 2849 1379 2868 R
1389 2849 1409 2869 Α
1419 2849 1440 2868 Τ
1451 2849 1458 2866 1
1470 2849 1488 2866 (ι
1499 2848 1520 2867 N
1533 2846 1554 2866 Α
1565 2847 1580 2867 Β
1591 2847 1599 2866 1
1611 2846 1645 2865 1.1
1656 2846 1676 2866 T
1686 2847 1706 2865 A
1716 2847 1746 2871 s,
1765 2839 1824 2864 atis.
1855 2837 1876 2863 f.
1913 2838 1992 2872 Apul.
2011 2836 2043 2863 de
2064 2837 2154 2877 Doctr.
2167 2836 2231 2864 Plat.
2244 2845 2254 2863 1
2275 2845 2300 2871 p.
2313 2844 2340 2869 9,
2352 2843 2367 2866 ς

217 2890 237 2914 i.
256 2889 292 2912 ret
306 2884 452 2921 familiaris
471 2882 545 2917 causti
562 2880 661 2916 aliquid
671 2879 760 2915 facere
778 2880 906 2913 QinEtil.
927 2888 946 2912 2,
968 2888 1001 2911 12,
1018 2887 1044 2913 7.
1124 2878 1265 2911 Deponere
1323 2877 1588 2908 Rationabilitatcm,
1610 2875 1706 2902 mentis
1725 2874 1855 2909 optimam
1878 2874 2031 2908 portionem
2053 2873 2146 2908 capitis
2164 2881 2251 2900 arcem
2267 2878 2366 2899 tenere.

218 2922 335 2951 rationes
350 2920 405 2946 Cic.
420 2919 492 2945 Fam.
513 2926 536 2949 2,
558 2925 593 2950 17.
666 2916 846 2950 Dispungme,
865 2916 916 2941 vid.
931 2915 956 2950 s
977 2916 995 2941 I.
1065 2913 1147 2940 Plaut.
1167 2911 1263 2946 Amph.
1320 2916 1362 2943 Sic
1375 2914 1482 2941 Elmmh.
1505 2914 1547 2938 ΑΙ.
1562 2910 1768 2938 Rationabileni.
1874 2945 1881 2950 ·
2215 2943 2221 2948 ¹

219 2967 233 2985 2
258 2966 283 2988 2,
298 2962 325 2989 38
344 2957 379 2982 Vt
393 2954 526 2981 rationem
540 2960 565 2979 tc
579 2951 686 2978 Dffiare
700 2952 832 2986 intelligo.
853 2953 884 2978 al.
897 2950 1019 2977 Duftare.
1056 2950 1085 2976 de
1103 2948 1264 2983 computando
1360 2958 1378 2977 R
1388 2956 1410 2976 A
1421 2956 1442 2976 'r
1455 2957 1463 2975 1
1475 2955 1495 2975 o
1507 2956 1527 2974 N
1538 2955 1605 2975 Aizi
1615 2955 1672 2978 vs,
1690 2957 1721 2978 a,
1743 2955 1796 2972 um.
1830 2944 1890 2972 Adi.
1927 2944 2084 2978 [λογιςικδς]
2107 2979 2111 2983 Δ
2124 2944 2193 2971 Suet.
2213 2951 2242 2969 in
2259 2942 2368 2977 August.

219 2978 324 3029 ttfmpore
336 2997 425 3027 partus
433 2990 515 3026 st'ww
530 2986 570 3022 (isl-
645 2987 700 3013 (310-
715 2988 787 3014 Fam·
803 2993 826 3020 8,
842 2996 855 3020 ς
879 2987 960 3012 TUUS
979 2994 1061 3020 porro
1075 2986 1205 3011 exercitlls
1218 2985 1262 3010 vix
1276 2996 1309 3023 80
1323 2996 1345 3013 c.
1361 2992 1391 3015 28
1413 2986 1509 3012 Rursus
1523 2984 1611 3010 taedio
1624 2983 1765 3010 diuturnae
1779 2981 1938 3008 valetudinis
1948 3000 1955 3012 ,
1970 2979 2163 3015 magistratibus
2176 2988 2205 3006 ac
2217 2979 2311 3005 Senatu
2318 2978 2365 3004 do-

220 3038 300 3056 vnum
316 3027 409 3054 saltum
428 3025 497 3052 tueri
515 3023 608 3059 potest.
645 3024 719 3049 Hanc
732 3029 820 3049 autem
839 3031 918 3049 nemo
933 3022 1012 3048 Ducit
1026 3021 1157 3047 rationem
1168 3040 1175 3053 ‚
1197 3029 1264 3046 nemo
1325 3031 1398 3049 mum
1415 3021 1521 3052 accitis,
1541 3020 1717 3046 rationarium
1736 3018 1844 3052 imperii
1861 3017 1987 3049 tradidit,
2005 3020 2023 3042 i.
2045 3016 2150 3048 librum,
2163 3014 2285 3047 codicem,
2299 3015 2367 3056 volu-

215 3064 364 3100 pwpmdzt,
381 3061 442 3097 quid
453 3068 511 3096 opus
523 3059 560 3094 fi!
568 3079 576 3091 ‚
588 3060 648 3094 aluid
657 3058 715 3094 ῘῖιὙὶ
725 3059 807 3094 poffi't-
865 3059 920 3085 Cic-
931 3059 1001 3084 Fam.
1014 3065 1041 3091 7,
1057 3065 1085 3091 17
1106 3057 1132 3083 Si
1147 3065 1266 3082 commo-
1324 3068 1376 3085 men
1387 3077 1395 3090 ,
1414 3061 1441 3083 in
1461 3066 1506 3092 quo
1524 3056 1658 3088 rationes,
1685 3059 1704 3081 i.
1722 3057 1805 3086 vires,
1820 3055 1986 3093 opes-,copiare
2004 3054 2103 3087 imperii
2115 3050 2286 3092 perscriptae:
2311 3048 2366 3076 vid.

221 3100 249 3126 di
264 3099 317 3125 mei
330 3098 461 3125 rationem
474 3097 612 3122 Ducerem.
684 3095 751 3121 Effe:
777 3096 844 3121 Cum
865 3095 924 3121 satis
939 3094 1063 3125 haberet,
1079 3093 1266 3119 conuenientes
1325 3099 1555 3121 BREV1ARIVM.
1732 3087 1753 3126 Ἴ
1781 3096 1797 3115 2
1839 3089 2024 3128 Rationarius7
2047 3090 2090 3122 qui
2106 3090 2282 3113 rationarium*
2293 3083 2368 3120 confi-

222 3144 312 3162 manus
325 3133 458 3167 diffiparc,
472 3140 504 3157 ne
521 3130 592 3165 quod
607 3129 715 3156 initium
730 3130 793 3156 belli
806 3131 967 3160 nasceretur,
982 3136 1162 3164 quantumque
1177 3129 1203 3154 in
1226 3137 1267 3155 ra·
1326 3132 1379 3162 cit,
1399 3129 1440 3155 vel
1456 3131 1499 3164 qui
1516 3126 1656 3154 rationibus
1669 3124 1775 3161 praedi.
1812 3123 1953 3151 Modestin.
1982 3124 2041 3157 Dig.
2060 3122 2078 3162 l.
2098 3128 2169 3162 27-t.
2184 3130 2194 3148 1
2212 3121 2230 3147 l.
2257 3128 2282 3161 15
2299 3119 2323 3157 §.
2342 3127 2366 3153 ς.
2382 3145 2391 3148 -

221 3172 294 3197 tione
312 3170 394 3200 Ess'et,
416 3168 583 3201 exploratum
599 3166 706 3192 haberet
720 3166 942 3193 Hirt.Bell.Gall.
957 3170 980 3198 8,
997 3169 1021 3192 6.
1046 3168 1065 3191 i.
1083 3168 1111 3191 in
1133 3170 1266 3191 numerato.
1282 3170 1310 3199 85
1325 3165 1443 3192 Marcell.
1459 3169 1492 3193 18,
1508 3172 1520 3195 5
1541 3163 1657 3196 Qiidam
1671 3170 1702 3188 ex
1717 3166 1861 3187 mercatore
1874 3160 2003 3194 opulento
2017 3165 2176 3184 rationarius
2187 3162 2329 3192 apparitor.

223 3207 350 3232 Excutere
382 3204 447 3230 Plin.
460 3203 540 3236 Epist.
567 3211 610 3232 ιο,
635 3205 675 3232 36.
746 3202 858 3237 Exigere
886 3201 959 3228 Idem
974 3201 1041 3228 ibid.
1061 3209 1100 3233 10,
1112 3207 1150 3233 ες.
1216 3201 1264 3226 Ex·
1361 3207 1380 3226 R
1392 3208 1413 3227 A
1425 3205 1446 3226 T
1461 3206 1496 3226 10
1510 3205 1528 3223 N
1539 3199 1560 3225 Ᾰ
1571 3204 1619 3224 To
1629 3204 1646 3223 R
1657 3218 1665 3230 ‚
1690 3197 1754 3223 oris.
1785 3205 1820 3222 m.
1857 3197 1909 3230 (Διί
1928 3194 2042 3230 covficit,
2061 3191 2157 3234 frat‘l'at
2175 3199 2240 3233 c-me
2256 3193 2368 3234 rationes·

223 3241 312 3275 pedire
322 3261 329 3273 ,
354 3250 378 3268 o.
392 3249 417 3266 υ.
481 3239 651 3272 Expungeoe,
676 3247 700 3263 υ.
713 3247 739 3264 v.
829 3238 972 3272 Metaphor.
1006 3236 1102 3263 Habeo
1133 3235 1264 3262 rationem
1320 3238 1489 3272 pecuniarias.
1525 3234 1652 3268 leianus
1667 3234 1693 3259 in
1710 3233 1726 3259 l.
1743 3231 1930 3258 Procuratoris.
1944 3231 1975 3257 D.
1989 3230 2020 3270 de
2033 3230 2126 3256 tribur.
2140 3229 2238 3268 aetion.
2256 3226 2303 3252 bed
2317 3227 2364 3252 etii

223 3277 287 3310 quid
317 3285 331 3302 a
364 3275 464 3309 Populo
496 3275 617 3301 Romano
648 3273 795 3307 acceperim
827 3274 884 3301 Cic.
899 3275 974 3300 Verr.
996 3281 1019 3305 5,
1039 3274 1078 3303 36.
1159 3271 1265 3298 Habere
1327 3272 1390 3298 duas
1412 3271 1533 3298 tabernas
1557 3269 1677 3296 ciusdem
1696 3267 1886 3302 negotiationis
1901 3271 2044 3306 exercuit,
2069 3272 2094 3292 et
2113 3273 2164 3304 ego
2181 3261 2366 3302 furtabernae

224 3313 354 3338 rationem
376 3310 460 3338 officii
483 3310 511 3336 in
531 3310 616 3335 socios
647 3308 720 3335 Idem
740 3309 808 3335 ibid.
831 3319 853 3339 2,
875 3317 926 3341 ¹34·
951 3311 970 3336 ι’.
997 3308 1117 3344 respicere
1137 3307 1215 3339 illud,
1243 3314 1266 3333 n
1314 3307 1421 3339 '(verbi
1436 3308 1540 3340 gratia)
1555 3314 1632 3339 quain
1648 3304 1678 3331 ad
1687 3305 1814 3330 Bucinum
1828 3302 1935 3334 habuit,
1948 3306 2108 3328 rationator:
2130 3300 2196 3327 alius
2209 3305 2365 3331 eu¹S‚quam

224 3356 318 3372 curare.
390 3345 517 3372 Habenda
531 3344 697 3372 au&oritatis
709 3350 779 3371 ratio
793 3344 925 3377 Quinem.
939 3347 964 3376 6,
978 3353 997 3370 1.
1059 3344 1108 3369 Rei
1123 3343 1265 3368 familiaris
1272 3352 1309 3376 90
1328 3349 1399 3370 trans
1411 3342 1552 3370 Tiberim:
1576 3340 1756 3374 aequillimum
1772 3345 1844 3373 put0‚
1858 3345 1903 3364 etc.
1958 3373 1971 3379 Ν
2186 3368 2192 3378 1
2274 3367 2296 3377 Ι·

225 3382 280 3408 Cic.
294 3380 369 3407 Offic.
382 3389 407 3413 2,
421 3384 456 3414 64
473 3391 494 3407 c.
509 3387 544 3411 ¹8-
598 3380 673 3407 Idem
688 3381 766 3406 Verr.
788 3388 815 3413 ς,
830 3388 857 3412 38
876 3390 897 3407 c.
914 3389 938 3408 ις
964 3381 1060 3414 Neque
1073 3378 1138 3405 illud
1154 3378 1265 3405 rationis
1363 3386 1411 3406 RA
1421 3385 1442 3404 T
1454 3385 1490 3404 10
1502 3383 1518 3403 C
1533 3377 1600 3404 i'No
1611 3382 1643 3409 R,
1658 3376 1707 3402 ari.
1727 3376 1791 3409 Dep.
1827 3372 1970 3408 [λογοθετω
1991 3372 2033 3398 Gl.
2049 3373 2092 3398 Gr.
2107 3371 2162 3397 Lat.
2174 3371 2363 3409 ανοξλογιςσμιι,

224 3416 354 3447 habuisti,
378 3416 394 3441 li
414 3417 482 3442 sorte
501 3416 700 3451 expergefacere
719 3422 745 3442 te
766 3418 864 3450 polles,
891 3425 948 3442 eam
969 3415 1137 3450 prouinciam
1160 3429 1205 3433 -—
1231 3413 1264 3440 ad
1325 3413 1522 3448 συλλογίζομαι]
1558 3414 1677 3438 Rationes
1690 3408 2035 3448 colligere,comput‹1requod
2051 3407 2150 3433 dicitur.
2187 3405 2258 3431 Hinc
2270 3413 2363 3438 quem-

223 3453 351 3478 summam
370 3451 506 3476 stultitiam
525 3452 726 3486 nequitiamque
744 3451 857 3483 venin‘e,
875 3454 893 3477 i.
913 3461 961 3476 non
971 3448 1133 3486 pcrpcndzfli.
1206 3450 1263 3476 Cic.
1325 3449 1467 3477 admodum
1490 3447 1645 3475 ratiocinari
1664 3446 1807 3476 didiciffl,
1827 3443 1922 3471 deinde
1934 3444 2095 3483 dispensator
2108 3440 2192 3481 sacius
2207 3440 2243 3480 est
2258 3440 2363 3480 Petron.

224 3489 296 3514 Fam.
313 3496 350 3518 io,
367 3495 378 3512 2
400 3488 464 3512 Peto
479 3494 493 3511 a
505 3492 545 3516 tc,
558 3494 586 3514 vt
602 3497 644 3513 me
657 3487 790 3513 rationem
805 3487 901 3513 habere
915 3486 981 3512 velis
996 3492 1021 3512 et
1035 3486 1124 3512 salutis
1136 3490 1163 3511 et
1176 3483 1262 3519 ‹ligni-
1326 3495 1347 3512 c.
1363 3495 1404 3518 29.
1459 3485 1515 3511 Cic.
1529 3484 1612 3511 Tusc.
1632 3492 1652 3516 1,
1665 3491 1684 3515 4
1703 3492 1725 3508 c.
1743 3490 1758 3507 2
1777 3487 1840 3507 extr.
1873 3481 1906 3506 At
1924 3489 1972 3506 nos
1990 3476 2115 3506 menendi
2134 3474 2364 3517 ratiocinandique

222 3524 282 3550 tatis
295 3530 375 3548 meae·
446 3521 504 3547 Liu-
520 3531 547 3553 4,
560 3529 576 3555 7
614 3523 747 3557 Principes
765 3522 848 3557 plebis
862 3531 892 3549 ea
911 3522 1021 3548 comitia
1041 3520 1190 3552 malebant,
1204 3521 1262 3554 qui·
1277 3531 1310 3557 95
1326 3522 1459 3552 vtilitate,
1479 3520 1556 3546 huius
1571 3519 1636 3546 artis
1650 3517 1851 3544 terminauimus
1865 3515 1998 3556 modum..
2035 3548 2040 3553 ι
2107 3509 2129 3549 fl
2147 3520 2164 3538 2
2199 3512 2363 3547 Argumenta

222 3559 271 3585 bus
282 3567 336 3584 non
350 3556 490 3583 haberetur
508 3557 578 3582 ratio
597 3559 647 3587 sui,
668 3567 747 3593 quam
760 3558 855 3591 quibus
872 3564 901 3584 vt
920 3557 1023 3592 indigni
1044 3557 1261 3592 praeterirentur.
1324 3558 1450 3593 colligere,
1464 3562 1508 3588 vt,
1529 3555 1612 3582 Cuius
1631 3554 1673 3580 illi
1691 3558 1815 3584 conatuS,
1834 3559 1863 3578 vt
1882 3552 1929 3578 ille
1949 3547 2170 3579 ratiocinabatur,
2183 3555 2230 3573 nec
2247 3546 2266 3573 fi
2286 3554 2363 3588 cupe-

223 3595 296 3620 Caes.
310 3593 374 3620 Bell.
389 3593 448 3618 Ciu.
467 3600 489 3624 3,
502 3599 528 3622 53
552 3593 618 3617 Cum
639 3594 736 3621 horum
750 3594 871 3620 omnium
891 3594 1055 3627 praeliorum
1069 3593 1138 3619 ratio
1153 3592 1261 3619 habere·
1324 3599 1398 3623 rent,
1412 3592 1558 3626 reprimere
1577 3590 1674 3625 possent
1692 3589 1747 3615 Cic.
1762 3597 1809 3622 pro
1823 3587 1920 3614 Milon.
1936 3595 1968 3619 32,
1978 3594 1999 3611 c.
2015 3592 2046 3610 12.
2069 3618 2074 3623 .
2114 3581 2361 3624 Vtramque-fignifi-

223 3636 283 3661 tur,
299 3629 330 3655 ad
344 3628 457 3654 duorum
476 3627 590 3652 millium
610 3637 719 3656 numero
736 3638 768 3657 ex
788 3630 953 3664 Pompeianis
974 3629 1092 3655 cecidiss‘e
1115 3627 1262 3662 reperieba-
1323 3631 1443 3655 canonem
1462 3627 1564 3663 respicit
1588 3626 1642 3653 Cic.
1657 3624 1689 3650 de
1700 3625 1802 3650 Inuent.
1818 3632 1841 3654 2,
1857 3632 1898 3656 ¹25
1925 3623 1964 3649 De
1983 3627 2092 3654 pecunia
2104 3624 2261 3646 ratiocinari
2279 3616 2362 3643 sordi·

223 3673 291 3690 mus.
332 3663 388 3690 Viri.
403 3666 500 3689 omnino
521 3669 626 3688 Hnssizo
641 3673 665 3689 u.
680 3673 716 3690 ω.
786 3665 914 3692 inducere
927 3665 1064 3699 pecuniam
1080 3665 1108 3690 in
1121 3664 1262 3694 rationem,
1324 3664 1391 3691 duur
1400 3663 1451 3695 cst,
1470 3666 1553 3697 quum
1567 3661 1599 3688 de
1612 3661 1695 3695 gratia
1707 3658 1844 3685 referenda
1858 3658 2025 3698 deliberetur.
2076 3689 2080 3694 ι
2352 3685 2358 3691 .

221 3698 275 3726 vid.
297 3706 336 3724 IN
348 3706 365 3725 1)
376 3706 393 3724 V
405 3705 422 3725 e
434 3707 463 3724 O.
535 3698 635 3723 [nferre
656 3700 821 3734 rationibus,
841 3700 874 3734 cst
898 3704 925 3726 in
945 3703 1086 3726 rat1'onario
1100 3699 1261 3735 perscribere,
1269 3710 1317 3729 100
1359 3706 1377 3726 R
1388 3706 1408 3724 A
1420 3705 1457 3724 Τ]
1470 3704 1489 3724 0
1500 3700 1690 3727 CINJITVS,
1713 3703 1742 3725 a,
1761 3704 1814 3721 um.
1841 3695 1933 3721 Partic.
1951 3691 2013 3732 Pali*-
2048 3691 2154 3716 Vnt-uu.
2175 3697 2214 3720 ¹02
2227 3694 2253 3721 13
2277 3687 2360 3713 omffl

221 3734 297 3770 quid,
311 3733 410 3766 Cludit
428 3739 551 3768 erogatum
566 3733 634 3758 Suet.
651 3733 677 3759 in
690 3736 761 3761 Caes.
780 3745 825 3771 47.
861 3737 966 3763 Colum.
986 3745 1006 3768 1,
1026 3744 1051 3770 7,
1065 3745 1086 3767 7.
1159 3735 1261 3762 Inferre
1323 3733 1496 3770 proportione
1510 3742 1602 3759 eorum
1616 3730 1770 3758 ratiocinata
1783 3740 1813 3756 ex
1826 3727 2000 3764 longitudine.
2323 3756 2328 3765 1

221 3770 339 3798 rationes
354 3769 427 3794 falsas
445 3769 500 3795 Cic.
514 3776 562 3802 pro
576 3767 658 3794 Flacc.
674 3778 713 3795 20.
785 3772 857 3798 Inire
876 3773 1023 3803 rationem,
1039 3780 1118 3806 quam
1137 3771 1167 3796 sit
1181 3771 1260 3796 suaue
1362 3776 1380 3796 R
1391 3777 1412 3796 Λ
1424 3776 1445 3796 T
1458 3776 1521 3796 roc
1531 3777 1539 3794 1
1551 3775 1571 3794 N
1584 3769 1637 3794 ᾹΤ
1647 3773 1666 3793 o
1678 3773 1694 3792 R
1707 3786 1714 3796 ‚
1734 3767 1795 3792 oris.
1814 3775 1849 3792 m.
1885 3761 2034 3796 [λογοθέτης
2048 3759 2090 3786 Gl.
2104 3760 2150 3786 Gr.
2166 3759 2222 3785 Lat.
2244 3756 2359 3791 λογιςης]

223 3812 268 3831 2⁴10·
283 3805 350 3830 Ter·
360 3803 464 3829 Phorm-
480 3812 505 3835 2,
519 3812 541 3835 2,
555 3812 590 3833 30·
646 3804 763 3831 Oncrare
783 3807 913 3840 rationes,
930 3808 981 3833 vid.
995 3808 1104 3838 Ouero,
1123 3810 1150 3832 in
1163 3813 1258 3833 oxvs.
1321 3806 1469 3832 Calcueator.
1507 3805 1562 3830 Cic.
1577 3806 1630 3829 Att.
1647 3811 1667 3833 1,
1682 3810 1697 3833 9
1711 3802 1768 3835 (η)
1793 3801 1930 3828 Libertum
1945 3806 1994 3838 ego
2015 3795 2100 3822 habeo
2114 3796 2173 3822 sane
2187 3803 2300 3829 nequam
2312 3793 2357 3832 ho·

220 3842 319 3867 Ponere
332 3840 460 3866 rationem
473 3847 531 3864 cuin
546 3840 617 3864 Orco
627 3859 635 3870 ,
653 3839 705 3864 oid.
726 3847 835 3868 ORCVS.
907 3843 1046 3869 Rationem
1061 3842 1161 3868 Ponitis
1174 3841 1258 3875 liugu-
1320 3841 1436 3872 minem,
1460 3840 1581 3866 Hilarem
1599 3838 1660 3864 dico
1675 3838 1904 3866 ratiocinatorem,
1919 3840 1944 3860 ct
1958 3833 2081 3859 clientem
2097 3837 2180 3857 tuum.
2253 3830 2287 3855 Vt
2299 3827 2356 3866 dili·

219 3876 308 3902 lorum
319 3894 326 3905 ,
346 3874 442 3908 quibus
455 3879 499 3899 aut
516 3874 651 3907 pecuniam
665 3874 794 3902 credituri
812 3877 871 3903 estis
885 3885 929 3904 aut
945 3878 1144 3912 beneficia-Scri.
1159 3878 1203 3911 Ep.
1219 3883 1255 3907 87.
1265 3889 1309 3915 ¹05
1317 3885 1379 3912 gens
1390 3876 1565 3904 ratiocinator
1577 3873 1678 3900 calculo
1691 3873 1776 3907 polito
1789 3871 1862 3899 videt
1882 3869 2012 3897 Columel.
2031 3879 2050 3901 ς,
2063 3878 2084 3901 3.
2165 3864 2280 3902 Metapb.
2301 3863 2354 3888 Cic·

215 3910 299 3938 Pofita
312 3909 388 3936 breui
402 3910 504 3936 ratione
520 3910 588 3934 Suet.
603 3909 666 3935 (nh.
679 3919 700 3937 c.
715 3918 740 3945 7.
767 3912 839 3947 Conf.
850 3914 925 3939 Gran,
936 3914 970 3940 ad
981 3914 1006 3941 h,
1020 3915 1038 3940 ι,
1109 3914 1254 3940 procurare
2302 3896 2353 3924 Off·
