2434 4156
0 4005 12 4156 534922*÷-20
0 3995 2 3998 ’

356 160 427 202 587
735 151 763 194 S
872 152 911 194 V
1024 152 1065 192 A
1496 159 1499 160 ’
1844 147 2102 192 SVB

397 247 410 267 s
419 245 443 266 v
451 247 473 267 A
483 244 498 268 S
507 246 530 268 v
538 245 561 274 S,
575 251 598 274 a,
617 250 671 269 um.
692 242 851 278 Megadorus
865 252 879 270 a
893 243 982 269 sorore
995 240 1079 266 suasus
1087 237 1182 264 ducere
1194 244 1305 264 vxor-em
1319 234 1401 262 Plaut.
1497 243 1539 265 εν
1548 244 1570 265 Α
1579 243 1625 266 VE
1634 243 1653 264 o
1662 243 1678 264 L
1686 243 1705 264 E
1715 241 1739 262 N
1751 242 1774 264 Τ
1787 243 1837 270 1A,
1851 245 1889 276 ae.
1908 238 1929 264 f·
1962 239 2050 268 Sidon.
2063 240 2141 276 Epist.
2155 246 2178 273 ε,
2191 248 2218 274 14
2244 242 2285 270 Ad
2296 243 2353 272 suan
2374 265 2401 277 ..Ν
2431 268 2432 273 ,

360 275 421 302 Aul.
435 285 489 311 arg.
504 286 530 305 v.
545 279 570 304 6.
607 279 717 313 Propter
738 280 835 306 suasam
858 280 939 304 escam
957 276 1051 302 Alcim.
1072 274 1180 299 Suasum
1201 272 1276 299 color
1290 271 1402 306 appella·
1461 274 1603 308 pudicitiae
1617 272 1763 308 impellere.
1774 274 1783 279 ⁴
1928 277 1935 288 ³
2328 281 2331 284 ·
2422 297 2428 318 ¹

358 316 411 343 tur,
419 314 501 348 inquit
514 313 610 347 Festus,
617 315 663 349 qui
676 314 705 341 fit
718 323 749 340 ex
759 314 892 341 stillicidio
906 311 1011 338 fumoso
1026 309 1054 335 in
1067 308 1223 335 vestimento
1235 307 1298 334 albo
1319 307 1402 347 Plaut.
1498 317 1511 337 s
1520 317 1539 335 v
1548 316 1571 336 Α
1580 318 1600 336 V
1610 318 1620 336 1
1629 317 1644 335 L
1656 316 1700 335 LV
1710 315 1742 334 Μ,
1781 309 1850 343 Opus
1863 307 1997 344 pfflorium
2010 321 2019 336 ,-
2053 312 2107 339 vid,
2128 319 2141 340 ς
2151 319 2220 340 Ανῐ
2229 319 2246 340 L
2255 319 2273 339 L
2282 319 2344 342 VM·
2383 322 2391 341 l
2426 340 2427 343 Ἰ

360 347 466 378 (Truc.
480 357 506 380 2,
520 357 545 381 2,
557 352 603 381 16)
624 351 699 384 Quia.
707 350 759 376 tibi
771 350 845 376 suaso
860 347 972 373 infecisti
985 344 1144 379 propudiosa
1157 343 1290 378 pallulam.
1333 344 1401 376 Qu·
1499 351 1544 373 sv
1556 352 1606 372 AV
1616 353 1625 371 1
1636 351 1652 370 ι.
1662 351 1683 370 v
1692 350 1710 370 D
1721 352 1729 369 1
1742 350 1761 369 v
1774 351 1797 376 s,
1811 343 1829 370 i.
1847 353 1882 371 m.
1919 346 1970 380 Qui
1983 345 2051 372 ludis
2063 347 2208 375 dele-&atum
2248 348 2385 384 Tertulla
2424 363 2427 365 Δ

360 381 420 409 ἆᾶῐῐὶ
433 390 519 411 autem
533 385 621 420 legunt
634 386 747 412 insuaso.
785 385 842 410 Nec
856 382 973 408 defluunt
988 381 1033 414 qui
1047 381 1133 406 dicant
1154 388 1260 406 omnem
1280 378 1398 406 colorem
1421 386 1436 412 5
1464 379 1529 406 fiac.
1539 389 1577 408 20.
1596 379 1719 407 Defensio
1733 379 1878 406 suauiludii
1891 380 2034 408 cuiusdam.
2112 382 2360 414 Add.1d.deC01v,1t.
2381 401 2387 413 2
2422 390 2426 394 ⁸

361 418 409 451 qui
441 419 486 447 siat
518 420 680 452 inficiendo,
699 421 801 446 suasum
831 418 937 449 vocari,
957 416 1029 452 quod
1068 414 1139 450 quasi
1175 414 1345 450 persuadetur
1368 414 1397 440 in
1460 422 1513 441 not.
1526 416 1647 442 Rhenani.
1685 416 1718 442 al.
1732 415 1909 442 Suadiludius.
1924 419 1943 443 i.
1958 418 2009 451 Qn'
2024 416 2215 454 ludumsuadet.
2228 428 2254 446 v.
2263 428 2289 446 υ.
2423 419 2429 441 1

358 454 441 481 alium
455 464 486 482 ex
505 456 565 483 albo
579 456 693 482 transue.
762 455 831 480 Haec
843 452 947 485 Festus,
982 460 1040 478 voce
1062 457 1251 478 mstsvs.
1322 449 1398 486 Conf.
1486 457 1598 512 ἐκέ-ΑΥ
1608 459 1616 477 1
1626 449 1698 479 ςόΝ
1708 458 1767 484 Vs,
1798 459 1830 484 a,
1855 459 1909 478 um.
1948 452 2009 479 Adi.
2046 453 2124 488 Virg.
2137 455 2226 490 Epigr·
2239 463 2252 486 5
2279 453 2329 483 Sua
2345 455 2353 462 -
2364 467 2383 489 ³.

358 490 395 517 νο
419 515 421 517 .
437 492 467 517 Et
486 494 541 518 mol.
580 512 585 517 .
606 502 616 511 f*
653 510 659 516 .
1458 492 1484 512 te
1508 495 1523 511 u
1543 495 1604 514 inis.
2426 498 2427 501 =

388 489 447 552 ‘gv
458 501 484 554 :Z
493 534 505 552 s
520 534 540 552 v
551 500 585 558 ᾖ,
598 499 662 552 ὶῖρῗι.
699 523 830 558 Serpentis
843 524 914 550 suasa
926 523 1064 557 loquentis
1084 522 1182 557 Accepi
1211 520 1332 549 Tertull.
1354 526 1399 547 oue
1502 527 1515 547 s
1527 528 1546 548 v
1558 528 1579 548 A
1589 528 1611 548 v
1621 529 1631 548 1
1640 521 1704 549 Dic
1715 528 1764 553 vs,
1779 530 1803 554 a,
1818 531 1871 548 um.
1891 521 1954 549 Adi.
1989 521 2121 558 [ἧδυεπῇς]
2158 525 2333 562 Quifiamter
2349 539 2354 549 ι
2368 488 2389 540 ‘s
2424 505 2434 542 s-

356 562 482 596 Cyprian.
499 563 526 588 in
540 561 630 587 Genes.
644 569 666 586 c.
681 567 702 590 3.
1380 558 1391 563 's
1414 567 1443 586 ιο
1462 558 1560 584 Versus
1573 558 1701 584 suauidici
1718 558 1822 585 Lucret.
1835 567 1863 591 4,
1878 563 1924 588 181-
2370 554 2375 595 ζ
2424 578 2428 586 .

395 604 408 624 s
420 604 438 622 v
450 600 468 624 Ᾱ
480 604 493 622 s
506 604 524 622 o
535 604 564 627 n,
577 596 641 621 oris.
663 604 700 621 m.
736 594 893 630 Ouificadet.
930 594 986 621 Cic.
999 593 1052 620 off.
1067 604 1086 626 3,
1101 602 1147 626 109
1161 602 1182 619 c.
1197 602 1227 625 30
1253 591 1400 619 Posthumi-
1497 600 1509 619 s
1519 599 1598 620 vAv
1607 600 1643 620 ID
1653 601 1673 619 v
1683 600 1707 626 s,
1721 603 1745 626 a,
1758 603 1811 620 um.
1831 592 1891 620 Adi.
1927 594 2040 621 Suauida
2054 593 2084 622 sit
2096 594 2173 629 potio
2186 595 2218 622 ad
2231 595 2330 623 bibend
2354 611 2357 621 .

355 642 386 660 us
399 634 485 659 suasor
498 638 523 657 et
535 630 629 657 auctor
647 630 707 656 fuit.
736 620 771 630 ’κ
813 629 888 656 Idem
901 630 954 657 Att.
968 633 1006 662 16,
1020 637 1037 664 7
1071 629 1122 656 Etsi
1140 628 1329 668 quamuis'non
1343 627 1401 668 fue-
1463 628 1586 655 Priscian.
1604 629 1636 655 de
1645 630 1737 656 Diaeta
1752 639 1773 656 c.
1788 638 1829 655 20.
2326 638 2334 642 ·
2358 633 2431 662 v113

339 696 341 699 ,
356 670 393 697 ris
409 668 496 694 suasor
509 672 534 692 et
547 665 676 700 impulsor
690 664 866 700 profefflOnis
878 674 961 696 meae,
974 664 1134 700 approbator
1146 671 1214 691 certe
1232 663 1315 690 suisti.
1359 664 1401 690 Ει-
1499 669 1513 690 s
1525 671 1545 690 v
1555 671 1576 691 A
1585 672 1606 691 v
1615 671 1624 690 1
1634 671 1651 691 L
1660 663 1679 692 ὁ
1688 672 1739 700 Qv
1751 673 1771 691 v
1781 673 1793 691 s
1803 685 1811 697 ,
1829 673 1858 696 a,
1873 672 1927 691 um.
1962 665 2044 693 Aliud
2056 666 2116 694 Adi.
2153 665 2305 701 [ἧδυλᾶγος]
2341 664 2376 702 Is*v
2418 677 2419 681 ,
2432 670 2434 675 ι

357 704 416 730 dem
431 704 465 732 16,
478 709 506 735 17
526 702 696 736 (Quamquam
717 701 781 727 haec
803 700 912 735 epistola
928 710 982 727 non
999 701 1111 727 suasoris
1131 700 1183 732 est,
1202 699 1245 726 sed
1259 700 1402 734 rogareris.
1463 700 1559 726 Versus
1571 700 1721 734 suauiloqui
1741 701 1845 727 Lucret.
1860 709 1880 731 2,
1896 705 1950 733 528.
2018 702 2140 728 Senectus
2160 704 2236 729 Mart.
2249 703 2354 737 Capella
2374 703 2376 714 ⁴
2424 715 2434 730 ἰ

355 739 428 767 Idem
443 737 556 771 Philipp.
569 746 590 769 ε,
603 745 636 770 29
652 746 673 763 c.
688 745 712 763 12
735 736 809 769 Qud
833 737 905 763 enim
928 736 1036 764 interest
1056 736 1126 763 inter
1146 736 1278 762 suasorem
1298 734 1362 762 faeti
1375 740 1401 762 et
1418 746 1444 769 15
1499 741 1513 761 s
1523 741 1544 760 v
1555 742 1624 763 AVI
1634 743 1650 763 ι.
1660 735 1794 774 &QVEN
1804 744 1826 767 s,
1838 736 1913 762 entis.
1941 736 2002 764 Adi.
2037 735 2174 773 [ἧδυεπῆς]
2212 738 2287 765 Idem.
2323 739 2355 766 Ci
2375 749 2377 772 j
2410 753 2434 765 ·.

350 773 519 810 probatorem
536 774 544 798 3
1098 786 1103 787 ν
1465 771 1539 798 Orat.
1552 777 1579 803 58
1593 781 1615 798 c.
1630 781 1652 804 ις
1671 772 1784 799 Additur
1799 773 1897 798 Orator
1908 772 2048 799 Cornelius
2065 774 2260 808 suauiloquenti
2294 774 2348 801 Ore
2359 781 2364 797 ¹
2427 799 2429 804 ,

389 817 401 835 s
411 815 429 833 v
437 815 458 834 A
468 815 480 834 s
491 814 510 834 Ο
522 814 540 834 R
550 815 560 833 ι·
571 814 591 833 V
603 815 627 838 ς,
639 816 663 841 a,
679 817 734 834 um.
749 807 811 834 Adi.
849 808 1043 844 andpertinet
1053 806 1257 843 adsuadendum.
1294 807 1325 833 Et
1340 807 1400 834 Pars
1462 817 1492 833 ex
1507 808 1598 840 Poeta,
1619 808 1712 834 Ennio.
1751 808 1825 844 Conf.
1840 808 1914 834 Idem
1927 815 1966 844 ap.
1980 808 2112 843 Qtinffil.
2128 818 2190 842 1¹³3·
2228 809 2378 842 Gell.12,=2.·.·
2410 807 2411 811 ’

353 844 543 876 deliberatiua‚
564 853 578 870 a
612 843 763 871 Rhetoricis
793 843 909 871 fiiasoria
933 844 1046 875 dicitur,
1066 851 1095 870 vt
1114 843 1181 879 apud
1199 842 1328 876 Quinetil.
1342 852 1363 875 3,
1377 847 1400 872 8.
1461 851 1523 869 men
1537 843 1719 878 suauiloqueus
1740 844 1843 870 Lucret.
1860 853 1876 875 1,
1891 852 1947 876 943.
2014 844 2173 879 Add.1d.4,
2187 853 2229 871 20.
2411 846 2431 890 Ι

352 879 559 914 Agamemnonis
584 880 698 907 suasoria
726 881 795 906 Petr.
820 889 841 906 c.
862 883 886 906 6.
907 879 969 915 fiil.
1001 879 1154 908 declamatio.
1261 879 1399 905 Suasoriae
1496 885 1509 905 s
1521 884 1542 904 v
1554 885 1605 904 Av
1616 884 1625 904 1
1637 885 1653 904 L
1663 886 1682 906 o
1692 886 1743 917 Qv
1753 886 1768 905 E
1778 886 1800 904 N
1809 885 1829 904 T
1842 885 1852 904 1
1864 886 1895 910 A,
1910 888 1949 905 ae.
1969 879 1989 905 f.
2024 878 2160 914 [ἧδυεπιόι]
2196 881 2250 907 Cic.
2264 880 2297 907 de
2309 880 2349 908 Cl
2412 895 2432 911 -t

343 916 408 956 stent
420 915 487 950 apud
499 915 645 948 Rhetorem,
669 915 798 942 Materiae
811 915 882 943 inter
892 915 1042 943 rudimenta
1056 915 1161 942 dicendi
1186 913 1318 947 Qunetil.
1333 922 1364 945 2,
1379 922 1398 940 ι.
1409 918 1443 936 20
1461 924 1483 941 c.
1499 921 1525 947 15
1546 914 1576 940 Et
1589 920 1722 941 oratorem
1734 914 1855 950 appellat,
1869 921 1894 941 et
1909 915 2149 950 suauiloquentiam
2166 916 2273 943 tribuit.
2412 911 2425 945 ⁴.

349 952 503 979 Declamare
517 951 643 978 suasorias
662 951 735 977 Idem
750 960 773 984 3,
792 956 815 981 8.
1498 957 1510 977 s
1520 956 1539 975 V
1550 956 1573 976 A
1583 956 1604 976 V
1617 956 1626 975 1
1637 956 1653 975 L
1664 955 1684 976 ο
1694 957 1760 990 qvi
1773 957 1792 976 ν
1802 958 1836 981 Μ,
1851 951 1868 977 i.
1889 960 1915 976 n.
1953 951 2090 985 Angustin.
2418 955 2420 958 '

391 993 404 1013 s
417 993 436 1012 v
448 993 497 1013 AD
507 993 526 1012 v
536 994 559 1018 s,
573 995 597 1019 a,
613 995 667 1013 um.
691 987 751 1013 Adi.
788 987 866 1021 Apul.
881 986 945 1013 Met.
959 995 981 1013 11
996 996 1020 1021 p.
1029 993 1076 1020 272
1100 985 1183 1012 Suada
1198 983 1317 1011 maiestas
1335 984 1397 1011 Stat.
1494 992 1507 1012 s
1517 992 1538 1011 v
1548 992 1568 1011 A
1578 992 1598 1012 v
1608 992 1617 1010 1
1627 991 1682 1012 vM
1727 985 1866 1020 [φίλημα]
1889 987 1931 1013 vel
1955 994 1968 1013 s
1978 993 1997 1012 A
2009 993 2031 1013 v
2041 994 2123 1019 ivm,
2136 987 2154 1013 i.
2175 996 2202 1014 n.
2238 985 2354 1015 detra&

350 1022 441 1050 Theb.
480 1042 486 1049 .
524 1042 531 1048 .
568 1042 574 1048 .
611 1022 709 1049 Suadus
723 1031 812 1050 cruor.
882 1022 1015 1049 Delinitus
1028 1021 1120 1048 suadae
1130 1020 1258 1054 Coniugis
1271 1019 1397 1054 amplexi·
1458 1020 1557 1053 Bafium
1570 1019 1633 1056 esis.
1647 1022 1752 1057 ofiulum
1765 1024 1922 1048 amatorium.
1958 1023 2026 1050 Ter.
2040 1023 2105 1050 Eun.
2120 1032 2143 1057 3,
2156 1032 2178 1056 2,
2190 1032 2202 1055 3
2219 1023 2243 1050 O
2256 1022 2346 1050 Thais
2362 1037 2365 1047 ·
2418 1022 2434 1053 'i

348 1057 398 1085 bus
420 1059 498 1084 Mart.
516 1058 622 1092 Capella
636 1067 646 1085 1
662 1067 687 1093 p.
705 1067 726 1084 2.
821 1057 885 1084 Tua
898 1057 1034 1085 delenifica
1048 1063 1074 1084 et
1087 1056 1162 1084 suada
1177 1055 1310 1083 Facundia
1325 1055 1397 1088 Sym-
1458 1066 1504 1083 um
1537 1057 1675 1090 suauium,
1694 1057 1759 1092 quid
1789 1058 1876 1091 agitur
1891 1058 1901 1085 3
1936 1060 1955 1084 i.
1975 1067 2047 1094 quam
2065 1068 2107 1095 ego
2130 1059 2237 1096 osculari
2264 1062 2344 1096 cupio.

347 1093 433 1122 mach.
447 1095 492 1128 Ep.
507 1103 529 1126 3,
543 1098 567 1120 6.
683 1095 752 1120 Hinc
764 1093 929 1121 Malesuadus
945 1094 972 1119 de
1001 1093 1063 1129 uos.
1078 1094 1096 1119 l.
1412 1096 1440 1122 25
1459 1093 1527 1119 Hor.
1551 1091 1632 1126 Epod.
1656 1102 1682 1124 3,
1703 1101 1729 1119 21
1751 1093 1860 1120 Manum
1880 1093 1967 1128 puella
1981 1094 2074 1121 suauio
2087 1100 2204 1130 opponat
2215 1100 2273 1121 tuo.
2354 1098 2361 1123 ἰ
2374 1103 2375 1108 ’
2419 1093 2425 1122 ⁸.

385 1137 397 1157 S
407 1136 481 1156 VAS
492 1136 499 1154 1
511 1137 540 1161 o,
555 1129 624 1155 onia.
641 1128 660 1155 f.
697 1130 752 1156 Cic.
765 1130 793 1156 in
807 1130 881 1157 Orat.
896 1137 927 1165 37
946 1103 999 1156 Sed
1009 1129 1136 1164 quoniam
1150 1128 1226 1162 plura
1242 1128 1302 1154 sunt
1314 1127 1395 1154 orati·
1457 1129 1520 1164 quid
1531 1129 1561 1154 ab
1580 1128 1678 1155 Osculo
1692 1127 1814 1162 dtfferat,
1833 1128 1886 1155 vid.
1901 1132 1928 1155 in
1949 1135 2119 1157 OSCVLVM.
2214 1130 2269 1157 Cic.
2285 1131 2339 1157 Att.
2421 1129 2428 1147 t

347 1174 431 1192 onum
455 1174 566 1199 genera,
586 1173 669 1200 eaque
692 1166 806 1198 diuersa,
820 1174 907 1199 neque
922 1166 950 1192 in
964 1174 1042 1192 vnam
1056 1165 1171 1191 formam
1184 1162 1279 1190 cadunt
1294 1163 1395 1196 omnia,
1455 1164 1523 1191 ticae
1537 1164 1664 1198 quoniam
1683 1163 1772 1199 (quod
1791 1165 1924 1199 optimum
1944 1165 1973 1191 in
1986 1166 2075 1200 pueris
2090 1166 2143 1198 est)
2162 1165 2277 1193 hilarula
2296 1165 2379 1201 est„
2426 1166 2430 1170 '

345 1201 545 1232 laudationum,
568 1201 756 1235 scriptionum,
775 1208 800 1227 et
813 1201 1001 1234 historiarum,
1021 1206 1046 1226 et
1061 1201 1153 1227 talium
1169 1199 1395 1233 suasionum‚qua-
1456 1200 1498 1226 bis
1517 1200 1638 1226 suauium
1658 1200 1712 1226 des.
1828 1200 1910 1227 Plaut.
1926 1201 1996 1228 Asin.
2011 1211 2039 1234 4,
2052 1210 2073 1233 1,
2087 1210 2118 1235 52.
2138 1201 2276 1237 infoedere
2291 1201 2370 1238 dep*

347 1236 400 1263 lem
414 1238 538 1263 Isocrates
552 1236 617 1263 fecit
629 1238 826 1271 panegyricum.
943 1239 974 1264 Et
989 1237 1021 1263 de
1034 1237 1107 1263 Orat.
1128 1245 1150 1268 2,
1163 1243 1202 1268 333
1217 1240 1270 1264 c.81
1291 1235 1395 1261 Praece-
1449 1234 1559 1271 solifibi
1569 1242 1665 1270 operam
1679 1235 1739 1262 dare
1753 1237 1809 1262 vult
1821 1243 1932 1267 amator,
1949 1237 2030 1270 Qtod
2046 1237 2092 1264 illa
2106 1243 2194 1264 autem
2208 1237 2344 1272 simulet,q
2360 1233 2372 1268 ζ’

345 1279 390 1306 pta
404 1281 471 1307 quae
485 1272 517 1298 de
531 1271 693 1299 suasionibus
707 1272 832 1299 tradenda
845 1272 913 1299 sunt.
1008 1272 1050 1299 Sic
1067 1272 1098 1297 de
1113 1272 1182 1298 Clar.
1198 1272 1273 1297 Orat.
1284 1271 1395 1301 noc-86
1407 1277 1439 1302 30
1457 1271 1491 1297 do
1505 1271 1628 1305 profluat,
1649 1272 1708 1297 Hoc
1720 1279 1753 1297 ne
1765 1271 1799 1298 fic
1811 1271 1891 1299 faciat
1910 1272 2000 1308 (forte
2013 1276 2131 1309 exprimit
2142 1271 2312 1310 gestumfiiam
2325 1271 2371 1300 mis

345 1308 434 1334 Suasio
448 1308 512 1342 legis
525 1308 663 1335 Seruiliae.
771 1309 801 1335 Et
817 1308 970 1335 exhortatio
984 1313 1010 1334 et
1024 1307 1108 1334 suasio
1122 1314 1147 1333 et
1161 1308 1214 1342 ipsa
1230 1312 1394 1339 argumenta·
1456 1307 1558 1340 lamis)
1574 1312 1604 1332 tu
1618 1306 1744 1333 labellum
1755 1306 1902 1342 abstergeas
1914 1308 2020 1342 Potius,
2035 1318 2115 1343 quam
2129 1310 2253 1344 cuiquam
2273 1309 2346 1336 suaui
2364 1310 2372 1333 ι’

344 1345 386 1371 tio
407 1345 465 1370 Sen.
480 1345 526 1377 Ep.
538 1351 576 1376 93.
684 1344 774 1370 Genus
801 1343 1009 1371 deliberatiuum
1032 1343 1110 1369 habet
1129 1344 1156 1369 in
1172 1345 1196 1369 se
1209 1342 1353 1368 suasionem
1368 1348 1394 1367 et
1456 1342 1540 1377 palam
1556 1351 1562 1367 2
1599 1344 1617 1367 i.
1633 1342 1716 1377 inflia
1730 1351 1802 1369 manu
1813 1342 1941 1376 ostendat,
1961 1345 2117 1381 quidfacere
2130 1346 2205 1372 alteri
2214 1351 2309 1381 parata
2320 1344 2358 1379 fit
2372 1349 2373 1380 j

344 1379 527 1405 dissuasionem
543 1377 621 1405 Au&
634 1377 666 1404 ad
680 1380 745 1406 Her.
763 1388 773 1405 1
787 1388 840 1406 c.2.
944 1380 1057 1406 Illorum
1072 1379 1184 1406 suasioni
1200 1377 1394 1405 occurrendum
1456 1386 1529 1404 mere
1548 1377 1668 1404 suauium
1686 1377 1767 1403 Plaut.
1782 1378 1851 1405 Asin.
1866 1388 1886 1411 ι,
1901 1388 1924 1412 3,
1938 1388 1982 1414 72.
2097 1380 2254 1407 illecebram
2268 1380 2350 1415 stupri
2372 1384 2373 1415 ᾗ
2414 1377 2434 1407 ὑ

343 1414 380 1441 est
406 1414 474 1440 Plin.
493 1413 581 1439 Valer.
597 1423 618 1445 3,
631 1421 667 1446 52.
699 1417 718 1440 i.
733 1414 902 1450 persuasioni,
920 1418 1040 1450 opinioni,
1455 1414 1578 1440 suauium
1591 1413 1671 1439 Posco
1701 1413 1783 1439 Plaut.
1799 1414 1855 1442 Cas.
1868 1423 1891 1447 ς,
1905 1423 1926 1446 3,
1941 1424 1962 1446 3.
2066 1416 2174 1442 Sauium
2196 1417 2270 1451 saepe
2292 1425 2353 1450 apu
2415 1415 2418 1424 “

381 1456 394 1476 s
405 1457 425 1476 V
438 1456 546 1481 ASVS,
564 1448 603 1475 sis.
623 1458 659 1475 m.
697 1449 759 1483 le.
783 1450 813 1476 in
839 1450 856 1475 l.
878 1451 945 1476 Item
964 1450 982 1476 fi
1001 1450 1128 1477 obstetrix
1148 1448 1193 1486 §.1
1207 1449 1238 1475 D.
1253 1448 1292 1475 Ad
1308 1449 1392 1483 legem
1408 1456 1435 1483 35
1455 1450 1575 1485 aliosque
1587 1448 1708 1475 auetores
1723 1454 1826 1476 veteres
1834 1451 1845 1481 ,'
1861 1457 1904 1481 vt,
1926 1450 2003 1477 sauia
2017 1451 2094 1486 super
2106 1452 2178 1478 sauia
2197 1452 2280 1478 Plaut.
2296 1453 2342 1479 Pse
2364 1451 2374 1483 ζ
2418 1448 2420 1451 ’

342 1485 437 1520 Aquil.
460 1485 485 1511 Si
505 1485 564 1519 quis
584 1493 631 1519 per
646 1484 703 1512 vim
721 1485 764 1512 vel
777 1495 824 1521 per
839 1486 941 1511 suasum
954 1485 1173 1512 medicamentum
1189 1484 1268 1511 alicui
1283 1484 1393 1515 infudit,
1455 1484 1656 1512 Mellitiffimum
1671 1484 1736 1510 illud
1753 1485 1856 1512 saulum
1869 1486 1984 1521 impreffi
2017 1487 2096 1522 Apul.
2109 1488 2174 1514 Met.
2188 1497 2204 1515 2
2216 1497 2240 1523 p.
2257 1496 2307 1520 1¹9-
2343 1483 2383 1521 .’ἦ

340 1522 386 1548 vel
400 1530 457 1553 ore,
470 1521 513 1547 vel
526 1520 652 1554 clystere,
671 1527 717 1548 etc.
822 1521 891 1547 Daui
915 1522 989 1547 suasu
1013 1530 1067 1547 non
1090 1527 1217 1555 repugnat
1239 1520 1391 1554 Pamphilus
1455 1520 1580 1547 nantibus
1595 1520 1675 1546 sauiis
1689 1520 1792 1554 perfrui
1808 1522 1881 1549 Idem
1895 1530 1908 1555 5
1921 1531 1937 1556 p
1954 1524 2005 1548 162.
2112 1523 2180 1550 Add.
2195 1523 2293 1550 Caecil.
2306 1530 2346 1559 ap.
2357 1527 2373 1547 e:

340 1557 411 1584 Ter.
428 1556 509 1584 An‘dr.
523 1558 585 1590 Arg.
599 1566 626 1583 v.
641 1563 663 1586 8.
779 1556 824 1583 Ne
837 1556 873 1584 ob
886 1566 975 1583 meum
989 1558 1090 1583 suasum
1105 1557 1215 1590 indigna
1234 1556 1332 1582 iniuria
1352 1555 1391 1582 af·
1455 1558 1529 1584 Parei
1543 1557 1601 1582 Lex.
1611 1557 1674 1583 Crit.
1688 1562 1713 1591 p.
1729 1566 1791 1590 1119.
1899 1558 1975 1584 Sauia
1989 1558 2106 1592 sagittata
2128 1559 2209 1589 Plaut,
2224 1559 2367 1596 Trin.2,15*
2381 1556 2384 1571 ⁸

340 1592 448 1619 ficiatur
464 1593 538 1619 Idem
551 1593 656 1619 Phorm.
671 1601 694 1625 5,
709 1601 728 1624 1,
741 1600 764 1625 3.
870 1593 938 1619 Iussu
953 1598 978 1620 et
991 1593 1137 1628 increpitu,
1156 1601 1211 1619 non
1220 1592 1299 1619 >suasu
1319 1592 1391 1618 Ter·
1491 1600 1503 1619 s
1512 1598 1533 1617 v
1542 1599 1564 1618 A
1579 1598 1599 1617 v
1610 1599 1619 1617 1
1630 1590 1649 1618 o
1660 1598 1676 1617 L
1687 1598 1740 1617 VM
1761 1592 1786 1627 s.
1814 1598 1827 1618 s
1838 1599 1859 1618 A
1869 1600 1889 1620 v
1899 1600 1909 1619 1
1919 1600 1937 1619 o
1949 1599 1966 1619 1.
1978 1600 2031 1620 VM
2040 1615 2049 1628 ,
2072 1594 2090 1620 i.
2116 1603 2142 1621 n.
2178 1595 2280 1622 Dimin.
2317 1590 2377 1630 [φ

338 1629 398 1656 tull.
411 1628 470 1655 adu.
485 1629 566 1655 Marc.
579 1638 608 1662 4,
623 1633 645 1658 8.
1408 1629 1445 1655 40
1455 1627 1555 1655 Catuli.
1570 1627 1603 1654 ad
1620 1627 1773 1654 quentium
1786 1627 1805 1654 s.
1819 1633 1862 1663 98,
1876 1638 1888 1656 2
1905 1629 2061 1657 Suauiolum
2073 1629 2146 1657 dulci
2160 1630 2264 1658 dulcius
2277 1631 2367 1659 ambi-‘o
2381 1623 2386 1639 ⁵

378 1672 391 1691 S
400 1672 422 1691 V
431 1671 452 1690 A
464 1670 481 1689 L
493 1670 515 1690 T
526 1671 542 1690 E
552 1671 571 1690 R
582 1670 604 1690 N
616 1671 626 1690 1
636 1670 653 1690 C
664 1670 685 1688 V
695 1670 731 1695 Μ,
744 1664 762 1689 i.
786 1672 813 1690 n.
851 1663 1057 1700 [σεαλτέρνικον]
1095 1664 1176 1690 Genus
1189 1661 1285 1690 eIeHri.
1322 1662 1391 1689 Plin.
1454 1664 1534 1699 Apul.
1548 1664 1612 1693 Met.
1627 1672 1642 1690 z
1656 1673 1681 1698 p.
1698 1672 1745 1697 ¹19·

338 1707 379 1736 37,
392 1709 414 1726 2.
435 1700 562 1726 Har-dum.
578 1700 639 1744 legit
657 1698 877 1725 Subalternicum.
1489 1707 1502 1726 s
1511 1706 1562 1726 VA
1572 1705 1649 1730 V10,
1663 1702 1717 1726 are.
1754 1699 1883 1734 Pompon.
1897 1701 1965 1736 apud
1984 1701 2058 1729 Non.
2072 1709 2098 1737 7,
2111 1710 2147 1735 49
2179 1703 2235 1737 Ego
2248 1702 2321 1730 issam
2333 1709 2378 1728 ¹¹0¹
2426 1694 2431 1709 ¹

378 1737 547 1762 SVAMET.
583 1735 695 1768 [εαυτὲ]
731 1734 865 1761 Ablatiuus
898 1745 914 1762 a
937 1735 1016 1766 Suus,
1040 1744 1093 1760 cum
1113 1733 1233 1768 syllabica
1252 1731 1390 1760 adiec‘lione
1453 1734 1525 1767 Eur,
1545 1743 1600 1760 non
1614 1735 1731 1761 suauiem
1748 1735 1757 1761 3
1791 1736 1822 1762 Et
1834 1736 1917 1769 alibi,
1936 1738 2065 1765 Mammas
2080 1744 2184 1771 teneas,
2203 1738 2281 1773 pedes
2298 1736 2383 1765 extolli*
2426 1734 2428 1749 ³

340 1776 393 1798 ΜΕ
404 1777 439 1797 Τ.
506 1770 573 1797 Plin.
582 1779 621 1802 10,
629 1778 658 1802 59
676 1770 786 1796 Anseres
800 1770 900 1797 suamet
912 1770 941 1796 vi
954 1770 1021 1796 colla
1037 1770 1081 1796 sua
1094 1770 1264 1803 abrumpunt.
1450 1770 1507 1797 vies
1521 1778 1581 1796 cum
1595 1771 1686 1804 gemit.

377 1813 420 1834 εν
431 1812 541 1833 ΑΡΤΕ.
577 1804 691 1840 [tauri]
728 1806 777 1832 Sua
793 1805 869 1840 ipsius
880 1816 891 1835 ;
912 1813 934 1832 et
956 1812 1024 1831 svo
1035 1811 1051 1831 Ρ
1061 1812 1107 1831 TE
1128 1805 1175 1840 suo
1196 1803 1271 1839 ἱρήια
1285 1814 1293 1829 :
1313 1803 1390 1830 Abla·
1404 1809 1439 1836 45
1490 1812 1502 1831 s
1512 1811 1533 1831 v
1543 1812 1593 1832 Av
1603 1812 1613 1831 1
1623 1812 1641 1831 o
1651 1811 1681 1837 R,
1701 1805 1751 1831 ari.
1788 1805 1903 1842 [φιλέω]
1938 1807 2056 1835 Suauium
2069 1807 2138 1836 dare.
2177 1809 2244 1837 Gell.
2255 1818 2277 1842 3,
2291 1817 2315 1840 ις
2350 1809 2376 1842 Q
2427 1800 2430 1817 ¹

338 1845 389 1869 ciui
401 1852 417 1869 a
431 1842 496 1868 Suus
509 1851 561 1868 cum
569 1841 692 1877 fflllabica
705 1838 843 1867 adieflione
858 1847 874 1867 Ρ
885 1848 930 1868 ΤΕ
947 1852 953 1867 1
989 1841 1045 1867 Cic.
1060 1841 1143 1867 Tusc.
1160 1848 1180 1873 1,
1193 1849 1225 1872 40
1239 1848 1258 1865 c.
1270 1847 1298 1874 ¹7
1318 1839 1390 1866 Ter·
1454 1850 1516 1868 eum
1530 1846 1582 1867 tres
1595 1841 1770 1868 adolescentes
1783 1842 1914 1876 amplexi,
1934 1844 2041 1870 coronis
2054 1844 2106 1870 suis
2119 1845 2148 1871 in
2161 1851 2236 1881 caput
2248 1845 2325 1880 patris
2336 1847 2376 1885 poi

338 1887 404 1905 rena
417 1884 442 1905 et
458 1875 565 1904 humida
579 1878 672 1911 suopte
683 1882 750 1903 nutu
766 1883 790 1902 et
802 1877 848 1903 suo
863 1876 979 1911 pondere
991 1876 1021 1902 ad
1038 1885 1109 1910 pares
1123 1876 1233 1909 angulos
1248 1875 1277 1900 in
1291 1880 1390 1914 terram
1453 1877 1598 1903 viarentur.
1714 1877 1771 1902 Cic.
1787 1878 1840 1903 Att.
1856 1881 1892 1910 16,
1906 1886 1918 1910 3
1945 1879 2058 1906 Atticam
2071 1880 2187 1908 nostram
2201 1881 2277 1916 cupio
2293 1881 2376 1912 suauta
2425 1871 2430 1913 ἶ

291 1941 294 1942 ι
339 1920 366 1940 et
379 1915 408 1940 in
420 1922 492 1940 mare
506 1913 636 1940 feruntur.
740 1912 851 1946 Suapte,
862 1912 917 1945 stne
931 1910 1038 1938 adimo.
1082 1912 1139 1938 Cic.
1154 1913 1207 1936 Att.
1222 1913 1248 1942 6,
1263 1917 1278 1944 7
1303 1911 1388 1942 Qum-
1453 1911 1490 1937 mi
1512 1912 1596 1938 dulcis
1613 1912 1680 1938 salus
1698 1912 1756 1937 visa
1774 1912 1810 1937 est
1824 1921 1869 1946 per
1881 1921 1905 1939 te
1920 1914 1992 1941 missa
2005 1914 2039 1940 ab
2053 1915 2107 1942 illa.
2223 1914 2315 1943 Catuli.
2329 1915 2376 1942 de.

339 1955 382 1976 rus
402 1949 474 1976 silius
495 1949 597 1982 suapte,
618 1947 676 1981 pie,
695 1948 770 1979 sane,
789 1956 832 1973 me
851 1948 960 1982 quidem
972 1953 1043 1972 certe
1057 1947 1170 1972 muitum
1186 1945 1324 1977 hortante,
1346 1944 1390 1971 sed
1453 1946 1583 1981 Septimio
1597 1947 1615 1973 s.
1630 1949 1676 1979 46,
1691 1955 1719 1972 η
1757 1947 1789 1973 Et
1807 1947 1890 1974 dulcis
1911 1950 1987 1982 pueri
2000 1949 2090 1978 ebrios
2104 1951 2201 1978 ocellos
2231 1951 2282 1978 Illo
2293 1959 2375 1985 purpu
2396 1959 2399 1974 1
2428 1942 2432 1958 ³

339 1990 498 2014 currentem,
511 1984 628 2010 animum
643 1982 724 2016 patris
739 1983 777 2007 sui
792 1983 879 2009 sorori
894 1989 954 2008 tuae
968 1982 1163 2009 reconciliauit.
1235 1981 1276 2008 Sic
1295 1980 1388 2016 legeha-
1403 1988 1435 2015 50
1454 1982 1589 2009 suauiataj
1650 1981 1798 2009 Iucundum
1813 1992 1843 2010 os
1858 1985 2003 2020 oculosque
2018 1986 2159 2014 suauiabor
2176 1986 2307 2019 Catull..9‚
2318 1994 2343 2019 9.
2392 1982 2396 2012 i

337 2027 382 2047 tur
397 2031 404 2045 .·
435 2018 482 2055 fid
502 2028 566 2045 nunc
585 2020 713 2044 omittitur
734 2018 837 2052 Suapte.
946 2018 1051 2044 Luci-et.
1065 2020 1092 2050 6,
1106 2026 1148 2051 755
1168 2016 1216 2043 Sed
1229 2021 1322 2043 natura
1335 2015 1389 2042 loci
1453 2019 1506 2045 tius
1521 2026 1578 2044 eam
1594 2017 1744 2052 complexus
1757 2019 1833 2054 coepi
1847 2020 1942 2048 sauiari
1962 2022 2040 2056 Apul.
2056 2023 2119 2049 Met.
2134 2030 2182 2056 ap.
2196 2029 2240 2054 ¹¹9·
2373 2029 2378 2045 ι

337 2056 391 2083 hoc
413 2064 480 2090 opus
506 2053 587 2081 efficit
603 2054 657 2088 ipsa
684 2054 782 2087 suapte.
819 2053 853 2080 al.
865 2054 914 2089 lcg.
932 2053 980 2080 Sui
995 2054 1032 2080 vi.
1136 2054 1229 2087 Suapte
1243 2052 1301 2084 hic,
1321 2051 1389 2087 apud
1452 2060 1492 2080 tus
1506 2054 1538 2080 de
1551 2058 1635 2079 matre
1650 2053 1793 2080 suauianda
1807 2056 1923 2084 coniecit
1948 2057 2004 2084 Cic.
2019 2058 2047 2084 in
2063 2058 2139 2085 Bruto
2154 2065 2174 2082 c.
2188 2064 2222 2088 14.
2264 2066 2274 2082 =.=
2333 2055 2379 2080 Osc
2394 2056 2408 2082 ι’

337 2092 499 2119 Ciceronem
511 2092 528 2117 I.
541 2100 563 2117 c.
598 2096 623 2116 et
635 2089 702 2125 apud
714 2088 812 2116 Catull.
827 2097 862 2122 5ι,
877 2092 891 2115 6
911 2088 1026 2124 u'qftndit
1040 2089 1073 2124 Is
1095 2087 1159 2122 Voffi
1173 2088 1206 2114 ad
1220 2088 1308 2114 catull.
1327 2087 1346 2113 l.
1363 2096 1386 2114 c.
1452 2089 1521 2116 lium
1536 2088 1582 2114 diu
1595 2097 1624 2113 ac
1638 2089 1750 2122 pressule
1763 2090 1860 2121 sauiata
1882 2092 1961 2127 Apul.
1975 2093 2040 2120 Met.
2051 2103 2071 2129 4
2085 2102 2108 2127 p.
2122 2092 2179 2124 ¹5⁶>
2394 2114 2395 2118 ,

336 2137 362 2162 p.
381 2136 427 2159 1¹3·
502 2128 593 2161 Nempe
605 2128 643 2152 ita
655 2127 717 2161 legit
731 2125 824 2151 Sonitu
838 2125 928 2160 suapte
943 2125 1092 2152 Tintinant
1111 2133 1200 2156 aures,
1219 2133 1269 2150 non
1282 2123 1384 2158 suopte.
1490 2130 1504 2150 s
1515 2131 1536 2150 v
1548 2130 1572 2151 A
1584 2129 1607 2149 V
1621 2131 1631 2150 1
1641 2130 1660 2149 A
1674 2130 1696 2150 T
1706 2131 1755 2156 10,
1770 2126 1837 2153 onis.
1857 2127 1877 2154 f.
1916 2128 2043 2164 [φίλησα]
2077 2126 2143 2154 Gell.
2158 2130 2211 2157 ¹8‚2
2230 2124 2380 2151 Suauiation
2405 2139 2408 2147 ν

335 2163 411 2198 Conf.
426 2163 484 2189 Sen.
500 2161 533 2188 de
546 2161 636 2188 Benef.
649 2170 677 2194 4,
691 2167 728 2196 17.
1398 2169 1427 2196 ςς
1453 2168 1548 2188 rorum
1580 2163 1607 2185 et
1635 2159 1792 2193 puellarum.
1908 2164 2001 2191 Suaujfl
2029 2161 2159 2192 suauiatio
2193 2159 2275 2188 Plaut.
2287 2158 2376 2187 Bacca
2399 2177 2401 2179 ·

375 2205 388 2225 s
398 2205 418 2223 v
429 2206 448 2225 A
458 2205 477 2225 R
487 2204 496 2223 1
505 2205 525 2223 v
535 2203 548 2224 s
557 2217 565 2230 ‚
582 2197 638 2223 vid.
661 2204 673 2223 s
683 2204 703 2222 v
713 2203 736 2223 s.
1448 2195 1518 2225 Add.
1533 2194 1608 2222 Idem
1620 2194 1711 2222 Pseud.
1724 2204 1743 2228 ι,
1757 2205 1776 2229 1,
1790 2199 1835 2232 64.
2397 2187 2404 2211 ⁵

334 2261 338 2262 .
376 2241 390 2261 s
402 2242 423 2261 v
432 2241 453 2260 A
464 2240 484 2260 R
497 2240 518 2259 N
530 2240 539 2258 1
549 2254 557 2266 ‚
578 2233 715 2259 Indomitae
732 2238 832 2269 gentes,
851 2239 918 2266 quae
928 2231 988 2260 auri
1001 2236 1103 2258 tantum
1114 2231 1221 2259 metalla
1233 2231 1262 2258 in
1281 2229 1387 2258 Caucasi

335 2270 421 2306 portis
434 2270 542 2296 fodiunt
562 2269 628 2295 Pliu.
641 2270 665 2299 6,
678 2276 714 2302 5ι.
1491 2293 1492 2296 ¹
1840 2271 1859 2302 S
1955 2272 1985 2302 V
2078 2273 2102 2304 B

571 2311 591 2329 v
761 2303 798 2330 id.
841 2309 862 2328 v
902 2309 920 2329 D
977 2323 983 2329 .
2367 2328 2369 2331 .

376 2312 455 2367 {X}
458 2312 534 2366 {¹12}
537 2312 561 2365 .S
580 2309 763 2373 [gidi’JR'Aii
781 2309 981 2366 fimsilitddirifierch
996 2338 1065 2371 suia,
1084 2340 1168 2375 inquit
1181 2339 1289 2366 Nonius
1305 2347 1325 2371 1,
1339 2346 1385 2371 190
1401 2335 1436 2361 60
1487 2345 1564 2367 sva.
1600 2337 1677 2374 [fin-d]
1697 2338 1863 2374 Praepofiu'o,
1878 2342 1979 2375 utrique
1992 2339 2060 2376 cafiaei
2066 2340 2166 2376 seruit,
2184 2344 2208 2366 et
2220 2335 2370 2374 Accusasiuo
2379 2357 2389 2378 ἦ
2432 2358 2434 2366 ,

336 2375 468 2409 Nigidius
480 2376 640 2401 Commento
653 2375 842 2408 grammatico,
861 2375 924 2401 Sunt
942 2375 1024 2401 etiarn
1041 2374 1218 2402 adfimilanter
1237 2375 1307 2402 dieta
1323 2374 1387 2401 haec
1450 2379 1503 2403 tiuo
1517 2386 1525 2401 .·
1559 2378 1679 2410 variaque
1702 2374 1843 2410 significat,
1868 2380 1897 2400 vt
1909 2375 2068 2410 sequentibus
2080 2375 2197 2409 exemplis
2210 2374 2319 2399 docetur.

337 2411 463 2443 canatim,
477 2411 582 2441 suatim,
596 2408 727 2439 bouaffln,
739 2417 807 2451 quae
821 2409 854 2434 ab
866 2410 1026 2436 animalibus
1040 2412 1190 2437 sumuntur.
1450 2411 1601 2447 Accusatiuo
1626 2411 1686 2446 fere
1715 2413 1845 2444 iungitur,
1865 2417 1938 2444 quum
1961 2413 2080 2444 temporis
2112 2411 2180 2435 velut
2206 2411 2303 2434 vicinia
2326 2407 2359 2442 fi
2431 2418 2434 2434 ι

379 2452 394 2473 s
406 2454 426 2473 v
437 2453 507 2472 AVl
517 2452 540 2477 s,
552 2454 575 2470 e.
596 2444 656 2471 Adi.
693 2440 776 2477 Didus,
793 2443 925 2477 μείλιχος]
960 2446 1059 2475 Dulcis,
1071 2445 1314 2480 iun-undanftnfibus
1332 2455 1387 2472 cum
1451 2449 1521 2475 Suet.
1537 2447 1566 2473 in
1581 2446 1648 2473 Tib.
1664 2455 1686 2471 c.
1704 2451 1731 2478 58
1765 2444 1819 2471 Sub
1831 2444 1904 2471 idem
1919 2450 2022 2478 tempus
2035 2443 2187 2470 consulente
2201 2444 2332 2470 Praetore.
2398 2440 2399 2459 l
2426 2456 2427 2459 =

338 2483 408 2510 molli
420 2481 523 2517 quodam
531 2480 614 2515 sensu.
704 2478 785 2504 Plaut.
800 2478 863 2505 Cist-
878 2487 897 2509 1,
911 2487 932 2509 1,
948 2485 975 2510 ι7
1001 2479 1116 2504 Ventum
1130 2479 1231 2511 &³¹¹3oe
1247 2480 1278 2505 ad
1292 2486 1318 2504 te
1332 2489 1387 2505 eea·
1454 2493 1474 2511 ι,
1487 2491 1514 2514 33
1534 2482 1639 2515 Qubus
1651 2481 1761 2508 inditiis
1777 2480 1824 2507 sub
1840 2486 1941 2514 tempus
1958 2488 2052 2514 pueros
2064 2485 2189 2506 venatum
2202 2478 2342 2513 ablegauit.

341 2519 397 2545 flor
412 2528 417 2543 t
452 2518 490 2543 ita
512 2516 593 2542 hodie
615 2514 658 2541 hic
677 2521 797 2548 acceptae
818 2514 906 2539 sumus
920 2512 1043 2539 fnanibus
1056 2513 1151 2539 modis.
1269 2513 1324 2538 Cic.
1339 2521 1388 2546 pro
1403 2515 1435 2545 63
1451 2517 1550 2546 Vell,1‚
1560 2525 1597 2546 12,
1611 2525 1636 2542 2,
1732 2517 1895 2549 Liu,22‚47‚
1905 2526 1922 2550 4
1944 2515 1997 2542 Sub
2009 2516 2136 2550 equestris
2150 2515 2229 2542 finem
2244 2514 2350 2542 cei-‘am’

341 2555 422 2581 Corn.
437 2552 511 2580 Balb.
526 2555 555 2583 36
575 2553 687 2582 Comes,
708 2549 833 2583 benigni,
852 2548 957 2580 faciles,
976 2550 1066 2574 suaues
1078 2548 1200 2575 homines
1225 2548 1273 2574 esse
1298 2547 1388 2573 dicun-
1453 2550 1488 2577 est
1502 2550 1622 2584 peditum
1636 2558 1737 2583 pugna,
1753 2551 1777 2576 h.
1791 2560 1808 2575 e.
1824 2551 1908 2576 Paullo
1919 2551 2069 2586 antefinem.
2165 2550 2218 2577 Sub
2233 2551 2318 2585 ipsum
2331 2550 2357 2576 fi

340 2596 396 2616 tur.
501 2588 566 2614 Non
579 2586 671 2613 eadem
686 2586 777 2611 omnia
788 2593 872 2619 aeque
887 2584 1011 2610 omnibus
1031 2584 1120 2611 suauia
1137 2585 1185 2610 else
1205 2583 1270 2609 scito
1305 2583 1389 2610 Plaut.
1453 2587 1518 2613 Aen·
1533 2593 1556 2618 ς,
1574 2590 1624 2616 328-
1702 2584 1769 2610 Adai.
1783 2585 1900 2611 Bon-ich.
1917 2586 1999 2621 Cogit.
2008 2593 2036 2621 p.
2049 2596 2101 2620 291.
2207 2586 2260 2613 Sub
2286 2586 2327 2621 pri
2345 2599 2355 2610 ι,
2399 2583 2401 2608 l
2433 2596 2434 2601 ι

342 2625 414 2652 Asin.
429 2633 449 2656 3,
465 2633 485 2655 3,
498 2632 530 2653 ςι,
608 2622 735 2649 Amicitia
749 2620 835 2647 suauis
856 2620 962 2646 Lucret.
977 2628 998 2651 1,
1013 2628 1065 2651 ¹42¹·
1154 2619 1210 2645 Cic.
1224 2619 1296 2645 Fam.
1312 2627 1340 2650 2,
1361 2627 1389 2645 12
1454 2620 1584 2647 Autumni
1612 2619 1688 2653 Virg.
1703 2619 1800 2654 Georg.
1814 2629 1834 2652 ι,
1849 2628 1898 2651 32¹.
1994 2620 2046 2647 Sub
2070 2621 2164 2647 horam
2185 2630 2286 2656 pugnae
2306 2627 2351 2649 tan

342 2661 415 2689 Nam
429 2666 454 2685 et
469 2658 632 2686 honorificus
645 2658 674 2684 in
689 2666 731 2684 me
745 2656 844 2683 Consul
857 2655 927 2688 fuit,
947 2662 972 2681 et
988 2654 1074 2681 suauis
1089 2655 1205 2681 Amicus.
1306 2654 1390 2679 Amor
1455 2662 1533 2690 pente
1553 2656 1648 2681 somno
1671 2654 1807 2688 deuterus,
1824 2661 1854 2681 vt
1873 2655 1905 2681 ad
1924 2655 2040 2682 dandum
2061 2656 2159 2690 siguum
2180 2657 2213 2683 ab
2230 2657 2322 2684 amicis
2345 2670 2357 2681 ..

344 2697 431 2723 suauis
452 2695 555 2721 Lucret.
572 2705 589 2726 1,
603 2702 658 2727 923.
731 2693 817 2719 Aurae
834 2693 924 2718 suaues
948 2691 1022 2717 Idem
1035 2699 1058 2723 3,
1073 2699 1128 2723 223.
1201 2689 1257 2716 Cic.
1272 2689 1341 2716 Fam.
1357 2697 1392 2721 13,
1402 2697 1437 2725 70
1454 2692 1525 2718 Suet.
1551 2690 1658 2725 August.
1679 2698 1700 2714 c.
1724 2692 1761 2717 16.
1857 2690 1910 2716 Sub
1934 2690 2036 2723 lucem,
2064 2693 2182 2729 Surgsnte
2192 2693 2244 2728 sole
2277 2694 2344 2729 Virg

343 2741 373 2764 27
394 2732 471 2758 Tum
486 2739 534 2765 pro
549 2729 674 2756 familiari
686 2727 883 2755 Consuetudiue
894 2727 966 2762 saepe
982 2735 1012 2753 ex
1026 2736 1068 2753 me
1082 2725 1200 2752 audierat
1215 2734 1293 2759 quam
1306 2725 1393 2751 suauis
1457 2736 1518 2760 445.
1555 2727 1580 2753 h.
1593 2735 1613 2752 e.
1634 2724 1719 2752 Paullo
1744 2731 1800 2751 ante
1822 2726 1908 2753 lucem.
2017 2727 2069 2754 Sub
2091 2727 2157 2754 lucis
2170 2734 2261 2755 ortum
2286 2729 2361 2761 Liu.

343 2769 405 2795 esset
419 2767 488 2792 inter
501 2775 564 2797 nos,
585 2771 610 2792 et
623 2769 721 2800 quanta
731 2763 895 2790 coniunctio.
987 2762 1078 2789 Florcs
1092 2763 1182 2788 suaueu
1208 2761 1312 2787 Lucret.
1329 2770 1347 2793 1,
1368 2768 1395 2795 7.
1460 2770 1503 2797 27,
1515 2770 1546 2795 15.
1649 2760 1732 2787 Primi
1747 2761 1792 2787 sub
1806 2761 1904 2788 lumina
1919 2761 1979 2787 solis
1993 2768 2018 2789 et
2031 2770 2104 2790 ortus
2124 2764 2198 2799 Virg.
2212 2765 2275 2791 Aen.
2290 2767 2315 2797 6,
2325 2773 2339 2791 2
2357 2780 2363 2790 :
2425 2763 2434 2786 ’1

344 2803 452 2831 Herbae
466 2804 556 2829 suaues
575 2801 650 2836 Virg.
664 2800 754 2833 Ec1.2,
767 2809 811 2833 49.
902 2798 993 2825 Homo
1008 2798 1111 2830 suauis,
1131 2806 1177 2832 per
1189 2797 1304 2823 ironiam
1323 2797 1393 2823 Ter.
1458 2798 1580 2828 tiodiem,
1602 2798 1739 2831 Incipiente
1764 2797 1834 2823 noble
1862 2799 1931 2824 Hor.
1953 2799 2040 2825 Carm.
2062 2809 2080 2833 ι,
2104 2807 2130 2832 9,
2157 2808 2192 2832 19.
2266 2800 2337 2828 Suet.
2357 2824 2359 2826 .
2432 2796 2434 2799 ¹

345 2840 453 2866 Phorm.
471 2847 493 2869 2,
508 2848 527 2870 3,
541 2841 584 2871 64.
666 2836 768 2871 Lingua
782 2834 866 2861 suauis
886 2835 990 2861 Lucret.
1006 2843 1026 2867 1,
1039 2843 1099 2867 414.
1190 2832 1324 2867 Loquelae
1338 2833 1394 2858 sua·
1459 2834 1532 2861 Caes.
1549 2832 1612 2860 Bell.
1631 2831 1712 2859 Ciuil.
1728 2840 1748 2865 ι,
1763 2838 1790 2862 28
1816 2833 1956 2869 Pompeius
1976 2834 2023 2861 sub
2042 2835 2148 2861 noeiem
2162 2844 2242 2862 naues
2254 2836 2343 2863 soluit.

344 2884 392 2903 ves
412 2874 484 2900 Idem
501 2883 521 2906 1,
534 2882 580 2906 40.
668 2872 759 2899 Sermo
774 2872 880 2897 suauior
899 2871 966 2898 Hor.
980 2870 1061 2896 Serm.
1078 2878 1098 2901 1,
1112 2878 1150 2900 10,
1166 2877 1203 2900 23.
1296 2869 1395 2902 Sopore
1410 2870 1442 2898 75
1461 2870 1511 2896 hoc
1525 2876 1628 2903 tempus
1647 2869 1715 2894 Hor.
1731 2868 1808 2902 Epist.
1822 2877 1846 2899 2,
1862 2877 1887 2901 2,
1902 2878 1944 2903 34.
2052 2871 2103 2897 Sub
2118 2870 2213 2897 iudicii
2226 2876 2328 2906 tempus
2366 2898 2369 2899 ι

345 2911 421 2938 suaui
437 2909 559 2936 deuinxit
571 2907 691 2935 membra
710 2908 816 2934 Lucret.
832 2916 863 2938 4,
883 2913 940 2938 455.
1047 2906 1142 2941 Superi.
1181 2904 1275 2931 Vellei.
1298 2906 1396 2931 Patere.
1461 2906 1533 2933 Caes.
1546 2904 1610 2931 Bell.
1625 2903 1692 2929 Gall.
1709 2911 1731 2935 2,
1746 2912 1771 2935 33
1790 2904 1842 2931 Sub
1855 2905 1992 2939 vesperum
2005 2906 2099 2933 Caesar
2113 2912 2201 2942 portas
2213 2907 2300 2934 claudi
2312 2907 2347 2934 m¹
2366 2919 2367 2922 ¹

346 2956 373 2980 2,
392 2955 443 2979 114,
460 2954 469 2972 1
510 2946 535 2972 O
555 2953 612 2971 rem
632 2942 795 2979 experientia
812 2941 994 2968 suauissimam.
1103 2940 1186 2967 Plaut.
1199 2940 1262 2966 Cist.
1277 2948 1301 2973 ι,
1322 2949 1350 2973 3,
1366 2949 1398 2973 45
1462 2940 1563 2976 oppido
1575 2940 1647 2967 exire
1661 2938 1738 2964 iussit.
1843 2940 1900 2967 Cic.
1917 2942 1968 2974 Q1-
1982 2942 2051 2968 Frat.
2065 2950 2090 2974 2,
2105 2950 2114 2968 1
2131 2943 2220 2969 Mense
2234 2942 2361 2970 Decemb·-

345 2984 430 3010 Amor
443 2980 613 3007 suauiffinms.
782 3007 796 3012 „
1465 2977 1553 3004 festos.
1648 2974 1702 3000 Sub
1716 2983 1763 3001 νοῦ
1774 2975 1862 3008 placo,
1876 2983 1927 3011 pro
1943 2976 2073 3011 Supplico.
2110 2977 2197 3004 Festus
2212 2988 2218 3003 ε
2253 2978 2305 3006 Sub
2318 2986 2362 3006 νο

383 3025 396 3044 s
408 3024 426 3042 V
437 3024 457 3043 A
468 3016 537 3042 vi'T
548 3022 570 3042 A
583 3022 609 3047 S,
623 3014 683 3041 atis.
703 3013 723 3040 f.
762 3011 845 3046 [ἦδος]
880 3011 997 3039 ΟυΙεεᾱο.
1033 3010 1088 3038 Cic.
1103 3011 1155 3037 Au.
1169 3012 1194 3043 6,
1209 3013 1237 3037 16
1255 3012 1353 3038 Miram
1369 3010 1398 3037 in
1463 3012 1585 3047 precibus
1600 3010 1657 3036 fere
1671 3019 1730 3036 cum
1745 3009 1860 3044 dicitur,
1878 3012 2004 3046 significat
2017 3012 2089 3040 idem
2103 3013 2175 3048 quod
2189 3014 2329 3048 Supplico,
2394 3010 2405 3034 s

347 3062 381 3079 eo
396 3052 532 3087 pietatem,
545 3050 710 3081 suauitatem,
724 3048 968 3082 humanitatemque
983 3046 1109 3081 perspexi.
1180 3045 1252 3072 Idem
1267 3048 1338 3073 Fam.
1353 3056 1373 3079 3,
1387 3056 1397 3073 1
1417 3048 1449 3074 80
1464 3049 1512 3076 bus
1527 3059 1534 3079 ;
1571 3046 1685 3079 Transq.
1699 3045 1776 3080 dato,
1796 3047 1891 3083 endoq.
1912 3048 2014 3081 plorato
2032 3057 2037 3073 :
2067 3055 2117 3084 pro
2137 3054 2162 3076 et
2180 3049 2300 3077 Tradito
2312 3055 2338 3077 et
2349 3049 2367 3077 i
2383 3053 2388 3064 ·’
2404 3043 2405 3048 ’

347 3089 389 3115 Sic
404 3087 478 3114 enim
490 3087 542 3113 tibi
556 3085 697 3120 persuade,
718 3083 874 3111 carissimum
888 3088 913 3109 te
926 3082 995 3109 mihi
1008 3083 1073 3114 esl‘e,
1089 3090 1169 3115 quum
1185 3085 1291 3117 propter
1304 3083 1398 3109 multas
1461 3084 1514 3111 Sub
1532 3085 1626 3117 Iugum
1643 3082 1715 3107 mitti
1732 3082 1855 3110 dicuntur
1870 3083 1955 3110 hostes
1970 3083 2052 3116 vieti,
2072 3085 2125 3111 uid.
2151 3090 2265 3112 IVGVM
2283 3095 2306 3114 n⁴
2317 3093 2337 3119 ς,

348 3124 489 3151 suauitates
504 3122 622 3156 ingenii,
641 3119 739 3151 officii,
759 3119 930 3146 humanitatis
945 3125 1014 3144 tuae.
1088 3118 1152 3143 Non
1165 3126 1275 3150 aurum,
1296 3127 1343 3144 nec
1358 3127 1397 3145 ar-
1462 3119 1538 3154 Epid.
1554 3127 1577 3149 2,
1594 3127 1615 3149 2,
1629 3126 1657 3149 32
1683 3117 1825 3152 Pleraeque
1845 3119 1893 3146 hae
1912 3120 1959 3145 sub
1978 3119 2141 3147 vestimentis
2158 3121 2244 3147 secum
2272 3119 2373 3148 habeb

349 3167 474 3196 gentum,
491 3167 538 3185 nce
551 3157 678 3191 exquisita
692 3156 796 3191 ingenia
810 3163 952 3182 coenarum
960 3171 976 3187 ,·
989 3153 1032 3180 sed
1047 3153 1202 3179 suauitatem
1221 3159 1291 3179 tuam
1307 3155 1397 3180 iucun-
1464 3155 1517 3183 Sub
1533 3154 1652 3181 Aducntu
1665 3152 1747 3192 hostis
1768 3154 1839 3181 Flor.
1854 3164 1877 3187 2,
1893 3164 1924 3188 11,
1937 3163 1958 3188 5.
2051 3156 2103 3182 Sub
2117 3156 2182 3182 aede
2197 3156 2300 3183 Saturni
2319 3157 2350 3183 Su
2405 3169 2408 3194 ι

350 3196 512 3228 ditatemque
526 3194 656 3220 miramur
674 3192 741 3218 Plin.
757 3193 848 3225 Paneg.
864 3200 884 3217 c.
900 3199 943 3223 49.
1016 3188 1115 3215 Odoris
1131 3188 1244 3214 suauitas
1277 3190 1349 3215 Idem
1366 3199 1398 3221 ιε,
1464 3193 1489 3217 6.
1584 3188 1636 3215 Sub
1657 3189 1756 3222 Aliquo
1775 3197 1852 3223 agere
1871 3190 1989 3225 aliquid,
2005 3193 2022 3217 ι’.
2038 3192 2072 3217 ad
2085 3198 2170 3218 nutum
2183 3193 2289 3219 alicuius
2304 3203 2311 3218 .·
2345 3192 2375 3223 vl}-
2406 3208 2407 3226 ι

351 3239 386 3258 12.
478 3230 542 3256 Oris
557 3228 668 3256 suauitas
687 3227 818 3261 Quinelil.
832 3226 861 3252 in
876 3227 997 3253 Prooem.
1010 3228 1034 3254 6.
1141 3224 1274 3250 Sermonis
1288 3225 1400 3252 suauitas
1417 3229 1445 3258 85
1463 3226 1497 3253 ad
1509 3225 1600 3260 Script.
1618 3225 1677 3252 Veri.
1691 3230 1716 3259 p.
1730 3233 1779 3253 131.
1887 3227 1960 3260 Virg.
1972 3227 2036 3252 Aen.
2050 3233 2072 3259 8,
2085 3229 2130 3254 616
2150 3228 2229 3254 Arma
2244 3228 2290 3255 sub
2303 3227 2351 3255 adu
2372 3242 2374 3244 -
2391 3230 2407 3252 ἰ

350 3267 427 3294 Idem
439 3265 506 3292 ibid.
519 3267 543 3292 6.
618 3264 675 3291 Cic.
691 3263 723 3289 de
737 3264 812 3289 Orat.
827 3271 839 3293 3
853 3271 875 3287 c.
889 3271 918 3289 ιι.
1465 3261 1595 3288 radiantia
1609 3268 1714 3295 quercu·
1821 3260 1909 3294 Nunc,
1922 3262 1998 3293 olim,
2011 3269 2082 3296 tunc,
2097 3262 2143 3289 sub
2157 3263 2325 3296 Alexandro,
2347 3265 2371 3290 i.
2407 3290 2408 3298 ἵ

389 3308 464 3329 st
477 3307 497 3327 v
509 3300 652 3332 ITVDO,
665 3298 725 3324 inis.
752 3298 770 3324 f.
807 3295 979 3331 [ἡδυπάθεια]
1016 3296 1092 3322 Idem.
1131 3295 1213 3322 Plaut.
1236 3296 1315 3322 Stich.
1334 3305 1364 3329 ς,
1378 3305 1400 3330 5,
1464 3296 1606 3325 Alexandri
1627 3294 1758 3327 Quinfflil.
1772 3302 1795 3327 5,
1813 3305 1851 3322 10.
1958 3298 2018 3324 Liu.
2031 3307 2070 3332 23,
2086 3306 2111 3332 1,-
2136 3298 2188 3325 Sub
2210 3299 2350 3326 aduentum
2365 3301 2385 3321 15.
2407 3302 2408 3330 ι

354 3346 385 3370 ¹4
405 3339 460 3371 Age
472 3336 554 3363 mulsa
569 3343 644 3367 mea,
662 3331 803 3360 suauitudo
813 3353 821 3365 ,
841 3333 912 3359 salta.
984 3331 1085 3357 Αιιᾶοτ
1099 3329 1130 3356 ad
1143 3331 1259 3357 Herenn.
1274 3341 1335 3363 3‚2z
1349 3342 1369 3358 c.
1379 3341 1400 3358 ιε
1464 3333 1579 3360 Romani
1592 3332 1691 3358 Poenus
1704 3339 1768 3364 agro
1789 3331 1899 3358 Nolano
1914 3333 2024 3360 excessit.
2118 3333 2171 3360 Sub
2185 3336 2271 3361 Armis
2292 3335 2378 3369 Virg.‘·
2407 3359 2409 3365 ,
2433 3328 2434 3336 ’

353 3374 489 3407 Qioniam
503 3372 586 3406 igitur
599 3379 639 3397 res
652 3368 759 3396 eaedem
778 3368 850 3394 vocis
870 3367 1048 3399 firmitudini,
1066 3372 1092 3393 et
1106 3367 1330 3399 pronuntiationis
1346 3369 1401 3394 sua-
1465 3371 1515 3395 116.
1544 3370 1562 3394 ι’.
1575 3373 1693 3394 armatus.
1800 3366 1853 3393 Sub
1875 3368 1970 3394 Castris
1996 3368 2102 3396 Afranii
2125 3369 2242 3397 constitit
2262 3371 2334 3397 Caes.
2353 3373 2370 3393 Γ
2407 3368 2408 3371 ’

353 3408 472 3435 vitudini
486 3407 604 3441 prosunt.
637 3406 727 3442 Aliqui
739 3406 823 3439 legunt
838 3402 976 3429 Suauitati.
1048 3402 1122 3437 Conf-
1135 3401 1201 3428 Gell.
1219 3412 1278 3434 13‚3.
1326 3404 1400 3430 Tur-
1410 3413 1445 3438 90
1463 3405 1516 3431 Sub
1546 3402 1714 3436 conditione,
1736 3402 1770 3427 Ea
1791 3402 1857 3438 lege,
1873 3402 1919 3429 hoc
1927 3402 2013 3438 passo.
2081 3405 2137 3432 Cic.
2150 3414 2199 3440 pro
2210 3405 2354 3438 Arch.2,-c.

355 3443 404 3477 pil.
417 3451 457 3478 ap,
470 3444 544 3470 Non.
557 3451 583 3474 2,
595 3448 657 3477 797.
753 3438 959 3465 Suauitudinum
971 3437 1087 3464 mollitie
1100 3437 1157 3471 capi
1177 3437 1292 3465 Laetam.
1308 3441 1336 3469 6,
1356 3448 1398 3465 22.
1464 3449 1495 3466 ex
1514 3439 1556 3466 his
1570 3437 1664 3470 rebus,
1683 3445 1744 3471 quas
1756 3442 1818 3462 tunc
1831 3437 1976 3471 vendebat,
1996 3439 2088 3468 iubere
2101 3441 2126 3467 ei
2139 3442 2286 3475 praemium
2306 3440 2360 3468 trib*

392 3479 602 3505 stv'ITER.
630 3475 697 3503 Adu.
734 3472 839 3508 [ἧὸέως]
877 3473 931 3500 Cic.
946 3473 1025 3499 Acad.
1038 3483 1066 3506 4,
1080 3481 1121 3504 139
1137 3481 1200 3503 c.45
1219 3474 1399 3501 Veruntamen
1464 3474 1635 3506 conditione,
1653 3482 1685 3499 ne
1706 3471 1770 3506 quid
1801 3473 1888 3507 postea
1910 3474 2045 3502 scriberet.
2152 3477 2218 3504 Suet.
2244 3477 2309 3503 Ner.
2333 3485 2352 3503 c.

355 3511 437 3538 video
457 3522 533 3547 quam
558 3513 676 3539 suauiter
702 3512 824 3545 voluptas
850 3509 963 3536 sensibus
983 3508 1078 3534 nostris
1097 3507 1254 3535 blandiatur.
1326 3510 1399 3537 Idem
1465 3520 1522 3538 rem
1536 3509 1634 3536 occidit
1651 3507 1697 3535 sub
1707 3507 1827 3534 Crimine
1842 3508 2045 3538 adulteriorum.
2134 3512 2206 3548 Cous.
2221 3512 2289 3539 Tac.
2303 3512 2339 3538 Hi
2357 3524 2361 3533 ι
2409 3511 2411 3517 ’

359 3548 431 3575 Fam.
446 3557 478 3579 ις,
491 3557 514 3574 21
537 3550 614 3575 Nunc
628 3548 659 3574 ad
675 3546 813 3582 epistolam
826 3545 923 3577 venio,
942 3544 985 3570 cui
998 3543 1104 3576 copiose
1117 3549 1142 3569 et
1157 3544 1271 3570 suauiter
1289 3546 1399 3579 scriptae
1465 3548 1507 3574 Sic
1552 3555 1607 3571 mox
1645 3544 1692 3570 sub
1732 3544 1902 3578 Exceptione.
2016 3545 2070 3573 Sub
2108 3547 2214 3574 Corona
2245 3547 2338 3574 venire

358 3582 426 3609 nihil
448 3583 483 3608 cst
509 3584 578 3616 quod
603 3584 685 3610 multa
711 3581 888 3616 respondeam.
983 3579 1071 3613 Loqui
1099 3579 1155 3605 Cic.
1174 3579 1205 3604 de
1219 3580 1292 3607 Orat.
1308 3590 1317 3612 3
1331 3590 1351 3607 c.
1369 3590 1400 3608 11.
1415 3589 1448 3615 93
1467 3582 1530 3617 quia
1544 3580 1644 3615 captiui
1658 3579 1779 3606 coronati
1792 3581 1876 3607 solent
1889 3582 1999 3615 venire,
2015 3588 2043 3609 vt
2056 3582 2093 3609 ait
2108 3583 2173 3609 Cato
2187 3582 2215 3608 in
2228 3591 2276 3615 eo,
2296 3583 2342 3619 qui
2361 3608 2363 3610 ,

358 3618 433 3646 Idem
447 3618 479 3644 de
493 3619 550 3644 Fin.
565 3627 583 3649 1,
597 3626 629 3651 54
644 3629 664 3645 c.
680 3621 707 3644 16
729 3619 759 3644 Et
774 3616 883 3644 secunda
897 3614 1010 3642 iucunde
1023 3623 1052 3640 ac
1064 3614 1178 3640 suauiter
1192 3616 1402 3643 meminerimus.
1466 3616 1594 3648 militari,
1614 3617 1649 3642 Vt
1661 3614 1772 3648 populus
1786 3617 1855 3649 suus,
1875 3617 1920 3644 sua
1933 3626 2012 3651 opera
2024 3617 2112 3652 potius
2125 3616 2160 3644 ob
2173 3626 2229 3644 rem
2243 3617 2310 3645 bene
2321 3621 2360 3653 ge
2411 3647 2412 3651 Ἰ

360 3655 457 3681 Dicere
483 3654 539 3679 Cic.
554 3653 586 3679 de
601 3654 729 3680 Cl.'Orat.
743 3663 765 3679 c.
780 3662 815 3680 21.
882 3652 968 3678 Multo
982 3650 1085 3676 suauius
1106 3650 1173 3676 Hor.
1189 3650 1271 3677 Serm.
1286 3660 1310 3684 2,
1325 3658 1346 3682 3,
1361 3660 1401 3685 89.
1466 3659 1542 3680 natus
1555 3651 1728 3686 supplicatum
1741 3656 1797 3683 eat,
1815 3661 1894 3686 quam
1908 3661 1937 3679 re
1952 3653 2019 3679 male
2032 3653 2100 3687 gesta
2112 3659 2250 3686 coronatus
2263 3662 2359 3680 venen
2394 3670 2412 3686 ᾗ,

360 3689 475 3723 Populus
489 3688 537 3715 sibi
552 3689 665 3715 suauitcr
679 3690 784 3715 faciens
804 3690 907 3715 Petron.
921 3696 943 3713 c.
957 3694 994 3721 7¹.
1102 3686 1200 3724 Viuere
1217 3687 1321 3713 suauius
1334 3689 1401 3715 Hor.
1468 3695 1521 3715 tem
1535 3687 1633 3721 signum
1647 3685 1698 3719 est,
1714 3685 1783 3712 nihil
1797 3688 1922 3721 praestari
1936 3697 1949 3714 a
1962 3690 2078 3723 populo,
2095 3687 2165 3722 quod
2178 3688 2257 3714 etiam
2272 3689 2341 3716 Plaut
2354 3689 2359 3693 ’
2377 3698 2378 3701 ’

362 3727 413 3751 Sat.
429 3734 447 3756 1,
460 3727 485 3753 6.
501 3733 550 3755 ιγ).
656 3724 814 3750 Amicissime
827 3730 852 3750 et
866 3723 1009 3749 suauiffime
1022 3726 1095 3756 optas
1133 3722 1189 3747 cic.
1204 3723 1274 3750 Fam.
1290 3732 1310 3755 3,
1327 3732 1361 3756 ις,
1374 3733 1402 3757 4.
1469 3724 1499 3750 in
1514 3721 1645 3756 Hortulo,
1664 3721 1765 3754 Fragm.
1780 3730 1799 3754 1,
1816 3731 1855 3749 101
1875 3724 1970 3750 Praeco
1984 3724 2024 3750 ibi
2036 3722 2099 3750 adsit
2112 3731 2171 3750 cum
2184 3732 2297 3757 corona,
2318 3732 2346 3750 eu

362 3759 513 3787 Suauislime
532 3758 564 3785 ad
584 3767 644 3784 eum
666 3765 689 3783 et
701 3758 882 3786 humanislime
894 3758 1010 3792 Scriptae
1025 3757 1118 3784 literae
1138 3757 1193 3783 Cic.
1205 3758 1276 3785 Fam.
1287 3768 1319 3791 13,
1335 3764 1370 3792 ιε,
1384 3768 1403 3786 ι.
1415 3763 1571 3789 100veneat.
1665 3757 1732 3783 Haec
1741 3757 1837 3785 Festus.
1870 3759 1928 3784 Vid.
1946 3765 2087 3786 COR-ONA
2108 3767 2132 3784 n.
2145 3767 2168 3789 3-
2259 3761 2299 3787 Sic
2312 3756 2391 3792 Sub

365 3795 432 3822 ΑΜ.
448 3795 515 3821 Ibid.
531 3797 568 3824 16,
582 3802 616 3823 η,
631 3802 663 3825 ¹3-
1469 3794 1529 3820 nire
1553 3792 1612 3819 Liu.
1634 3799 1673 3824 23,
1692 3800 1728 3824 37·
1764 3793 1817 3819 vid.
1840 3801 1959 3821 HASTA.
2065 3794 2140 3819 Varr.
2153 3793 2185 3819 de
2199 3794 2230 3821 R.
2245 3795 2275 3821 R.
2289 3803 2315 3827 3,
2327 3791 2398 3828 1451*-

401 3837 413 3855 s
423 3837 442 3854 v
452 3838 473 3856 A
483 3837 504 3855 v
518 3836 540 3857 Ε,
559 3829 627 3855 Adu.
663 3829 819 3863 [μειλίχαις]
857 3829 924 3855 Idem
936 3828 999 3863 quod
1012 3827 1141 3854 Suauiter.
1177 3827 1251 3863 Virg.
1271 3829 1324 3855 Ecl.
1339 3839 1359 3861 3,
1373 3831 1403 3862 63
1468 3828 1579 3856 idoneus
1607 3826 1653 3852 sub
1673 3827 1726 3854 Dio
1744 3829 1883 3855 sumendus
1897 3829 1933 3855 est
1946 3830 2017 3856 locus
2030 3827 2198 3862 cochleariis,
2220 3839 2297 3864 quein
2309 3823 2404 3855 totuiw

365 3878 410 3885 —-
446 3866 475 3891 Et
489 3866 565 3891 suaue
578 3864 675 3891 rubens
688 3862 851 3895 hyacinthus.
922 3864 994 3890 Idem
1014 3864 1066 3889 Ecl.
1080 3873 1108 3897 4,
1121 3871 1161 3896 43.
1467 3871 1534 3898 aqua
1551 3861 1661 3888 claudas.
1767 3865 1808 3891 Sic
1820 3865 1886 3899 apud
1897 3864 2028 3891 Columel.
2044 3872 2064 3896 1,
2075 3869 2089 3892 8
2109 3863 2207 3891 Nullus
2220 3866 2274 3893 dies
2286 3871 2336 3892 tam
2345 3861 2391 3899 int?
2402 3871 2405 3875 ·

402 3905 445 3925 sv
456 3907 476 3925 A
487 3908 505 3926 v
516 3907 531 3926 E
542 3907 610 3925 01.ss
621 3906 642 3925 N
654 3906 682 3930 s,
700 3899 776 3925 entis.
803 3899 862 3925 Adi.
904 3899 1149 3932 Catull.Carm.62‚
1161 3907 1175 3931 7
1196 3899 1336 3927 Amaracus
1349 3900 1405 3927 sua·
1469 3899 1501 3925 lis
1515 3897 1568 3929 est,
1589 3906 1643 3931 quo
1662 3906 1716 3924 non
1735 3899 1781 3925 sub
1802 3900 1874 3927 Diuo
1889 3899 1982 3927 moliri
1996 3898 2099 3934 aliquid
2114 3899 2195 3932 poffit.
2300 3895 2410 3930 Sub-,9¹⁰3

364 3933 480 3961 veolenu.
549 3934 623 3971 Cous.
637 3933 738 3962 Arnob.
752 3942 765 3960 2
785 3942 810 3967 p.
825 3938 863 3967 85.
1416 3945 1460 3973 ,ος
1466 3941 1529 3969 pere
1542 3933 1647 3961 somnos
1663 3934 1737 3969 Virg.
1751 3935 1850 3971 Georg.
1863 3944 1883 3968 3,
1895 3943 1956 3969 434.
2062 3933 2115 3961 Sub
2128 3935 2244 3964 Domina
2256 3931 2391 3963 meretrice,
2404 3933 2416 3968 ¹¹

2405 3968 2409 3985 l
