2434 4156
78 117 123 155 37
454 93 708 156 QVI
1561 87 1829 144 Qvi
2179 97 2225 142 38

83 188 304 225 rai-etproiicisci?
323 186 378 215 Cic.
391 185 469 215 Catii.
483 195 500 213 2
514 195 534 212 c.
548 188 572 212 6.
625 182 699 217 Quid
712 182 816 216 veniat,
834 182 940 209 scitatur
953 180 1034 209 Ouid.
1048 181 1112 211 Met.
1176 190 1247 215 reor,
1260 187 1306 208 etc.
1376 179 1446 206 Ter.
1460 179 1525 205 Eun.
1540 185 1601 218 535,
1615 186 1646 204 20
1680 176 1795 218 Primam
1816 175 1886 217 dices
1900 175 1969 208 seio,
1981 177 1998 204 fi
2018 180 2135 208 videris?
2155 179 2224 216 quid

85 238 99 255 2
118 229 175 254 622.
228 224 329 251 Deinde
343 223 484 255 nunciato,
501 222 564 256 quid
579 219 715 248 adueneris
729 218 807 252 Apul.
822 219 885 244 Met.
899 220 916 244 6
930 227 954 252 p.
968 223 1014 248 181.
1039 217 1113 253 Conf.
1177 219 1260 244 nuulta
1274 215 1372 244 verba?
1393 224 1480 241 amare
1500 223 1586 249 coepi.
1659 213 1733 253 (Qud
1753 212 2057 253 nuilus-„uotorsidem
2072 217 2153 244 Andr,
2166 225 2186 249 1,
2200 224 2222 249 1,

84 247 180 292 ldescio
199 260 272 295 quid.
342 259 418 293 Virg.
433 259 499 285 Aen.
520 266 538 288 1,
557 265 610 292 749
637 254 711 289 Quid
731 259 830 280 tantum
844 254 952 280 Oceano
971 259 1114 288 properent
1178 261 1219 288 57.
1293 252 1379 279 Eadem
1393 251 1453 286 fere
1465 253 1562 277 ratione
1578 249 1663 275 dicum
1677 247 1751 289 Qud
1765 249 1889 288 quaeris?
1907 255 1935 274 vt
1950 249 2007 274 cue.
2023 252 2075 277 Λα.
2088 260 2108 285 1,
2124 261 2154 279 11.
2183 261 2223 279 10.
2256 258 2259 268 s

82 298 109 325 se
121 298 221 329 tingere
233 296 308 323 soles.
379 295 446 322 Ter.
459 293 554 320 Heaut.
574 301 596 325 3,
611 301 636 324 z,
653 296 678 320 18
711 290 778 316 Scin'
797 290 846 316 effe
864 289 964 316 facium
985 295 1014 315 vt
1035 288 1114 315 dico?
1181 298 1214 321 13.
1270 289 1338 315 Hor.
1351 287 1430 321 Epist.
1442 296 1462 319 1,
1479 295 1518 318 10,
1531 292 1545 315 8
1566 286 1642 325 Quid
1652 289 1773 324 quaeris?
1795 292 1861 310 vuuo
1878 291 1904 309 et
1917 292 2017 318 regno,
2029 285 2101 325 11111111
2121 288 2171 314 ista
2181 297 2224 315 re-

83 339 110 360 c.
123 331 187 367 quid
200 340 248 366 ego
261 330 389 358 nesciam?
458 329 532 356 Idem
545 329 608 356 Eun.
619 337 638 359 3,
654 334 677 359 5,
691 334 712 352 11
738 325 812 359 Quid
830 324 866 351 est
880 324 953 359 quod
972 325 1055 350 laetus
1068 324 1114 350 fis?
1137 324 1152 350 5
1180 323 1264 358 liqui,
1285 326 1361 356 Quae
1379 331 1427 349 vos
1442 320 1473 347 ad
1487 321 1588 348 caelum
1602 321 1701 347 eflertus
1720 328 1828 346 rumore
1847 319 1968 345 secundo.
2041 322 2098 347 Cic.
2112 323 2144 349 de
2158 325 2223 351 Nat,

84 368 147 402 quid
161 366 213 394 fibi
227 367 284 394 vis?
333 367 389 393 Cic,
402 366 477 392 Vei-r,
491 375 512 396 2,
524 373 560 398 49
588 362 660 395 Quid
675 361 711 387 est
731 361 804 396 quod
815 367 845 387 tu
858 361 931 394 ⁴alios
952 361 1070 386 accuses?
1097 362 1116 386 ι’.
1181 362 1263 387 Deor.
1284 368 1308 392 2,
1324 362 1370 385 160
1399 357 1473 391 Quid
1505 356 1722 388 multiuudinem,
1742 355 1952 389 suauuitatcmquc
1983 355 2093 390 piscium
2121 358 2225 386 dicam?

84 402 154 438 Qid
178 401 211 436 est
230 405 257 429 in
275 401 362 438 causti,
380 401 441 437 quid
465 401 496 434 est
516 399 682 437 quamohrem,
706 400 746 424 vel
759 403 863 432 propter
882 395 955 432 quod.
1061 395 1117 422 Cic.
1179 396 1330 430 Simpliciter
1344 393 1443 421 videtur
1456 400 1601 420 conmunire
1615 395 1749 418 orationem
1764 393 1830 417 velue
1844 398 1891 426 per
1900 394 2114 431 praeteritionem.
2169 396 2224 421 Cic.

50 439 52 441 ’
85 438 142 466 Λᾶ.
157 438 185 465 111
199 439 273 465 Verr.
287 440 306 469 1,
320 443 348 470 38
368 447 389 464 c.
410 446 433 469 13
473 435 615 471 Cognoscet
639 441 670 459 ex
695 440 737 459 nue
753 432 866 467 Populus
891 433 968 458 Rom.
990 430 1057 466 quid
1080 431 1118 462 iit,
1181 431 1213 457 de
1227 430 1289 456 Nat.
1304 431 1384 456 Deor.
1399 439 1421 463 ε,
1439 438 1482 462 1²9
1509 429 1583 462 Quid
1598 429 1684 454 dicam
1700 433 1810 462 quantus
1825 435 1900 453 amor
1920 429 1950 452 111
1965 426 2107 453 bestiarum
2121 427 2148 454 in
2161 430 2222 455 edu.

84 473 272 509 quamobrem,
286 482 345 499 cum
359 473 478 508 equester
487 471 551 500 ordo
570 469 716 500 iudicaret,
733 482 779 488 —
798 477 832 494 ne
850 467 995 494 tenuissima
1009 467 1118 502 quidem
1180 465 1268 493 candis
1282 465 1511 499 custodiendisque
1524 465 1575 497 iis,
1587 472 1654 497 quae
1672 468 1887 503 procreant-runt.
1923 463 1954 488 Et
1969 468 2009 492 128
2036 463 2108 503 Quid
2122 464 2225 498 loquar,

85 509 196 543 suspicio
216 524 261 529 —
278 508 418 535 constituta
430 509 474 535 fit:
491 505 554 542 quid
569 504 617 537 sut,
636 503 708 540 quod
727 518 771 524 —
792 503 962 537 (ζα-1111111115
981 502 1118 529 damnatus
1135 509 1164 530 to
1182 508 1277 537 quanta
1297 503 1366 527 ratio
1382 503 1409 527 ’111
1425 501 1512 528 bestiis
1527 505 1658 534 appareat.
1730 498 1804 531 Quid
1819 499 1871 524 uta?
1889 507 1939 524 vna
1955 507 2018 538 pars.
2026 499 2172 538 orationis,
2186 503 2225 526 in-

83 545 182 571 dixerit
201 559 246 564 —
266 543 330 579 quid
343 544 389 577 iit,
402 544 474 579 quod
485 541 609 576 septimio
623 540 746 567 damnato
765 553 811 559 —-
832 538 864 565 lis
878 539 1011 565 aestimata
1024 538 1119 571 sunere.
1181 541 1236 573 quit
1251 538 1384 568 Donatus,
1400 546 1448 571 pro
1461 535 1654 570 Quamobrem.
1690 534 1758 561 Ter.
1774 534 1856 560 Andr.
1870 542 1893 564 z,
1908 542 1927 566 1,
1943 542 1973 566 ¹4
1995 534 2019 560 Su
2041 535 2068 560 ud
2084 535 2165 568 facis,
2178 535 2225 561 ho-

83 580 140 607 Cic.
152 580 184 606 de
197 579 284 606 Finib.
298 589 317 612 1,
331 588 358 612 33
386 582 459 607 Hanc
469 585 516 612 ego
529 586 610 612 quum
630 582 731 602 teneam
750 575 922 606 sententiam,
942 575 1006 609 quid
1018 575 1053 601 cst
1071 583 1117 601 cur
1181 574 1225 600 die
1245 572 1405 607 postremum
1426 582 1468 599 me
1488 572 1578 604 vides,
1601 578 1624 597 r.
1644 570 1708 604 quid
1728 571 1782 596 ita?
1809 575 1838 595 c.
1853 569 1897 595 hei
1917 569 2002 601 unihi,
2016 579 2112 596 vereor
2128 571 2225 597 dicere.

83 624 193 648 verear,
206 624 239 642 ne
254 615 287 642 ad
311 624 367 642 canu
391 621 453 642 non·
469 613 557 648 possiun
583 610 782 639 accommodare
811 611 968 645 Torquatos
998 610 1116 637 nostros?
1180 608 1221 642 Est
1237 616 1358 643 unapars
1371 612 1507 640 orateonis,
1519 613 1548 634 vt
1561 615 1641 642 quam
1655 605 1691 631 ob
1706 614 1777 636 reun;
1798 614 1860 641 quas
1873 607 1973 631 voculas
1986 608 2051 632 mter
2060 610 2228 641 pronuntian-

83 650 156 685 Quid
182 652 218 677 est
242 651 416 686 quamobrem
444 648 581 684 quisquam
605 646 723 674 nostrsum
749 646 889 673 Censorias
913 646 1116 680 subscriptiones
1181 645 1238 670 dum
1257 647 1433 679 coniungerent
1447 644 1474 669 ab
1487 645 1651 671 &ueritatem
1670 641 1802 677 scribendo
1824 644 1887 667 onim
1905 643 2049 667 continuare
2067 651 2136 668 voces
2156 645 2229 668 etiam

83 696 175 714 omnes
186 686 249 713 fixas
263 694 288 713 et
303 688 330 713 in
345 692 495 722 perpetuum
509 690 576 711 ratas
589 689 660 718 putet
675 683 723 709 esse
735 683 877 717 oportere?
891 681 947 708 Cic.
957 691 1004 716 pro
1013 682 1117 708 Cluent.
1137 686 1163 711 15
1181 678 1316 712 disimHas
1329 681 1423 714 alioqui
1436 680 1557 713 salutamur.
1593 679 1650 705 Cic.
1666 686 1715 711 pro
1729 678 1803 703 Rosc.
1818 678 1906 703 Auuuer.
1920 685 1952 709 34
1976 676 2051 702 Estne
2066 676 2115 704 11οε
2133 678 2176 704 1111
2189 677 2229 704 di-

85 731 134 755 133.
207 722 275 749 Ter.
290 723 355 749 Eun.
371 730 427 755 ΞΛ,
439 728 464 754 51
485 719 575 753 Quid?
589 718 653 754 quid
671 718 743 745 aliud
761 718 838 744 volui
852 718 956 744 dicere?
993 717 1117 745 Dubitan-
1181 716 1226 742 610
1245 722 1323 755 atque
1342 715 1414 754 facto
1428 715 1560 741 ls'umbriae
1578 723 1632 741 non
1651 713 1834 753 11111111111111111Ξ
1858 712 1990 752 Accusatis
2008 713 2077 754 Sext.
2094 714 2228 740 Roscium.

83 761 120 785 tis
131 756 283 791 &herveum
295 758 416 793 confilium
427 756 481 792 ase
492 756 544 792 J'pr
552 757 670 796 petrum.
707 753 776 781 Ibid.
792 763 814 787 ς,
828 762 850 786 3,
865 762 873 779 1
893 754 984 787 Quid?
997 752 1062 788 quid
1076 761 1120 778 ve·
1184 751 1257 784 Quid
1277 752 1331 777 uta?
1352 758 1415 784 quia
1427 750 1458 775 dc
1474 751 1595 777 manibus
1613 749 1706 776 vestris
1727 749 1835 783 effugat,
1857 757 1919 783 quia
1938 749 1963 774 se
1977 747 2064 774 occidi
2079 749 2160 783 paffius
2173 759 2229 776 non

84 794 143 821 nire
163 795 192 820 in
210 802 324 820 mentem
342 801 407 820 nune
425 791 498 826 possit
515 792 599 824 1111111,
615 790 758 825 quidnam?
842 790 1022 816 Vehementiam
1041 795 1065 814 et
1082 791 1120 814 in·
1183 791 1228 814 eut.
1281 787 1350 813 Ter.
1366 786 1430 812 Eun.
1451 794 1478 818 4,
1493 795 1522 818 4,
1537 792 1564 818 58
1597 785 1686 813 Thais
1707 785 1760 811 iam
1778 783 1872 824 aderit.
1899 790 1944 809 rr.
1962 784 2025 818 quid
2047 785 2100 811 ita?
2122 792 2149 812 D.
2165 786 2228 820 quia

79 828 294 866 stauutu‘amsignae
307 829 359 857 Cic.
371 835 419 862 pro
432 827 537 854 Caecin.
551 835 586 861 24
612 826 684 861 Quid
706 825 795 857 testes,
807 825 874 860 quid
892 825 984 852 aiunt?
1006 825 1031 851 P.
1046 824 1116 850 Veti·
1184 832 1266 858 quum
1288 821 1351 848 inde
1363 822 1439 852 abeo,
1454 828 1500 847 etc.
1572 821 1645 855 Quid
1665 822 1700 848 ita
1723 824 1793 860 nont
1808 819 1882 845 Idem
1896 819 2002 846 Pluorm.
2016 829 2045 860 .4’
2066 829 2086 853 ι,
2099 830 2123 847 2.
2197 823 2229 848 Ec

85 865 136 891 lius
148 866 310 900 propinquus
322 863 429 893 Ebucii,
442 864 468 890 se
482 863 581 890 Ebucio
595 871 655 890 cum
669 862 775 888 armatis
795 862 877 888 seruis
896 861 992 888 venisse
1009 859 1120 886 aduoca-
1134 864 1168 882 20
1183 860 1248 886 Eun.
1262 866 1283 892 ς,
1297 867 1319 891 5,
1335 866 1362 892 17
1383 858 1444 890 Qm
1463 856 1571 896 audacia
1590 863 1693 883 tantum
1706 857 1808 883 facmiw
1820 855 1915 882 audet3
1938 861 1961 880 P.
1976 856 2041 890 quld
2060 856 2097 882 ita
2109 858 2230 883 tantum?

87 907 152 927 tum.
190 902 263 933 Quid
281 900 426 935 practerea?
446 899 522 925 fuifl‘e
539 898 687 932 complures
708 903 830 924 armatos.
866 896 939 930 Quid
958 895 1048 922 aliud?
1071 896 1120 921 nui-
1182 896 1305 921 Extenuat
1317 894 1363 920 hac
1370 894 1486 929 formula
1492 894 1616 928 jacintus,
1630 900 1651 918 ct
1663 899 1737 929 negat
1750 898 1851 919 tantum
1864 894 1950 917 vocari
1963 891 2055 918 debere.
2093 892 2165 926 Quid
2179 893 2231 919 tibi

85 942 175 963 natum
189 938 237 963 ess‘e
248 935 370 963 Ebucium
378 934 513 961 Caecinae.
565 936 705 964 Moratum,
720 940 744 960 et
752 933 910 969 familiarem
917 932 1054 968 sermonem
1067 931 1122 958 red-
1182 931 1250 957 huc?
1264 930 1345 956 Plaut.
1355 928 1446 955 Bacch.
1466 937 1486 961 ι,
1511 937 1530 959 1,
1551 930 1576 953 6.
1629 928 1698 954 Ter.
1714 929 1809 955 Heaut.
1825 937 1845 960 3,
1860 935 1885 959 2,
1899 935 1915 968 7
1942 932 1971 954 c.
1988 928 2058 959 Syre.
2075 936 2097 955 S.
2113 930 2182 955 luem.
2202 935 2229 956 c.

86 972 140 1005 dit,
163 973 251 1005 Quid?
263 972 348 998 senem
366 971 459 1006 quoad*
473 969 626 1005 exspefiatis
645 969 778 996 vestrum?
805 969 874 995 Ter.
890 968 997 994 Phorun.
1017 976 1036 999 1,
1048 976 1072 997 2,
1087 974 1121 1001 97
1182 966 1246 1000 quid
1263 973 1292 992 tu
1308 965 1381 992 istie?
1395 971 1441 990 etc.
1481 977 1489 987 ι
1514 963 1587 990 Ideun
1602 963 1707 1004 Pluorm.
1723 973 1751 997 4,
1767 972 1790 998 ς,
1806 972 1826 990 ιι
1851 963 1925 997 Quid
1944 968 1987 989 tua
2002 964 2136 996 (malum)
2151 965 2177 991 id
2191 974 2233 991 re-

85 1005 415 1041 Donatus,Aniunaduerte
427 1006 499 1040 Quid
519 1005 657 1032 secundum
669 1014 772 1032 morem
786 1004 973 1039 quotidianum
985 1009 1042 1030 tum
1057 1002 1121 1034 dici,
1182 1003 1252 1028 fert?
1325 1001 1398 1034 Quid
1421 999 1525 1026 nostra?
1545 1002 1592 1025 int.
1614 1002 1695 1026 retert
1713 1000 1770 1026 Cic.
1789 999 1822 1026 ad
1842 1000 1915 1026 Brut.
1935 1007 1972 1034 17.
2029 999 2117 1039 'Quid
2136 1001 2166 1026 ad
2187 1002 2232 1028 te?

87 1053 168 1078 quum
182 1044 210 1071 fit
222 1042 339 1070 transitus
351 1050 365 1068 a
385 1043 520 1068 mentione
533 1042 640 1068 alterius
659 1041 699 1068 rei
717 1041 750 1067 ad
767 1041 885 1067 alteram.
924 1039 998 1065 Idem
1013 1039 1121 1065 Phortn.
1139 1042 1170 1068 25
1183 1037 1349 1072 Exprobratio
1363 1036 1491 1071 Jbllemnis
1509 1038 1536 1060 in
1555 1044 1609 1067 eos,
1624 1038 1665 1069 qui
1679 1037 1760 1060 aliena
1777 1042 1876 1062 curant.
1913 1035 2168 1072 Anmrfflmuum,fid
2186 1038 2233 1063 ali-

88 1088 108 1111 1,
126 1088 149 1109 2,
162 1088 198 1112 94
231 1078 300 1112 Quid
320 1077 482 1112 paedagogus
499 1077 559 1110 ille,
578 1077 626 1112 qui
644 1076 848 1103 citharistrianu?
874 1075 946 1108 Quid
977 1075 1018 1101 rei
1043 1074 1121 1109 gerit.
1183 1080 1301 1109 quantum
1320 1072 1447 1108 impudens
1467 1069 1498 1104 est
1513 1074 1664 1106 epigramma
1676 1070 1846 1110 Martialiss7³
1860 1079 1876 1109 9
1897 1071 2050 1097 Paedicatur
2064 1072 2145 1103 Olus,
2158 1072 2233 1100 fellat

86 1115 216 1146 Donatus,
234 1113 382 1144 moraliter,
393 1117 491 1149 inquit,
503 1114 617 1148 quaerit.
659 1112 776 1139 Viuidior
794 1118 876 1147 nempe
886 1110 924 1146 fit
937 1113 1034 1141 oratio,
1048 1117 1071 1136 et
1083 1119 1123 1136 ve·
1183 1110 1265 1136 Linus
1275 1129 1281 1139 ,
1295 1108 1361 1140 Ole,
1375 1107 1440 1142 quid
1454 1107 1484 1133 ad
1498 1112 1539 1137 tc,
1560 1108 1599 1132 De
1611 1112 1670 1132 cute
1684 1105 1748 1139 quuud
1768 1106 1846 1131 facuat
1860 1105 1904 1131 ulle
1919 1106 1959 1131 vel
1973 1107 2019 1132 illc
2033 1108 2093 1133 sua?
2107 1115 2151 1134 etc.
2177 1115 2233 1134 tcm-

85 1160 139 1177 rum
156 1148 273 1183 aff'eHum
292 1152 372 1185 magi:
391 1153 518 1185 exprimit.
553 1150 637 1176 Multa
649 1148 713 1189 fiunt
730 1158 759 1174 ex
776 1157 801 1174 eo
820 1156 906 1184 genere
926 1150 953 1172 in
973 1147 1019 1173 hac
1030 1146 1124 1182 fabula
1185 1145 1323 1181 (Ifunjiuzit,
1344 1144 1438 1170 Dicere
1453 1142 1605 1178 quindecies
1619 1148 1753 1176 poteram,
1766 1141 1838 1174 Quid
1855 1141 1968 1175 pertinet
1982 1142 2012 1168 ad
2029 1144 2071 1168 te?
2088 1143 2151 1173 Sed,
2165 1145 2233 1178 quid

87 1192 115 1219 5,
133 1193 145 1217 3
163 1194 188 1211 v.
204 1194 230 1221 g.
252 1194 277 1212 v.
296 1192 323 1214 28
348 1185 437 1218 Quid?
463 1185 510 1212 illa
534 1184 589 1211 filia
610 1185 690 1211 amic1
716 1184 816 1216 nostri,
843 1183 908 1218 quid
928 1183 1049 1209 futurum
1069 1181 1122 1207 est?
1176 1190 1260 1215 agas,
1273 1179 1306 1206 ad
1325 1188 1368 1206 me
1388 1180 1516 1213 pertinet,
1535 1178 1601 1210 Ole,
1616 1177 1696 1204 niluil.
1749 1213 1754 1217 ¹
1779 1177 1852 1216 Quid
1873 1177 1994 1217 interest,
2015 1184 2103 1204 vtruunu
2124 1180 2233 1207 Praetor

89 1221 140 1247 Vix
151 1221 225 1247 aluam
241 1224 293 1248 vim
306 1220 392 1254 habet,
411 1230 482 1257 quam
499 1220 644 1256 tranfiundi
659 1220 689 1246 ab
703 1229 752 1246 vno
765 1219 798 1246 ad
810 1219 889 1246 aliud.
926 1219 966 1246 Sic
979 1222 1052 1244 ctiam
1067 1217 1122 1244 Cic.
1139 1224 1172 1248 30
1186 1218 1316 1251 imperet,
1333 1217 1414 1250 vique
1433 1221 1508 1249 cogat
1527 1214 1646 1250 aliquem
1666 1213 1698 1239 de
1717 1213 1769 1239 suis
1790 1212 1868 1239 bonis
1887 1214 2011 1240 omnibus
2030 1214 2173 1242 decedere?
2200 1224 2235 1242 an

85 1256 115 1282 :in
129 1256 217 1283 l'artit.
231 1265 250 1290 4
278 1256 366 1289 Quid?
387 1257 517 1284 orationis
540 1262 605 1291 quot
628 1257 688 1282 sunt
711 1256 812 1290 partes?
897 1253 972 1281 Idem
987 1255 1056 1280 Fam.
1071 1261 1096 1287 7,
1112 1261 1122 1279 1
1185 1252 1341 1279 huiusmodi
1363 1251 1493 1278 iudicium
1512 1250 1565 1280 det,
1579 1258 1623 1276 erc.
1638 1249 1694 1276 Cic.
1714 1250 1791 1289 Vcrr.
1812 1258 1840 1282 4,
1859 1257 1909 1289 433
2065 1247 2086 1285 q
2108 1258 2121 1290 5
2158 1251 2234 1285 Qud

84 1290 163 1319 Nosti
182 1292 253 1318 enim
272 1293 388 1326 reliquos
408 1292 499 1326 ludos,
519 1292 601 1328 quid?
627 1301 660 1318 ne
677 1291 706 1319 id
725 1291 832 1326 quidem
856 1290 954 1325 leporis
973 1289 1123 1315 habuerunt
1186 1289 1292 1323 postca?
1319 1288 1376 1314 Cic.
1394 1296 1443 1321 pro
1462 1288 1583 1313 Muuracuu.
1601 1288 1642 1312 26.
1726 1285 1797 1318 Qud
1821 1291 1878 1311 tuuuu
1901 1284 1985 1311 unde?
2013 1285 2086 1311 Idem
2105 1286 2172 1314 ibid.
2192 1290 2233 1314 26.

85 1326 156 1364 quod
176 1328 258 1354 solent
269 1327 415 1355 mediocres
433 1328 498 1355 ludi.
536 1329 587 1354 Hic
601 1334 691 1364 auget,
704 1334 734 1353 ut
750 1328 845 1353 Immo.
882 1326 928 1352 Sed
945 1323 1123 1360 equsiulantis
1185 1325 1215 1352 T
1217 1333 1253 1351 cr.
1270 1325 1367 1351 Heaut.
1388 1332 1410 1355 3,
1430 1331 1452 1355 3,
1466 1331 1495 1355 41
1532 1322 1602 1348 Huic
1623 1320 1808 1347 drachmarum
1828 1321 1891 1346 haec
1910 1321 2014 1354 argenti
2032 1321 2107 1348 inille
2127 1322 2235 1350 dederat

85 1362 141 1392 ἦθος
158 1366 283 1399 exprimit.
355 1363 445 1397 Quid?
464 1370 493 1389 tu
509 1371 551 1388 me
570 1362 619 1388 hoc
639 1361 766 1389 nuandass‘e
785 1361 925 1392 existimas,
939 1367 983 1393 vt,
996 1367 1042 1387 etc.
1064 1360 1121 1387 Cic.
1185 1367 1317 1387 mutuum.
1339 1366 1368 1385 c.
1383 1359 1448 1393 quid
1461 1359 1536 1384 tum?
1557 1365 1578 1385 S·
1592 1366 1620 1384 ea
1636 1362 1740 1382 mortua
1754 1356 1798 1381 est.
1855 1355 1911 1381 Cic.
1924 1356 2006 1382 Tusc.
2020 1365 2042 1389 5,
2057 1365 2101 1391 ¹07
2120 1359 2153 1385 At
2165 1360 2235 1385 111111-

87 1400 158 1425 Fam.
173 1407 196 1430 2,
210 1407 236 1433 7.
306 1399 381 1432 Quid
394 1398 428 1426 est
438 1417 444 1428 ,
457 1398 475 1424 si
491 1407 544 1424 non
558 1398 608 1424 luoc
621 1397 781 1424 contumelia
792 1396 845 1423 est?
859 1397 927 1424 Ter.
936 1396 1018 1423 Andr.
1033 1405 1053 1429 ι,
1066 1404 1089 1429 5,
1098 1405 1122 1422 2.
1141 1400 1171 1426 35
1185 1402 1274 1422 tantur
1287 1395 1364 1421 bonis
1378 1394 1475 1420 exules.
1531 1392 1603 1424 Quid
1626 1393 1700 1432 tum}
1728 1393 1854 1417 Parumne
1875 1391 1959 1416 multa
1973 1391 2013 1431 de.
2023 1392 2159 1419 toleranda
2173 1403 2236 1428 pau-

86 1435 143 1461 Cic.
157 1435 188 1460 A.
201 1442 210 1460 1
232 1435 306 1460 Verr.
326 1442 356 1466 ²9
386 1433 458 1466 Quid
477 1433 512 1459 est
531 1433 642 1467 quaeso,
657 1432 778 1465 Metelle,
792 1432 921 1459 iudicium
942 1440 1122 1466 corrumpere,
1186 1437 1286 1465 pertate
1300 1429 1441 1456 dicuntur?
1513 1428 1586 1461 Quid
1607 1434 1663 1454 tuun
1684 1428 1701 1466 iu
1721 1427 1808 1465 fuscus
1822 1428 1947 1457 Amyntas
1956 1427 2054 1465 3-Vurg.
2071 1428 2123 1454 Ecl.
2144 1437 2181 1459 10,
2195 1434 2234 1461 38.

88 1470 106 1495 11
126 1469 174 1495 hoc
188 1478 242 1495 non
261 1469 312 1495 est?
366 1468 532 1495 Couutu'nuauudi
548 1472 599 1494 vu'm
617 1469 687 1495 habet
701 1468 775 1502 Quid
793 1470 881 1502 pater?
898 1468 1019 1494 viuitne3
1040 1468 1124 1493 Plaut.
1186 1467 1255 1492 Ter.
1271 1465 1383 1499 Adelph.
1398 1474 1426 1497 4,
1441 1472 1501 1496 5,15
1532 1464 1629 1497 Neque
1650 1471 1723 1488 emm
1737 1462 1781 1487 duu
1803 1461 1854 1487 hue
1874 1470 2090 1495 commigrarunt.
2107 1470 2155 1490 ΑΕ.
2170 1465 2236 1498 quid

90 1505 163 1538 Capt.
183 1513 206 1537 2,
224 1513 250 1536 2,
269 1512 307 1536 32.
362 1506 392 1530 Et
405 1504 470 1531 ibid.
485 1513 509 1536 31
539 1504 612 1538 Quid
632 1504 760 1530 diuitiae?
774 1504 866 1529 suntne
886 1503 1028 1537 optumae?
1083 1503 1125 1530 Sic
1186 1508 1242 1527 tum
1256 1501 1359 1533 postea?
1379 1507 1414 1525 Μ.
1429 1500 1508 1532 virgo
1525 1499 1562 1523 est
1579 1506 1637 1523 cuum
1651 1503 1732 1536 patre.
1789 1496 1861 1536 Idem
1875 1498 1939 1523 Hec.
1954 1506 1981 1529 4,
1995 1505 2013 1527 1,
2028 1506 2058 1537 37
2084 1499 2157 1533 Quid
2176 1506 2235 1527 tuin

90 1539 181 1571 Quid?
200 1548 247 1573 qui
270 1540 394 1573 pecuniae
412 1539 569 1574 cupiditate,
595 1540 642 1573 qui
665 1540 831 1574 voluptatum
852 1538 966 1565 libidine
991 1539 1124 1568 seruntur,
1187 1535 1289 1570 postea,
1307 1534 1325 1560 fi
1339 1535 1455 1560 modeste
1469 1542 1497 1559 ac
1519 1541 1580 1572 raro
1601 1532 1650 1558 hoc
1671 1532 1751 1558 tacut?
1779 1532 1832 1558 Vbu
1848 1531 1981 1565 Donatus,
1996 1533 2165 1572 IdiotisunuS,
2177 1545 2235 1570 quo

87 1582 255 1608 quorumque
273 1577 308 1601 ita
324 1576 507 1608 perturbantur
519 1576 617 1606 animi,
629 1581 658 1602 vt
677 1584 731 1601 non
744 1573 857 1601 multum
871 1573 955 1599 abtim
968 1573 1002 1599 ab
1015 1573 1125 1603 insania,
1139 1575 1177 1600 40
1185 1569 1380 1596 contemnimus
1387 1569 1500 1595 crimina
1513 1568 1626 1594 leuiora.
1699 1568 1767 1594 Ter.
1775 1568 1841 1593 Eun.
1855 1577 1882 1601 4,
1895 1574 1916 1599 8,
1932 1577 1967 1601 24
1986 1569 2088 1595 [λιι-1111)
2103 1571 2151 1597 hos
2165 1572 2235 1599 mihi

87 1607 159 1643 quod
177 1608 359 1642 insipientibus
381 1612 525 1645 contingit,
544 1611 667 1638 omnibus
686 1611 728 1636 his
742 1610 848 1635 nullane
865 1608 901 1633 eil
920 1607 1069 1634 adhibenda
1084 1615 1126 1632 cu-
1186 1607 1241 1633 dies
1256 1604 1373 1632 solidare
1387 1606 1428 1631 te?
1449 1610 1563 1630 THAis.
1599 1602 1672 1636 Quid
1684 1608 1740 1629 tum
1754 1604 1859 1637 postea?
1879 1604 1935 1639 qai.
1954 1605 2015 1640 qnid
2033 1606 2090 1631 inde
2101 1606 2237 1642 sequitur?

85 1645 172 1672 ratio?
186 1644 242 1670 Cic.
256 1645 337 1671 Tusc.
352 1653 371 1677 3,
387 1654 414 1678 4.
467 1649 550 1672 Etiam
560 1649 688 1672 continuat
701 1644 890 1679 propcffitimuem
902 1643 974 1669 Idem
989 1651 1037 1676 pro
1051 1642 1127 1670 Rosc.
1186 1642 1247 1678 quid
1260 1644 1299 1668 ui:
1312 1642 1372 1668 him-
1385 1642 1506 1676 arguere?
1577 1640 1633 1666 Cic.
1648 1639 1680 1664 de
1689 1640 1796 1665 Amicit.
1811 1648 1843 1671 30
1868 1640 1941 1673 Quid
1956 1641 2026 1667 enim
2042 1642 2180 1668 Africanus
2196 1645 2236 1670 in.

90 1681 177 1707 Anuer.
192 1687 218 1711 35
232 1688 253 1706 c.
267 1688 290 1712 13
318 1680 357 1706 De
376 1680 446 1706 hisce
459 1681 582 1707 omnibus
595 1679 673 1706 rebus
692 1688 735 1706 me
747 1678 837 1705 dicere
853 1685 977 1713 oportere
992 1678 1125 1712 intelligo.
1187 1679 1278 1712 digens
1293 1677 1363 1703 mei?
1385 1678 1496 1703 minime
1510 1674 1607 1702 hercle.
1665 1675 1798 1708 Quinctil.
1819 1695 1825 1701 .
1848 1695 1854 1701 .
1873 1695 1880 1702 .
1909 1676 1981 1710 Quid
1999 1676 2049 1704 tibi
2069 1685 2169 1705 tantum
2182 1688 2237 1706 ma.

90 1715 162 1749 Quid
181 1715 263 1750 igitur
282 1715 334 1742 est?
356 1725 410 1741 non
429 1716 521 1742 eodeuuu
542 1717 623 1742 modo
640 1716 672 1742 de
688 1715 823 1741 omnibus.
881 1716 912 1740 Et
930 1713 997 1741 ibid.
1011 1722 1038 1746 55
1059 1723 1081 1740 c.
1098 1722 1126 1745 19
1188 1714 1244 1740 lum
1261 1714 1330 1739 feci?
1349 1713 1415 1747 quid
1437 1711 1553 1738 offendi}
1626 1711 1700 1751 Qud
1719 1711 1793 1737 istic?
1813 1711 1973 1738 aduerbiunu
1992 1713 2028 1738 est
2047 1722 2124 1747 aegre
2143 1724 2235 1742 conce-

88 1751 185 1778 Vident
198 1760 288 1778 omnes
309 1760 360 1786 qua
377 1751 409 1777 de
423 1753 496 1778 causa
515 1752 576 1778 huic
590 1752 714 1778 inimicus
728 1751 831 1778 venias:
849 1750 934 1778 sciunt
954 1749 1062 1776 huiusce
1084 1758 1126 1783 pe·
1141 1753 1174 1778 45
1186 1750 1290 1782 dentis,
1309 1749 1398 1784 inquit
1413 1750 1541 1775 Donatus.
1594 1747 1664 1773 Ter.
1680 1748 1743 1773 lzun.
1765 1756 1787 1779 2,
1807 1756 1830 1779 3,
1848 1750 1883 1779 96
1909 1748 1982 1781 Quid
2001 1749 2075 1776 istie?
2092 1749 2111 1777 si
2131 1759 2234 1778 certum

88 1787 166 1813 cunia
180 1792 205 1813 tc
219 1786 359 1814 addufflmn
374 1788 431 1814 effe.
467 1788 540 1821 Quid
558 1796 622 1823 ergo
635 1787 686 1814 est?
700 1795 745 1814 etc.
902 1784 922 1824 q
943 1795 955 1819 3
998 1786 1126 1813 Vehemen—
1186 1786 1221 1812 est
1244 1786 1344 1817 facere,
1360 1785 1454 1811 facias:
1480 1792 1575 1810 verum
1595 1792 1627 1809 ne
1646 1784 1703 1823 post
1721 1784 1841 1823 conferas
1860 1783 1963 1818 culpam
1983 1785 2011 1810 in
2031 1795 2081 1812 me.
2161 1788 2236 1820 Quid

89 1823 224 1859 rioresunt
241 1823 303 1855 illa:
318 1824 403 1850 Varro
417 1824 447 1850 R.
462 1823 494 1850 R.
509 1832 518 1851 1
532 1830 595 1850 extr.
621 1824 689 1851 Cum
702 1823 767 1850 haec
777 1822 879 1849 diceret
892 1822 983 1855 Stolo,
1004 1822 1077 1848 venir
1096 1821 1127 1847 Ii·
1186 1830 1255 1848 nunc
1274 1822 1394 1855 agimus?
1416 1819 1553 1847 confilium
1568 1824 1718 1854 quaerentis
1733 1819 1783 1850 est,
1799 1819 1889 1854 inquit
1909 1821 2027 1847 Donatus
2046 1822 2115 1848 Ter.
2129 1824 2194 1849 Eun.
2209 1833 2238 1858 4,

88 1857 177 1886 beu-tus
194 1858 314 1885 aeditimi
331 1859 363 1885 ad
384 1867 431 1886 nos
451 1859 530 1892 ssens,
545 1865 571 1885 et
589 1865 664 1894 rogat
688 1875 734 1879 —-
757 1865 786 1885 vt
805 1859 831 1885 ei
852 1859 880 1884 in
901 1859 979 1884 sunus
998 1857 1126 1892 postridie
1188 1865 1215 1893 7,
1230 1866 1270 1890 41.
1342 1856 1416 1890 Quid
1436 1857 1522 1882 censes
1538 1864 1583 1882 eos
1605 1856 1652 1881 efl‘e
1666 1855 1800 1887 facturos,
1820 1856 1867 1889 qui
1886 1857 1998 1882 omnino
2015 1857 2141 1885 virtutem
2156 1868 2170 1885 a
2191 1859 2238 1886 bo-

89 1894 253 1929 prodeamus.
300 1896 397 1922 Omnes
419 1895 617 1930 consurgimus,
635 1904 664 1922 ac
683 1894 758 1921 simul
778 1896 970 1926 exclamamus,
985 1894 1076 1927 Quid?
1095 1893 1126 1919 in
1188 1902 1285 1919 uuoruunu
1305 1892 1358 1919 fine
1378 1894 1598 1928 segregauuerunt‚
1613 1891 1772 1925 Epicurum,
1787 1892 1999 1925 Hieronymum,
2013 1901 2058 1919 etc.
2078 1894 2134 1920 Cic.
2149 1895 2182 1921 de
2195 1896 2238 1922 Fi-

88 1930 182 1956 sunus?
201 1930 271 1965 quod
285 1931 379 1957 sunus?
395 1931 459 1965 quid
478 1931 513 1957 est
532 1931 648 1958 sachun?
719 1931 776 1958 Cic.
796 1940 844 1965 pro
864 1932 893 1957 C.
914 1929 1004 1957 Rabir.
1026 1938 1053 1955 22
1076 1938 1097 1955 c.
1113 1935 1126 1958 8
1144 1944 1176 1970 50
1186 1929 1243 1957 nib.
1257 1939 1279 1962 4,
1294 1937 1339 1963 49.
1411 1928 1485 1961 (Quid
1504 1937 1564 1954 cum
1580 1927 1635 1953 illis
1650 1936 1725 1962 agaS,
1739 1927 1786 1962 qui
1805 1936 1891 1962 neque
1905 1928 1963 1961 ius,
1987 1938 2071 1963 neque
2086 1930 2187 1957 bonum
2200 1936 2238 1958 at-

88 1966 209 1996 Patruus,
224 1966 414 2000 inquitsmeus
434 1975 491 1993 cunu
511 1967 653 1994 Saturnino
672 1967 733 1994 fuit.
794 1966 886 2000 Quid?
909 1972 981 2000 pater
1000 1965 1126 2000 quicum!
1189 1975 1240 2000 que
1266 1974 1381 2000 aequum
1405 1965 1506 1991 sciunt?
1527 1964 1595 1990 Ter.
1619 1964 1716 1990 Heaut.
1741 1973 1769 1996 4,
1793 1971 1813 1995 1,
1835 1972 1875 1995 29.
1932 1965 1987 1990 Cic.
2009 1973 2058 1997 pro
2079 1966 2186 1992 Caecin.
2205 1975 2238 1998 30

90 2001 180 2034 Quid?
199 2003 342 2036 propinqui
361 2003 454 2035 vestri,
469 2003 569 2038 equites
586 2004 662 2029 Rom.
686 2003 774 2037 Quid?
788 2004 876 2029 omnis
893 2002 1073 2037 praefectura,
1088 2011 1128 2027 re·
1189 2000 1266 2034 Quid
1286 2001 1348 2027 huic
1369 2008 1397 2026 tu
1413 2000 1518 2027 homini
1537 1999 1635 2026 facias?
1703 2000 1776 2031 Quid
1792 2000 1891 2037 facias?
1918 2005 1945 2024 vt
1967 1999 2049 2025 homo
2063 2000 2114 2032 est,
2129 2001 2166 2027 ita
2181 2009 2237 2027 nuo·

90 2038 151 2071 gio,
163 2037 283 2064 vicinitas
303 2039 403 2065 vcilra?
422 2039 510 2071 Quid?
524 2048 585 2073 ager
606 2040 712 2065 Picenus
731 2039 867 2066 vniuersus
888 2046 932 2065 etc.
1006 2039 1062 2064 Cic.
1079 2045 1127 2071 pro
1188 2047 1245 2065 rem
1264 2046 1338 2071 geras
1359 2037 1427 2063 Ter.
1442 2035 1554 2069 Adelph.
1569 2044 1591 2067 3,
1607 2044 1627 2066 3,
1642 2037 1684 2068 76.
1756 2033 1830 2065 Quid
1856 2032 1904 2069 insi
1932 2035 2091 2073 vsu'urpauiil'e
2112 2037 2237 2070 antiquo:

93 2073 168 2099 Rorc.
184 2074 270 2100 Auuer.
285 2082 314 2104 32
326 2084 346 2100 c.
364 2083 384 2100 11
400 2082 462 2101 extr.
489 2075 589 2102 Patrem
603 2084 708 2107 uncum,
721 2083 804 2108 quium
816 2075 976 2109 proscriptus
990 2083 1044 2100 non
1059 2074 1128 2105 effet,
1186 2073 1256 2100 testis
1269 2073 1305 2098 est
1314 2072 1439 2099 Afranius
1452 2073 1480 2098 in
1494 2068 1797 2108 Epiilola,Me1au<Store
1811 2074 1896 2108 mate-r
1910 2067 2066 2109 abiline-bus:
2082 2070 2157 2102 Quid
2169 2071 2236 2098 nili?

92 2108 240 2142 iugulassis:
258 2111 370 2136 occisum
389 2110 417 2136 in
437 2111 642 2145 proscriptorum
662 2119 799 2136 numerum
818 2111 943 2137 retulistis
950 2130 958 2143 ,
982 2119 1025 2136 me
1046 2109 1128 2135 domo
1146 2116 1178 2145 ξς
1190 2109 1286 2135 Festus.
1325 2109 1416 2140 Nempe
1426 2109 1498 2144 plene
1511 2105 1621 2133 (licens,
1635 2103 1707 2134 Qud
1723 2109 1812 2143 potrus
1822 2106 1922 2137 jactam
1942 2106 1989 2129 11111
2001 2105 2064 2144 ¹hoc.
2103 2106 2238 2134 Contraxe-

93 2152 152 2170 nuca
170 2153 216 2179 per
233 2145 288 2172 vinu
308 2145 452 2180 expulistis,
467 2147 656 2181 patrimonium
670 2155 758 2174 meum
778 2145 918 2181 poffidetis.
954 2145 1028 2179 Quid
1048 2146 1129 2172 vultis
1188 2150 1250 2169 runt
1271 2140 1370 2179 postf'fl,
1392 2139 1512 2179 Qfidmss
1559 2139 1646 2163 Plt'nffl’
1665 2139 1798 2163 locultoms
1823 2139 1954 2171 exemplum
1975 2140 2031 2178 Cae.
2052 2140 2136 2180 Tusc.
2157 2151 2184 2175 1,
2206 2151 2238 2178 75

91 2180 221 2213 amplius?
287 2182 358 2214 Quid
377 2191 480 2208 mecum
498 2182 534 2209 est
553 2183 620 2215 tibi,
636 2188 681 2210 aut
701 2184 802 2209 tecum?
818 2183 899 2209 Plaut.
918 2183 998 2208 Curc.
1019 2189 1042 2212 ς,
1056 2189 1078 2211 3,
1091 2188 1128 2204 10·
1190 2178 1264 2203 Num
1281 2174 1346 2213 <lind
1366 2174 1439 2200 ³¹¹1¹d
1459 2181 1576 2214 f’gfflffusu
1591 2180 1688 2205 quum,
1701 2179 1744 2197 ΗΕ·
1767 2180 1852 2211 'quum
1872 2180 1890 2211 ὅ,
1902 2180 2017 2213 ,negPUO
2037 2183 2112 2202 Omni
2132 2178 2238 2205 sCUOcfl-

90 2215 174 2241 Imell.
192 2219 244 2247 rei,
261 2220 370 2253 megan,
387 2218 478 2253 cauffie,
516 2218 570 2245 Cic,
590 2228 638 2253 pm
659 2219 764 2245 eluerit.
783 2227 828 2252 ¹72
867 2216 940 2249 Quid
975 2216 1037 2240 huie
1067 2219 1127 2238 cuum
1189 2219 1247 2237 mus
1268 2211 1402 2235 animuum?
1419 2210 1500 2242 quud,
1515 2215 1640 2239 unquam,
1656 2212 1850 2249 ‘¹¹,¹¹¹,³g¹!¹¹¹!⁵2
1863 2211 1912 2249 11111
1926 2218 2044 2248 animum
2066 2212 2098 2238 ad
2111 2214 2136 2239 se
2150 2214 2237 2248 ipsum

92 2250 190 2277 Auito?
204 2252 281 2278 nihil.
347 2254 417 2280 Idem
436 2262 486 2287 pro
501 2254 610 2287 Quine‘t.
629 2262 656 2285 55
690 2254 763 2285 Quid
784 2253 870 2281 mihi,
884 2250 988 2282 inquit,
1002 2257 1062 2273 cum
1081 2247 1129 2285 {sta
1187 2245 1364 2284 ³d11902mu⁵3
1398 2277 1404 2282 ,
1541 2240 1562 2280 Ἴ
1585 2244 1601 2267 5
1640 2243 1736 2277 EH¹PJ⁷5
1757 2246 1790 2274 Ψ
1811 2252 1838 2268 ¹⁷¹
1856 2243 1898 2269 “⁷10
1918 2246 2062 2285 clf-53¹1!-
2083 2257 2109 2281 4,
2130 2258 2137 2275 Ι
2166 2250 2238 2276 Tre-

90 2285 262 2314 sanffimonia'
276 2297 300 2314 et
316 2283 414 2315 summa
427 2289 582 2319 diligentia?
653 2288 709 2312 Cic.
718 2286 830 2317 Philipp.
846 2292 883 2314 10,
897 2292 916 2309 11
937 2284 1004 2309 Cum
1019 2283 1128 2313 Illyrico
1143 2286 1178 2310 60
1189 2281 1266 2317 bacio
1280 2278 1423 2319 mandam,
1443 2281 1472 2319 vf
1485 2275 1502 2302 fi
1516 2276 1580 2310 quud
1594 2283 1622 2303 tu
1637 2286 1699 2303 eum
1714 2277 1796 2304 velles
1810 2278 1842 2304 ad
1858 2287 1901 2319 me
1915 2287 2035 2313 mittere,
2049 2292 2081 2309 ne
2094 2286 2238 2319 recusaret,

90 2330 172 2355 vero,
186 2329 281 2350 etcum
297 2325 399 2350 Vatinii
413 2319 563 2356 legidnibus
578 2320 644 2354 quid
657 2326 711 2346 erat
725 2320 859 2345 Antonio?
929 2317 1002 2349 Quid
1019 2315 1127 2349 quidem
1186 2315 1244 2353 12>st
1260 2320 1365 2353 propter·
1382 2311 1486 2353 ql1quid·
1542 2311 1616 2338 Idem
1631 2314 1701 2340 Fam·
1718 2321 1752 2353 13,
1768 2321 1798 2348 73
1826 2315 1884 2341 Nili
1898 2317 1964 2350 quid
1977 2318 2109 2346 existimas
2123 2321 2150 2346 in
2164 2330 2193 2348 ea
2207 2331 2238 2348 re

90 2357 160 2384 tibi?
184 2367 231 2394 pro
247 2359 321 2391 Q1id
340 2360 372 2384 ad
391 2359 433 2383 ie?
447 2357 504 2381 Cic.
517 2356 569 2382 Att.
587 2363 614 2388 4,
633 2363 658 2388 7.
698 2355 755 2380 Alii
766 2355 849 2379 aliter.
871 2352 961 2383 Quid?
975 2350 1046 2384 quod
1061 2351 1127 2385 solet
1186 2349 1286 2376 violari
1319 2348 1543 2388 erussuuuuatuonem
1570 2355 1658 2381 tuam,
1683 2353 1701 2375 i.
1719 2350 1855 2386 Jecundum
1881 2353 1994 2387 aliquid,
2019 2357 2104 2391 aliqua
2129 2361 2236 2384 ratione.

90 2394 188 2428 aliquid
207 2397 285 2419 maius
304 2393 437 2427 adiungere
454 2390 632 2426 superioribut.
674 2388 762 2421 Quid?
776 2387 848 2421 quod
867 2388 933 2412 salus
953 2385 1084 2412 sociorum
1099 2385 1128 2411 in
1185 2386 1247 2412 Alia
1269 2384 1358 2420 ellipsis
1383 2382 1417 2417 est
1436 2393 1484 2410 non
1507 2388 1589 2412 minus
1609 2385 1726 2412 notabilis
1744 2389 1771 2411 in
1795 2385 1947 2419 offcuerandi
1965 2390 2009 2415 illa
2025 2390 2141 2426 sou-mula
2162 2394 2238 2426 Qtid

92 2429 233 2454 discrimen
254 2434 362 2452 vocatur
379 2427 434 2452 Cic.
453 2433 501 2458 pro
520 2425 550 2450 L.
565 2423 656 2450 Manil.
677 2432 699 2449 c.
720 2431 741 2455 5.
777 2422 846 2449 Adai.
867 2421 904 2447 Id.
920 2420 951 2447 de
969 2421 1028 2447 Sen.
1049 2430 1070 2447 c.
1087 2429 1126 2453 23.
1188 2421 1277 2447 enim?
1299 2420 1377 2447 intell.
1397 2426 1488 2447 contra
1503 2420 1557 2447 dici
1570 2421 1670 2455 potest?
1742 2422 1849 2449 Lucceii
1863 2423 1895 2449 ad
1909 2425 1965 2450 Cic.
1981 2426 2052 2452 Fam.
2072 2436 2094 2460 5,
2110 2437 2140 2462 ¹4
2162 2430 2236 2462 Quid

93 2463 150 2488 Cic,
168 2460 245 2487 Acad,
264 2470 291 2493 4,
304 2469 335 2493 95
369 2459 457 2493 Quid?
471 2458 542 2493 quod
561 2458 652 2485 cadem
672 2458 717 2484 illa
735 2467 776 2484 ars
797 2457 866 2492 quali
883 2457 1027 2491 Penelopae
1046 2456 1126 2483 telam
1141 2460 1172 2492 65
1188 2457 1276 2483 enim?
1297 2462 1326 2482 tu
1341 2456 1409 2483 solus
1429 2463 1518 2491 aperta
1538 2466 1593 2483 non
1612 2457 1732 2490 videbis,
1745 2459 1791 2492 qui
1811 2465 1920 2493 propter
1939 2469 2050 2488 acumen
2069 2464 2238 2493 occultissima

93 2502 195 2527 texens,
215 2495 285 2521 tollit
305 2495 337 2520 ad
357 2502 502 2521 extremum
520 2495 672 2529 superiora?
691 2495 784 2520 Vtrum
801 2502 831 2519 ea
849 2493 950 2526 vestra,
971 2499 1016 2519 aut
1037 2492 1125 2518 nostra
1187 2492 1330 2527 perspicis?
1382 2491 1454 2519 Idem
1468 2493 1526 2518 Fiuu.
1543 2502 1553 2518 ε
1567 2502 1588 2519 c.
1604 2502 1632 2526 19
1660 2494 1731 2526 Quid
1747 2494 1836 2520 enim?
1850 2501 1875 2521 te
1894 2495 1978 2530 ipsum
1992 2498 2147 2533 voluptasne
2160 2501 2238 2527 indu-

92 2532 165 2564 eulpa
178 2530 229 2556 est?
283 2529 349 2556 ibid.
365 2532 394 2557 26
420 2530 509 2564 Quid?
523 2530 595 2564 quod
615 2530 632 2556 su
646 2530 692 2556 ista
705 2539 767 2556 vcra
781 2530 853 2558 sunt.
867 2529 937 2555 ratio
955 2528 1043 2556 omnis
1055 2528 1126 2554 tolli·
1189 2529 1237 2555 xit.
1275 2529 1317 2556 Sic
1329 2537 1351 2554 c.
1366 2536 1408 2554 22.
1430 2535 1453 2554 et
1467 2528 1550 2555 Tusc.
1567 2537 1576 2555 1
1596 2538 1617 2555 c.
1632 2537 1671 2562 25.
1709 2529 1839 2562 Quinctil.
1857 2538 1884 2565 7,
1905 2540 1943 2564 10,
1955 2542 1981 2565 9.
2017 2535 2059 2561 Sic
2072 2535 2139 2562 Hor,
2153 2536 2236 2564 serm,

91 2567 150 2593 tur?
216 2565 272 2592 Cic.
286 2566 317 2592 dc
331 2566 392 2593 Nat.
407 2566 486 2593 Deor.
502 2575 522 2598 1,
536 2571 577 2596 103
591 2576 612 2592 c.
627 2571 653 2597 38
681 2565 772 2599 Quid?
787 2565 857 2600 quod
877 2564 995 2591 eiusdem
1009 2564 1126 2591 hominis
1189 2574 1210 2597 u,
1231 2573 1252 2596 1,
1273 2572 1291 2599 7
1321 2564 1423 2592 Militia
1441 2564 1477 2591 est
1498 2565 1604 2598 potior;
1630 2565 1693 2600 quid
1714 2566 1802 2591 enim?
1815 2568 1996 2601 concurritur,
2010 2577 2056 2597 etc.
2128 2572 2184 2598 Cic.
2205 2573 2238 2600 de

90 2602 119 2628 111
133 2610 219 2628 uncum
238 2602 356 2632 (sensium
370 2603 507 2628 incurrunt
521 2601 666 2635 imagines)
686 2602 769 2633 aliae,
789 2602 856 2628 aliae
871 2601 899 2627 in
914 2602 1008 2627 tuum?
1034 2599 1126 2633 Quid?
1188 2600 1278 2627 Finib.
1295 2609 1320 2632 2,
1334 2608 1363 2632 93
1377 2609 1399 2626 c.
1415 2605 1442 2630 :8
1465 2600 1539 2633 Quid
1559 2601 1646 2627 enim?
1661 2602 1776 2627 summus
1795 2601 1874 2629 dolor
1893 2603 1980 2638 plures
1993 2605 2050 2632 dies
2063 2616 2170 2634 manere
2182 2618 2237 2635 non

90 2637 161 2672 quod
174 2645 446 2672 earumreruuuu,quae
459 2646 590 2672 nunquam
605 2638 716 2664 omnino
730 2638 848 2664 fuerunt.
889 2636 979 2670 Quid?
994 2636 1066 2670 quod
1081 2636 1127 2662 ho.
1136 2649 1173 2676 70
1188 2636 1288 2672 potest?
1310 2635 1380 2662 Vide
1399 2645 1431 2662 ne
1451 2637 1531 2663 etiam
1550 2638 1657 2663 menses.
1694 2638 1792 2664 Similia
1805 2638 1885 2674 fiunt,
1906 2643 1925 2665 i.
1945 2640 2099 2673 aſjkuerandi
2120 2647 2172 2670 vim
2194 2645 2237 2672 he,-

90 2674 194 2700 nuiuuum
212 2688 257 2693 -—-
275 2682 340 2707 quos
358 2682 491 2707 nunquam
503 2673 638 2700 vidimus?
657 2673 737 2707 quid?
754 2673 825 2707 quod
845 2672 951 2699 finnulac
970 2672 1039 2698 mihi
1052 2672 1128 2698 colli·
1189 2674 1263 2704 hcm,
1277 2670 1342 2704 usta,
1363 2671 1437 2704 Quid
1457 2674 1529 2699 enim
1547 2672 1619 2699 aliud
1633 2682 1712 2707 quam
1727 2674 1888 2702 admonendi
1903 2676 2002 2710 effetis,
2022 2685 2051 2704 vt
2068 2687 2171 2706 morem
2186 2687 2237 2707 tra-

91 2709 177 2735 bituun
196 2708 247 2741 est,
261 2710 362 2743 praesto
380 2710 416 2736 est
436 2710 539 2744 imago?
560 2710 631 2742 Quid
653 2709 724 2744 quod
746 2709 826 2735 etiam
844 2708 876 2735 ad
891 2709 1067 2735 dormientem
1083 2717 1127 2734 ve·
1188 2708 1275 2735 ditum
1295 2717 1309 2734 3
1321 2708 1470 2735 maioribus
1491 2710 1646 2735 seruaretis3
1661 2709 1756 2735 Liuius
1772 2718 1812 2741 22,
1825 2712 1867 2736 60.
1906 2712 1979 2747 Conf.
1991 2722 2018 2746 4,
2033 2722 2053 2746 3.
2083 2718 2109 2747 6,
2127 2724 2166 2748 41,
2195 2726 2236 2751 34,

92 2745 168 2771 nitunt
181 2745 332 2772 inum-atae?
370 2746 452 2772 SImile
465 2746 497 2778 cst
512 2746 588 2777 illud,
609 2745 699 2778 Qud?
712 2754 794 2780 quum
810 2746 863 2779 ipsc
877 2744 1023 2771 Antiochus
1036 2744 1127 2770 diffen-
1189 2753 1205 2770 2.
1229 2751 1252 2770 ct
1264 2743 1299 2770 ibi
1315 2743 1442 2771 Drakenh.
1513 2744 1587 2778 Quid
1603 2744 1676 2770 enirn
1698 2747 1800 2772 censes?
1820 2747 1838 2772 11
1858 2747 1885 2772 L.
1900 2748 2045 2775 Mummius
2064 2751 2178 2784 videret,
2190 2759 2237 2778 etc.

93 2781 126 2806 tit
138 2780 291 2814 quibusdam
306 2782 333 2807 in
353 2781 443 2813 rebus,
465 2781 497 2808 ab
511 2781 551 2807 luis
570 2790 636 2815 quotu
652 2787 721 2808 amat
734 2781 843 2813 Stoicis,
855 2790 943 2807 nonne
962 2780 1061 2807 indicat
1074 2789 1128 2806 non
1187 2781 1283 2806 Vtrum
1305 2785 1418 2814 putaret,
1432 2787 1478 2806 etc.
1505 2781 1561 2807 Cic.
1581 2781 1607 2806 in
1622 2781 1711 2807 Parati.
1729 2790 1751 2815 ς.
1841 2782 1914 2815 Quid
1936 2785 2025 2818 enim,
2051 2786 2082 2812 ad
2101 2787 2237 2815 amicosne

90 2817 159 2851 posse
172 2816 217 2842 illa
236 2815 367 2850 probanda
384 2818 432 2843 esse
447 2817 575 2851 sapienti?
589 2817 643 2843 Cic.
658 2818 736 2843 Acad.
751 2828 778 2850 4,
794 2825 840 2849 ¹33·
982 2814 1003 2853 q
1021 2827 1039 2850 4
1065 2817 1128 2844 Sunt
1145 2825 1177 2854 75
1189 2815 1357 2850 confugiam?
1374 2815 1446 2842 Idem
1462 2817 1531 2842 Fam.
1552 2824 1573 2849 5,
1590 2825 1622 2850 15.

85 2852 186 2888 Jornme
205 2852 318 2886 quaedam
335 2853 508 2889 interrogandi
525 2852 643 2878 notabiles·
660 2852 693 2878 ad
709 2852 771 2878 illud
788 2851 870 2882 ἠθικὸν
887 2851 941 2886 siue
960 2855 1127 2885 moratumiin
1228 2858 1274 2891 qv
1286 2858 1295 2876 1
1307 2858 1326 2878 D
1340 2858 1361 2878 A
1372 2859 1397 2877 M
1413 2871 1420 2883 ,
1446 2852 1595 2886 quaedam,
1621 2851 1753 2887 quoddam
1777 2854 1818 2879 vel
1833 2854 1974 2888 quiddam3
2001 2856 2145 2884 cuiusdam.
2187 2853 2237 2893 [εἷς

92 2891 202 2914 oratione
214 2885 362 2921 efficiendum
376 2895 455 2925 aptae.
471 2898 497 2915 υ.
511 2897 535 2923 g.
557 2888 637 2914 Plaut.
647 2889 727 2914 Meu-c.
741 2897 766 2920 2,
780 2896 802 2920 3,
817 2893 848 2923 78
866 2887 914 2914 Sed
928 2887 993 2922 quid
1007 2888 1052 2914 illa
1061 2896 1128 2914 nume
1190 2898 1241 2920 τις,
1261 2886 1323 2913 ποιός
1338 2889 1392 2922 τις]
1430 2889 1560 2924 Peufimam
1573 2898 1653 2915 remae
1665 2896 1758 2914 certam
1775 2889 1854 2922 dicit,
1869 2897 1892 2916 et
1908 2893 2033 2927 singulare
2041 2893 2236 2930 potiusfignum

94 2923 156 2949 fiet?
192 2923 262 2949 Idem
276 2923 351 2950 Most.
366 2933 388 2957 3,
403 2933 426 2955 2,
440 2933 474 2956 90
499 2924 571 2957 Quid
585 2924 651 2950 mihi
670 2924 714 2950 fiet
732 2926 828 2956 tertio,
843 2924 888 2957 qui
902 2924 969 2950 solus
982 2924 1052 2950 facio
1065 2923 1129 2949 faci·
1190 2921 1239 2957 est,
1255 2933 1328 2959 quam
1340 2926 1505 2958 particulare.
1542 2925 1572 2950 In
1593 2925 1762 2959 angiportum
1783 2926 1914 2959 quoddam
1938 2928 2066 2954 desertum
2086 2929 2153 2956 Ter.
2168 2931 2235 2957 Eun.

95 2967 160 2985 nora
180 2959 356 2986 inunum-talia?
422 2960 479 2986 Cic.
492 2961 544 2986 Att.
560 2962 586 2991 6,
601 2968 610 2986 1
644 2960 716 2993 Quid
736 2960 785 2986 illo
805 2959 863 2992 suet,
878 2969 955 2993 quem
976 2959 1130 2993 reliquero?
1192 2969 1214 2991 ς,
1231 2968 1254 2990 2,
1270 2961 1295 2985 6.
1351 2959 1425 2986 Idem
1445 2960 1510 2986 ibid.
1528 2968 1548 2991 3,
1564 2969 1589 2992 2,
1605 2970 1635 2992 30
1656 2960 1751 2995 Neque
1765 2969 1863 2995 pugnas
1881 2971 1985 2995 narrat,
2006 2973 2090 2999 neque
2103 2965 2237 2992 cicatrices

96 2994 168 3021 Idem
182 2995 252 3020 Fauuu.
271 3003 310 3029 14,
325 3004 343 3028 4
369 2995 416 3022 Sed
432 2995 496 3030 quid
509 2995 632 3022 Tulliola
645 3004 702 3022 mea
714 2995 775 3024 fuet?
822 2995 895 3022 Ideni
909 2996 940 3022 de
954 2996 1023 3030 Lege
1037 2995 1129 3029 Agrar.
1143 3001 1176 3027 80
1190 2996 1246 3022 suas
1258 2995 1386 3027 ostentat,
1404 3004 1491 3030 neque
1509 2995 1560 3022 tibi
1582 2996 1666 3022 obstat
1676 3015 1683 3027 ,
1703 2998 1774 3031 quod
1787 2997 1895 3031 quidam
1909 2999 1987 3025 facit:
2002 3001 2156 3035 praesentem
2171 3009 2236 3037 pun<

97 3036 128 3063 71
158 3030 278 3062 Quaero,
291 3031 307 3056 li
327 3031 372 3064 qui
392 3031 475 3058 velint
493 3031 623 3063 vendere,
642 3041 697 3058 non
717 3032 834 3063 suerint,
853 3031 918 3066 quid
940 3031 1050 3066 pecunia
1067 3031 1129 3057 suet?
1189 3034 1229 3067 git
1249 3033 1360 3057 militem.
1395 3033 1500 3058 Dicitur
1520 3032 1593 3067 saepe
1614 3031 1643 3058 tle
1662 3032 1800 3059 hominibus
1825 3034 1950 3069 obsim-15,
1969 3038 2078 3070 ignotis,
2097 3040 2237 3064 contemtis.

99 3063 172 3103 Quid
191 3065 318 3092 facerem?
338 3067 411 3102 Virg.
431 3067 482 3093 Ecl.
503 3076 521 3099 1,
539 3076 578 3100 41.
603 3066 718 3103 negatse
734 3067 804 3094 aliud
815 3068 905 3103 sacer-e
924 3066 1037 3102 potuiffi·.
1073 3067 1129 3093 Cic.
1192 3067 1309 3101 Argilius
1328 3066 1435 3101 quidam
1455 3067 1523 3101 Nep.
1542 3079 1570 3101 4,
1583 3077 1609 3100 4.
1623 3076 1642 3094 1.
1678 3067 1740 3094 Add
1768 3068 1805 3094 Id.
1821 3077 1843 3101 5,
1863 3078 1881 3100 ι,
1896 3078 1916 3101 3.
1954 3077 1975 3096 ct
1996 3079 2035 3103 14,
2055 3076 2079 3103 8,
2094 3080 2112 3098 1.
2150 3080 2173 3099 et
2195 3082 2236 3106 20,

100 3100 141 3125 Or)
165 3107 186 3130 3,
199 3101 233 3126 60
258 3101 415 3129 Stomachari
424 3104 552 3130 Cannius:
573 3103 614 3129 scd
628 3104 692 3136 quid
706 3103 820 3130 faceret?
832 3103 960 3135 nondum,
974 3110 1020 3129 etc.
1056 3102 1129 3128 Idem
1192 3111 1213 3135 5,
1228 3112 1249 3128 2.
1284 3103 1355 3129 Emit
1375 3103 1506 3136 quendam
1525 3102 1651 3130 Phaedria
1671 3104 1822 3130 eunuchum
1835 3105 1902 3131 Ter.
1918 3105 1982 3131 Eum.
1997 3115 2018 3138 ς,
2031 3109 2058 3140 6,
2072 3115 2104 3133 ιε.
2127 3108 2170 3134 vbi
2183 3109 2236 3135 vid.

101 3134 132 3174 de
147 3136 220 3161 Orat.
241 3143 262 3174 ᾗ,
275 3141 308 3169 84
336 3137 454 3164 Valerius
471 3138 589 3173 quotidie
607 3138 742 3171 cantabat,
754 3145 810 3166 crat
824 3139 895 3165 enim
915 3139 1042 3165 scenicus:
1064 3137 1129 3172 quid
1192 3139 1287 3164 Donat.
1325 3138 1393 3165 Add.
1409 3139 1465 3165 Cic.
1481 3147 1530 3172 pro
1543 3139 1566 3165 S.
1582 3140 1657 3165 Rosc.
1673 3149 1693 3165 c.
1706 3147 1748 3171 23,
1763 3148 1781 3166 1.
1820 3140 1867 3167 scd
1879 3151 1925 3167 non
1939 3140 1971 3173 ist
1984 3150 2138 3177 perpetuum.
2171 3145 2237 3177 Qui—

99 3174 196 3196 taceret
218 3169 305 3197 allud?
371 3173 439 3201 Ter.
461 3174 540 3200 Andr.
557 3183 584 3207 4,
605 3184 626 3205 5,
646 3182 672 3206 52
710 3174 767 3201 Eho
789 3175 895 3209 inepta,
915 3175 996 3201 nescis
1016 3173 1080 3207 quid
1099 3173 1129 3200 fit
1147 3178 1176 3207 85
1193 3174 1253 3200 daun
1265 3183 1297 3200 ex
1313 3174 1462 3206 aduocatis,
1481 3175 1563 3200 homo
1577 3181 1602 3201 et
1618 3174 1765 3201 honoribus
1779 3177 1870 3209 populi
1883 3184 2007 3207 ornatus,
2027 3186 2051 3204 et
2071 3179 2171 3206 sununua
2184 3180 2237 3207 viu‘·

99 3204 204 3231 aetum?
226 3212 259 3231 ,“.1.
279 3206 342 3240 quid
358 3209 451 3236 sciam?
485 3210 533 3236 Sed
549 3208 614 3236 red-'Ie
631 3211 738 3247 legitur,
759 3209 813 3244 Qui
836 3210 931 3243 seiam,
953 3213 970 3237 i.
995 3209 1129 3244 Quomodo,
1192 3216 1247 3236 tute
1266 3210 1398 3244 praeditus
1416 3210 1484 3236 dixit
1507 3211 1561 3237 Cic.
1576 3220 1625 3244 pro
1640 3211 1743 3237 Cluent.
1760 3219 1806 3246 177
1823 3221 1843 3238 c.
1858 3214 1898 3244 63.
1989 3214 2079 3242 Magni
2100 3215 2237 3242 cuiusdam

99 3247 142 3267 aut
161 3240 224 3280 unde
238 3241 326 3276 sciam.
395 3246 467 3279 Quid
487 3245 522 3278 fi,
546 3244 647 3278 venusta
666 3247 770 3279 locutio,
785 3253 834 3282 pro
854 3255 879 3273 eo
898 3246 962 3281 quod
979 3254 1034 3281 quus
1052 3245 1131 3277 dicat,
1191 3245 1309 3272 hominis
1327 3252 1353 3272 et
1372 3247 1542 3280 persapientis
1557 3246 1664 3273 videtur
1678 3246 1770 3280 Quint-
1791 3248 1847 3273 Cic.
1862 3248 1894 3274 de
1909 3243 2090 3282 Prouincf44.
2135 3251 2190 3277 Cic.
2204 3252 2236 3278 de

99 3276 170 3311 Quid
181 3279 302 3317 jutum-um
314 3275 408 3312 qshjh
425 3283 475 3316 uel,
488 3281 548 3317 quid
564 3281 649 3314 dicas,
662 3288 705 3308 aut
723 3282 857 3318 ceuuses,fi.
895 3282 977 3308 Plaut.
993 3280 1062 3307 Afin.
1075 3289 1095 3313 31
1110 3289 1131 3313 3,
1192 3283 1265 3308 Orat.
1280 3291 1303 3312 2,
1318 3287 1366 3314 298
1387 3281 1466 3308 Craffi
1480 3282 1588 3317 quidem
1603 3283 1754 3317 responsum
1766 3283 1916 3309 excellentis
1929 3285 2063 3310 cujusda-n
2077 3285 2113 3311 est
2125 3286 2236 3321 ingenii,

101 3320 143 3341 13¹3
165 3311 236 3345 Qud
255 3316 272 3338 11
292 3315 402 3353 optaro?
422 3322 464 3344 LE.
483 3316 596 3343 eueniet.
649 3318 717 3344 Ter.
732 3318 838 3344 Phorm.
859 3326 879 3349 1,
895 3327 921 3350 4,
936 3326 962 3349 35
996 3317 1077 3343 Satin’
1097 3316 1130 3342 suc
1192 3327 1220 3344 ac
1235 3317 1379 3352 fingularu's.
1450 3317 1506 3344 Cic.
1520 3318 1598 3344 Acad.
1614 3327 1634 3350 ι,
1649 3327 1674 3350 33
1687 3329 1708 3345 c.
1722 3327 1738 3350 9
1765 3320 1838 3345 Vtin
1852 3318 1892 3345 luis
1906 3319 2031 3353 quiddam
2046 3320 2171 3348 diuinum
2187 3325 2236 3350 effe

100 3348 155 3373 est?
175 3355 205 3374 G.
219 3356 323 3389 nour-A.
339 3349 401 3383 quid
421 3350 438 3376 su
452 3351 499 3378 iic?
535 3359 564 3379 G.
582 3353 782 3387 propemodum.
804 3360 834 3380 Α.
854 3353 919 3387 quid
939 3353 955 3379 11
971 3351 1020 3378 sic?
1049 3358 1079 3379 G.
1095 3352 1131 3378 sat
1143 3361 1179 3385 90
1193 3353 1301 3380 diceret.
1352 3352 1424 3380 Idem
1438 3352 1470 3379 de
1484 3354 1576 3388 Legib.
1591 3363 1614 3387 3,
1629 3363 1657 3386 23
1678 3364 1699 3380 c.
1716 3363 1743 3380 io
1767 3355 1821 3387 Ego
1835 3356 1906 3380 enim
1920 3356 2006 3382 fateor
2019 3357 2047 3382 in
2061 3357 2107 3383 ista
2122 3359 2176 3392 ipsa
2191 3368 2236 3393 po-

102 3382 150 3422 est.-
186 3383 256 3424 idem
269 3385 333 3410 hun.
349 3393 371 3417 5,
385 3393 408 3416 2,
421 3388 450 3416 36
473 3387 544 3420 Quid
563 3387 579 3414 su
595 3389 643 3414 hoc
658 3389 789 3423 quispiam
802 3389 889 3415 voluit
906 3388 985 3416 deus?
1057 3387 1130 3420 Quid
1192 3389 1282 3416 testate
1296 3390 1373 3416 inesse
1382 3389 1505 3423 quiddam
1516 3389 1588 3416 mali.
1627 3391 1657 3416 Ει
1665 3390 1697 3416 de
1706 3391 1778 3416 Orat.
1789 3399 1812 3420 2,
1826 3397 1874 3422 298
1883 3399 1904 3416 c.
1914 3399 1947 3423 74
1966 3391 2018 3418 Cui
2034 3393 2160 3427 quiddam
2176 3404 2236 3428 por-

100 3418 152 3445 tubt
171 3419 288 3459 videtur:
303 3420 398 3460 ’adeon’
416 3421 446 3446 ad
467 3425 541 3449 eum?
553 3424 620 3450 Ter.
635 3424 713 3450 Andr.
728 3433 754 3458 2,
768 3434 788 3458 1,
804 3433 839 3459 17.
892 3424 973 3450 Plaut.
989 3423 1092 3450 Mosteu.
1109 3431 1132 3456 3,
1192 3425 1259 3452 tenti
1279 3425 1363 3451 fimile
1382 3426 1430 3452 eise
1448 3426 1534 3452 visum
1555 3425 1599 3452 est.
1638 3422 1645 3431 ⁶
1673 3425 1789 3458 Quidam
1809 3425 1841 3451 de
1855 3426 1964 3460 collegis
1979 3427 2075 3454 nostris
2090 3429 2147 3456 Cic.
2162 3431 2234 3457 Fam.

101 3463 148 3487 3,1
173 3454 245 3495 Qud
260 3455 310 3497 tubi
330 3457 414 3496 vusunuu
429 3455 464 3482 cst
483 3457 530 3484 hoc
546 3460 731 3487 mercimonii?
803 3460 877 3494 Quid
892 3460 998 3486 videtur
1017 3458 1068 3485 tibi
1082 3459 1132 3485 hoc
1194 3469 1225 3491 11,
1241 3469 1278 3487 21.
1317 3463 1375 3487 Non
1394 3465 1544 3493 communit,
1558 3461 1606 3496 fid
1623 3465 1748 3488 nominare
1768 3471 1815 3486 mm
1833 3463 1887 3487 vult
1906 3464 1958 3488 alia
1974 3464 2003 3489 de
2022 3464 2102 3499 causta
2139 3467 2238 3492 Ceu-tum

101 3491 278 3530 mancupium?
298 3491 359 3517 Fer.
375 3492 438 3518 bun.
460 3500 482 3524 2,
495 3501 518 3523 ι,
531 3502 570 3526 4²·
591 3498 609 3521 i,
630 3497 717 3530 quale?
787 3495 860 3529 Qud
873 3496 913 3522 vis
927 3495 996 3522 tibi?
1009 3502 1052 3521 aut
1067 3493 1131 3529 quid
1191 3503 1215 3522 et
1227 3497 1415 3523 determinatum
1433 3497 1532 3523 tlt-notat
1552 3499 1632 3529 aliar,
1653 3504 1681 3523 υι
1696 3498 1752 3523 Cic.
1769 3497 1800 3522 de
1813 3497 1886 3524 Orat.
1903 3506 1922 3529 u,
1937 3503 1977 3529 183
2008 3501 2083 3532 Quae
2098 3500 2116 3526 11
2137 3501 2235 3528 iudica—

101 3527 220 3566 quaerlsss
236 3525 306 3552 Idem
323 3528 417 3567 Heaut.
432 3536 449 3557 Ι,
463 3537 483 3559 1,
497 3536 521 3559 9·
538 3563 544 3568 ι
587 3531 654 3557 Ter.
669 3532 732 3557 Hec.
751 3539 773 3565 5,
787 3541 808 3564 3,
823 3541 841 3558 1u
875 3532 988 3565 Propere
1006 3539 1082 3557 curre
1100 3529 1131 3556 ad
1144 3537 1176 3564 95
1190 3538 1282 3558 rentur
1293 3533 1371 3559 certis
1384 3533 1541 3567 quibusdam
1553 3532 1659 3564 verbus,
1678 3542 1731 3558 non
1745 3533 1824 3558 nouis
1837 3533 1938 3566 nuptiis
1953 3534 2012 3561 ficri
2026 3545 2085 3561 cum
2099 3537 2236 3571 superiore

102 3561 275 3595 Panuphuluunu.
289 3568 313 3588 1‘.
327 3563 391 3597 quid
404 3564 454 3589 eo?
473 3569 500 3588 Ι).
519 3563 560 3590 due
570 3574 611 3592 me
623 3575 700 3594 orare
719 3573 748 3594 vt
761 3568 859 3593 veniat.
879 3570 898 3593 i.
916 3568 1020 3601 Propter
1035 3565 1096 3601 quui
1106 3575 1130 3591 ca
1191 3567 1351 3594 diuortium.
1422 3568 1495 3594 Idem
1514 3569 1547 3594 de
1563 3568 1651 3594 finib.
1669 3578 1697 3600 4,
1711 3576 1741 3599 23
1773 3568 1864 3594 Sumus
1884 3570 1966 3603 igitur
1980 3570 2116 3598 homines:
2135 3581 2167 3598 ex
2180 3574 2237 3600 ani-

100 3599 143 3622 vi5
159 3606 194 3637 nie
211 3600 255 3622 irc.
311 3597 460 3639 Iststiuuantis
472 3599 608 3638 aul-exitum
620 3602 734 3636 formula
752 3602 785 3635 23st
807 3603 875 3629 Ter.
890 3602 995 3629 Pluorm.
1019 3611 1037 3632 u,
1056 3610 1081 3633 2,
1101 3609 1130 3633 25
1191 3612 1244 3634 mo,
1262 3604 1409 3630 constamus
1431 3610 1456 3630 ct
1482 3612 1608 3639 corpore:
1637 3612 1704 3638 quae
1721 3604 1782 3629 sunt
1799 3604 1936 3632 cuiun-udam
1953 3606 2048 3637 modi,
2074 3610 2092 3633 ι’.
2120 3609 2179 3634 Issou
2197 3618 2238 3636 cu.

101 3632 185 3666 Coepi
199 3629 333 3660 aduersari
351 3643 451 3669 pruno:
471 3634 534 3668 quud
554 3635 640 3663 verbus
661 3647 726 3672 opus
742 3638 793 3665 est?
820 3639 874 3665 seni
889 3638 972 3665 fidelis
987 3637 1050 3664 duum
1065 3638 1131 3669 suun,
1189 3639 1295 3665 iuslu'bct.

101 3668 213 3702 scapulas
228 3669 338 3709 perdidi.
380 3671 466 3696 Vtitur
475 3669 546 3709 Idem
556 3670 632 3698 Andr.
647 3681 700 3706 1,1,
713 3681 756 3708 72.
795 3674 889 3700 Similis
902 3673 934 3707 ql}
944 3674 1043 3709 forma,
1057 3672 1131 3705 Quid
1228 3682 1249 3699 o
1258 3681 1393 3701 quEM.
1421 3673 1490 3701 Adu.
1526 3676 1604 3708 [με’ν,
1627 3675 1685 3706 ἵέν,
1705 3675 1787 3708 νὲτω]
1824 3675 1892 3702 Idem
1919 3676 1984 3713 quod
2006 3677 2076 3703 Certe
2099 3676 2236 3714 figmfifflb

105 3703 201 3743 multa?
273 3705 327 3731 Cic.
343 3706 395 3732 Ate.
410 3714 429 3735 1,
444 3715 470 3746 ¹⁰.
499 3706 523 3731 Su
541 3715 653 3739 vnquam
669 3709 735 3735 mihi
757 3709 938 3744 ἐπιχειρήματα
953 3699 1365 3746 Γυρρεάἰεειιιε-ιοοῂιίῗιείἱιιηξῖα
1378 3710 1438 3745 fer-s
1455 3712 1539 3746 aliqua
1559 3712 1598 3736 vc!
1617 3708 1693 3741 tlzflaen
1714 3713 1784 3736 uenti:
1803 3715 1916 3744 notione,
1936 3722 2006 3748 quam
2023 3713 2119 3739 indicat
2133 3715 2238 3749 ‚liquens

105 3745 181 3778 runt,
195 3739 240 3765 ullo
252 3745 378 3774 tempore.
414 3741 488 3774 Quid
503 3741 599 3782 multa?
620 3742 744 3772 clamores
759 3746 825 3771 tanti
840 3745 957 3777 fuerunt,
971 3751 999 3771 vt
1011 3753 1060 3779 ego
1076 3744 1133 3770 brc-
1194 3752 1296 3776 autem,
1309 3748 1351 3772 vel
1360 3746 1471 3779 fimitis,-
1490 3748 1530 3771 vel
1546 3719 1712 3781 reltru'ngcuztfi
1723 3746 1750 3807 lJ]
1771 3747 1918 3781 exmpiendu'.
1956 3749 2070 3783 Exempla
2091 3758 2139 3775 rem
2159 3750 2238 3775 decla-

105 3773 239 3805 vuor-sum,
258 3775 328 3809 quod
349 3785 392 3803 eos
405 3786 486 3812 vsque
504 3777 599 3803 isthinc
619 3779 751 3807 exauditos
770 3787 868 3814 putem.
923 3783 998 3807 Plane
1012 3783 1050 3806 ita
1066 3781 1132 3805 Hor.
1194 3781 1294 3807 rabum.
1330 3781 1461 3815 Quinflil.
1484 3781 1510 3807 in
1524 3781 1621 3807 infami
1636 3783 1652 3807 s.
1668 3782 1721 3807 Dec
1736 3802 1742 3808 .
1761 3787 1795 3813 18,
1814 3790 1839 3814 13
1854 3790 1918 3809 extr.
1954 3783 2111 3817 Torquuebis
2130 3785 2237 3818 quidem

106 3808 187 3834 Serm-
203 3817 221 3839 Ι,
233 3812 259 3842 6,
274 3816 316 3851 823
331 3815 360 3838 it.
384 3821 406 3845 2,
424 3816 450 3845 6,
469 3818 504 3845 83-
543 3814 572 3839 Et
589 3813 667 3847 Epist.
688 3823 709 3847 ι,
725 3823 750 3849 7,
764 3818 806 3843 62.
845 3816 931 3842 Eadem
949 3820 1046 3842 ratione
1066 3815 1134 3841 cluxut
1195 3816 1296 3847 filium,
1313 3817 1357 3843 sed
1371 3816 1498 3843 fatebitur
1512 3823 1603 3842 mater.
1657 3818 1712 3843 Cic.
1731 3817 1783 3844 Off.
1798 3826 1820 3849 3,
1833 3826 1863 3850 39
1876 3828 1898 3844 c.
1913 3826 1929 3849 9
1954 3820 2035 3853 Atqui
2050 3819 2099 3845 hoc
2113 3819 2240 3854 locophi-

106 3845 157 3884 fiat.
173 3849 228 3884 ¹’.⁸²
239 3855 274 3878 40
293 3846 396 3886 Singula
409 3848 473 3882 quid
491 3850 652 3875 memorem?
721 3851 776 3878 Cic.
789 3850 842 3878 Off.
858 3862 877 3884 ς,
891 3860 921 3883 ς9
934 3861 954 3877 c.
968 3860 998 3884 ¹4
1019 3852 1134 3877 Grauuate
1196 3852 1302 3886 losophi
1321 3851 1444 3886 quidam,
1457 3854 1568 3878 minume
1586 3852 1648 3879 mali
1671 3853 1711 3878 illi
1734 3850 1857 3888 quidem,
1878 3853 1920 3879 sed
1941 3863 1994 3881 non
2015 3855 2075 3880 satis
2096 3856 2179 3887 acuti,
2194 3863 2240 3881 etc.

105 3879 153 3906 uie
164 3888 266 3914 primo:
283 3883 347 3917 quud
361 3884 458 3911 multa?
476 3885 608 3919 impetrat.
662 3883 734 3912 Idem
745 3887 798 3914 Att.
811 3896 832 3921 1,
847 3893 860 3919 8
886 3887 959 3921 Quid
975 3887 1076 3915 multa?
1090 3896 1134 3913 vc·
1147 3887 1270 3923 105Idem
1282 3888 1315 3914 ad
1330 3890 1401 3914 Brut.
1417 3897 1440 3918 ις
1467 3888 1587 3921 Suspicor
1604 3888 1673 3915 illud
1687 3888 1739 3915 tibi
1757 3889 1844 3915 nuinus
1857 3889 1981 3922 probari,
2001 3889 2073 3924 quod
2089 3890 2122 3917 ab
2140 3892 2192 3916 tuis
2206 3891 2244 3916 fa-

1393 3924 1412 3949 F.
1449 3932 1461 3949 ζ
2157 3925 2243 3952 milia-
